2528 4530
265 272 382 327 nmen
399 272 525 342 xxva,
544 273 586 326 aa.
607 273 757 342 [ausos]
961 263 1024 328 357

80 432 139 496 ulis
157 429 266 506 unius,
293 429 422 494 vulnere
445 428 572 494 alterius
594 429 743 494 iniectum
765 452 836 496 esse
858 441 960 510 ratus,
985 456 1026 498 ne
1065 435 1068 439 ⁴

80 527 196 590 leesset
214 522 385 600 occasioni,
410 533 513 588 eastra
529 523 563 588 in
581 523 750 602 tumulum,
773 524 806 588 in
824 547 887 609 quo
904 548 1027 613 pugna-

84 630 167 696 erat‚
186 616 344 704 extemplo
363 617 521 681 transfert.
558 616 602 681 ibi
618 617 782 682 inventum
795 618 942 685 Marcelli
959 642 1060 688 cor-2

80 712 201 799 sepelit.
239 709 420 796 Crispinus,
439 722 471 776 et
484 722 584 776 morte
602 711 753 797 conlegae
772 723 804 778 et
822 735 880 779 suo
898 714 1027 779 vulnere

80 818 141 884 tus,
161 805 284 871 silentio
300 805 495 889 insequentis
509 806 610 870 noctis
623 807 800 891 profectus,
819 830 898 892 quos
912 833 1029 896 proxu-

91 912 226 966 nanctus
249 911 299 965 est
311 900 450 987 montis,
472 900 506 964 in
523 900 561 964 iis
580 900 649 965 loco
668 899 731 966 alto
750 912 783 966 et
800 912 867 968 tuto
889 903 1028 988 undique

80 1021 104 1060 *a
126 996 241 1082 posuit.
285 995 330 1059 ibi
352 996 415 1060 duo
438 996 534 1059 duces
559 993 714 1082 sagaciter
735 995 814 1061 moti
836 1009 922 1076 sunt,
950 999 1061 1064 alters

80 1090 270 1167 rferendam,
289 1088 368 1153 alter
386 1089 427 1153 ad
445 1090 618 1154 cavendam
633 1088 787 1154 fraudem.
823 1091 925 1157 anulis
938 1092 1028 1156 Mar·
1046 1111 1063 1156 4

89 1184 183 1248 simul
203 1205 275 1248 oum
293 1204 422 1269 corpore
436 1183 599 1248 Hannibal
612 1183 730 1268 potitus
746 1194 822 1248 erat.
859 1185 926 1250 eius
946 1186 1030 1272 signi

80 1301 105 1342 re
128 1301 169 1343 ne
192 1276 242 1341 cui
260 1276 351 1342 dolus
369 1286 547 1342 necteretur
565 1301 585 1340 a
599 1276 710 1343 Poeno
728 1286 886 1357 metuens,
906 1277 1029 1365 Crispi-

93 1372 177 1436 circa
203 1370 345 1435 civitates
373 1370 534 1456 proximas
561 1370 690 1436 miserat
715 1371 857 1450 nuntios,
890 1373 1029 1438 occisum

80 1491 167 1554 egam
184 1489 256 1531 esse
274 1465 439 1548 anulisque
458 1465 525 1531 eius
543 1464 667 1530 hostem
685 1465 834 1552 potitum:
853 1490 894 1532 ne
913 1467 1027 1551 quibus

80 1562 111 1626 is
131 1560 294 1626 crederent
311 1559 438 1624 nomine
450 1558 597 1624 Marcelli
616 1560 807 1645 compositis.
842 1562 937 1647 paulo
956 1574 1028 1627 ante
1047 1582 1063 1629 5

80 1654 206 1719 nuntius
231 1654 369 1720 consulis
395 1651 557 1738 Salapiam
579 1664 722 1731 venerat,
751 1676 823 1719 cum
843 1656 966 1722 litterae
989 1658 1029 1722 ab

80 1750 182 1813 nibale
205 1749 319 1813 allatae
342 1757 416 1812 sunt
436 1746 583 1812 Marcelli
609 1748 735 1814 nomine
758 1750 966 1836 compositae:
995 1774 1030 1816 se

80 1867 92 1908 e
111 1865 192 1927 quae
210 1843 294 1907 diem
306 1843 395 1906 illum
410 1852 557 1906 secutura
570 1852 656 1907 esset
671 1839 834 1931 Salapiam
847 1855 1014 1910 venturum
1019 1871 1029 1923 ;

82 1936 142 2024 nti]
171 1936 285 2001 milites
313 1945 434 2012 essent,
462 1935 574 2018 quiin
600 1936 758 2022 praesidio
786 1949 889 2017 erant,
917 1937 944 2002 si
966 1959 1030 2022 quo

80 2055 97 2096 a
120 2054 228 2095 eorum
251 2053 331 2116 opus
354 2040 449 2094 esset.
494 2052 622 2094 sensere
641 2028 818 2117 Salapitani
835 2033 980 2098 fraudem
998 2044 1030 2098 et
1047 2052 1062 2100 6

80 2149 115 2189 ra
140 2148 204 2190 non
227 2124 413 2188 defectionis
435 2123 544 2201 modo,
573 2124 630 2188 sed
654 2125 748 2188 etiam
772 2125 913 2208 equitum
934 2126 1031 2192 inter-

80 2243 156 2284 ›rum
185 2219 245 2283 rati
276 2217 475 2284 occasionem
505 2216 651 2303 supplicii
676 2218 755 2305 peti,
785 2220 919 2285 remisso
945 2232 1063 2285 retrot

79 2315 111 2379 io
128 2354 154 2363 -
171 2314 307 2399 perfuga
324 2323 429 2377 autem
446 2313 611 2376 Romanus
631 2324 698 2377 erat
713 2350 750 2389 -,
773 2323 809 2376 ut
827 2313 894 2376 sine
913 2312 1030 2378 arbitro

81 2431 116 2473 es
136 2429 216 2490 quae
234 2406 353 2473 vellent
370 2416 514 2493 agerent,
534 2405 710 2491 oppidanos
728 2427 786 2491 per
802 2428 909 2470 muros
927 2407 1031 2470 urbis-

90 2516 267 2588 opportuna
292 2500 363 2567 loca
388 2501 421 2563 in
445 2499 632 2564 stationibus
656 2499 840 2585 disponunt,
869 2499 1063 2565 custodias8

79 2597 189 2679 iasque
211 2595 245 2659 in
262 2617 333 2660 eam
350 2606 476 2659 noctem
493 2593 645 2657 intentius
663 2592 835 2670 instruunt,
858 2591 941 2657 circa
957 2615 1031 2679 por-

114 2695 176 2773 qua
201 2698 369 2754 venturum
394 2689 520 2752 hostem
545 2687 705 2764 rebantur,
737 2685 822 2769 quod
846 2686 969 2751 roboris
996 2686 1031 2751 in

80 2784 159 2851 sidio
183 2794 251 2849 erat
271 2794 443 2870 opponunt.
488 2780 652 2846 Hannibal
676 2793 788 2865 quarta
805 2780 914 2869 vigilia
931 2782 1030 2848 ferme
1048 2797 1073 2862 9,

80 2880 172 2943 rbem
190 2878 333 2943 accessit.
368 2874 462 2964 primi
480 2876 616 2962 agminis
635 2886 725 2941 erant
740 2875 895 2964 perfugae
912 2876 1032 2942 Roma-

80 2997 115 3037 m
133 2983 164 3038 et
182 2996 270 3037 arma
285 2973 433 3037 Romana
449 2971 619 3037 habebant.
654 2971 691 3048 ii,
709 2970 764 3034 ubi
783 2971 823 3034 ad
840 2980 965 3057 portam
983 2982 1032 3036 est

80 3093 146 3147 um,
164 3068 281 3133 Latine
300 3089 409 3133 omnes
427 3067 593 3151 loquentes
612 3066 750 3132 excitant
766 3065 879 3151 vigiles
903 3065 1031 3150 aperiri-

85 3174 211 3249 portam
232 3162 355 3227 iubent:
383 3161 546 3226 consulem
569 3161 692 3225 adesse.
736 3158 849 3244 vigiles
877 3157 965 3222 velut
991 3158 1032 3222 ad
1051 3175 1082 3222 10

80 3280 242 3322 meorum
263 3255 390 3321 excitati
412 3253 609 3332 tumultuari,
638 3252 807 3339 trepidare,
834 3250 938 3316 moliri
958 3274 1032 3337 por-

115 3361 272 3416 cataracta
290 3349 411 3415 deiecta
429 3348 537 3414 clausa
555 3357 631 3412 erat.
667 3368 739 3410 eam
755 3345 870 3430 partim
887 3344 1030 3410 vectibus

80 3456 125 3523 nt,
151 3444 266 3531 partim
288 3444 417 3509 funibus
441 3443 621 3508 subducunt
642 3440 675 3504 in
698 3449 820 3504 tantum
846 3438 1030 3517 altitudinis,

80 3539 161 3604 ubire
183 3550 268 3604 recte
290 3547 431 3625 possent
476 3536 607 3600 vixdum
626 3533 702 3599 satis
720 3533 850 3620 patebat
866 3533 935 3611 iter,
959 3550 1079 3598 cumn

80 3658 157 3721 agae
183 3632 327 3699 certatim
350 3642 447 3696 ruunt
472 3654 529 3718 per
554 3641 693 3715 portam3
729 3639 762 3693 et
790 3649 863 3692 eum
895 3627 1031 3692 sescenti

80 3750 103 3793 te
121 3727 306 3804 intrassent,
320 3725 457 3790 remisso
475 3725 566 3802 fune,
589 3745 651 3807 quo
669 3744 825 3807 suspensa
841 3731 922 3798 erat,
947 3729 1032 3784 cata-

80 3845 92 3886 ι
125 3843 242 3908 magno
278 3819 383 3886 sonitu
418 3818 539 3884 cecidit.
589 3815 765 3903 Salapitani
796 3814 849 3880 alii
879 3813 1030 3902 perfugas
1050 3833 1080 3880 12

80 3925 210 4003 egenter
228 3937 268 3980 ex
284 3914 395 3980 itinere
414 3935 570 4000 suspensa
586 3910 719 3988 umeris,
740 3920 777 3974 ut
791 3909 873 3975 inter
889 3920 1030 3996 pacatos,

81 4011 144 4075 ntis
164 4032 252 4074 arma
268 4009 436 4086 invadunt,
455 4007 508 4072 alii
526 4029 543 4071 e
562 4005 639 4070 turri
657 4004 724 4069 eius
741 4013 851 4091 portae
869 4003 1030 4087 murisque
