2528 4514
336 216 455 279 nmen
470 218 556 287 xm,
573 221 617 277 sc.
629 220 673 276 4⁷.
693 223 731 290 [a
742 217 773 276 e.
781 220 846 294 218]
1065 213 1110 279 39

62 372 308 455 {circumventos
335 376 502 457 vidissent,
534 377 598 444 iam
624 400 741 465 magna
767 401 807 444 ex
832 388 920 466 parte
947 382 988 446 ad
1013 383 1112 470 pedes

93 494 182 562 pugne
200 480 352 550 venerat,
379 471 480 537 donec
501 471 673 551 Numidae,
701 473 756 557 qui
780 473 813 538 in
840 475 987 542 comibus
1014 488 1147 558 erantr

99 566 279 633 dronmrecti
305 564 436 653 paulum
462 563 503 631 ab
530 575 619 653 tergo
646 589 681 631 se
708 566 921 634 ostenderunt.
960 570 988 635 is
1013 593 1113 658 pavor

99 660 205 749 pnculit
212 660 396 739 Romanos,
414 660 564 745 auxitque
578 681 729 746 pavorem
743 660 880 727 consulis
899 663 1013 730 vulnus
1031 667 1114 752 peri-

83 754 243 841 utumque
274 756 453 821 intercursu
483 766 551 821 tum
581 754 718 841 primum
744 753 946 841 pubescentis
972 758 1017 823 fili
1042 759 1113 845 pul·

143 944 205 1011 llic
230 945 292 1011 erit
317 944 456 1023 iuvenis,
481 966 580 1032 penes
602 965 699 1029 quem
723 944 854 1030 perfecti
880 943 1012 1012 huiusne
1039 948 1146 1019 bellis

106 1068 145 1095 a:
166 1049 227 1120 est,
249 1037 425 1106 Africanus
445 1039 486 1105 ob
505 1039 667 1127 egregium
688 1039 851 1105 victoriam
873 1039 913 1106 de
931 1040 1113 1110 Hannibale

98 1128 257 1220 Poenisque
292 1134 480 1221 appellatus.
523 1134 604 1222 fuga
637 1143 742 1200 tamen
773 1133 876 1200 effirsa
905 1135 1146 1209 iaculatorumo

99 1246 223 1295 nomime
249 1228 326 1308 fuit,
357 1250 438 1314 quos
462 1229 583 1316 primos
608 1228 766 1296 Numidae
795 1230 987 1295 invaserunt.
1032 1232 1112 1298 nlius

99 1354 136 1379 n·
155 1334 235 1390 artus
262 1323 420 1409 equitatus
446 1325 609 1391 consulem
635 1325 669 1390 in
694 1323 834 1390 medium
860 1334 1026 1411 acceptum
1049 1349 1113 1392 non

97 1446 152 1478 so
164 1448 169 1475 2
185 1417 289 1497 nodo,
309 1419 474 1485 sedetiam
488 1416 672 1506 corporibus
687 1418 753 1485 suis
771 1428 940 1506 protegens
958 1419 992 1484 in
1010 1431 1114 1486 castra

99 1534 233 1602 famam
255 1511 378 1599 trepide
399 1533 502 1598 neque
529 1513 631 1580 effuse
657 1513 798 1579 cedendo
823 1513 959 1579 reduxit.
997 1516 1113 1581 servati
1132 1537 1165 1584 10

111 1635 138 1660 u
150 1636 170 1661 2·
203 1638 209 1663 :
233 1607 331 1672 decus
351 1605 479 1673 Coelius
501 1608 544 1673 ad
567 1629 694 1673 servum
710 1607 837 1673 natione
854 1606 1011 1694 Ligurem
1028 1609 1114 1674 dele·

144 1722 154 1779 3
175 1700 281 1766 mnlim
302 1700 449 1785 equidem
470 1701 511 1767 de
533 1701 598 1781 filio
617 1723 727 1767 verum
746 1722 831 1780 esse,
854 1702 939 1786 quod
958 1710 989 1767 et
1006 1702 1111 1788 plnres

100 1803 114 1844 ’τ’
129 1793 232 1860 odere
249 1804 394 1872 auctores
415 1796 549 1861 etfama
566 1793 710 1862 obtinuit.

105 1936 108 1943 -
150 1889 370 1958 XXXXVII.
409 1890 485 1958 Hoc
502 1892 640 1978 primum
662 1913 736 1956 cum
753 1890 935 1958 Hannibale
957 1892 1112 1979 proelium
1132 1914 1145 1960 1

105 1978 161 2063 init,
182 2006 243 2069 qno
267 1985 363 2051 facile
388 1986 534 2072 apparuit
558 1995 592 2051 et
617 1985 758 2070 equitatu
783 1986 944 2052 meliorem
966 1985 1112 2052 Poenum

107 2094 159 2142 esse
172 2089 200 2144 et
214 2078 255 2144 ob
272 2079 308 2144 id
330 2101 460 2166 campos
482 2079 634 2166 patentis,
660 2079 771 2163 quales
795 2090 868 2144 sunt
889 2079 971 2145 inter
986 2078 1112 2145 Padum

101 2166 256 2258 Alpesque,
275 2173 361 2239 bello
379 2174 518 2262 gerendo
530 2173 685 2240 Romanis
703 2181 794 2259 aptos
812 2196 874 2238 non
893 2195 974 2238 esse.
1005 2174 1111 2259 itaque
1131 2195 1145 2242 o

99 2265 219 2357 ¹lttttxinm
231 2277 325 2334 nocte
338 2268 435 2334 iussis
448 2267 599 2334 militibus
613 2290 692 2333 vasa
706 2268 829 2333 silentio
844 2268 1001 2353 conligere
1010 2279 1114 2334 eastra

101 2354 141 2427 Ab
153 2357 247 2428 lirino
270 2371 358 2428 mota
375 2362 621 2448 festinatumque
639 2362 681 2426 ad
697 2360 822 2426 Padum
842 2370 904 2438 est,
929 2372 966 2425 ut
982 2360 1111 2438 ratibus,

108 2451 193 2535 qubus
212 2458 359 2522 iunxerat
381 2458 515 2536 flumen,
542 2458 683 2523 nondum
709 2454 855 2521 resolutis
883 2456 950 2520 sine
976 2453 1113 2519 tumultu

101 2555 175 2633 'etque
194 2550 399 2618 insectatione
423 2551 523 2619 hostis
546 2553 653 2639 copias
677 2551 830 2616 traiceret.
870 2551 957 2636 p1ius
979 2548 1147 2616 Placen-3

101 2640 160 2709 ffim
172 2667 341 2732 pervenere
360 2669 456 2732 quam
474 2646 551 2713 satis
570 2647 664 2712 sciret
676 2644 840 2711 Hannibal
858 2644 898 2710 ab
912 2643 1024 2709 Ticino
1041 2665 1114 2731 pro-

101 2732 193 2805 tectos:
218 2749 326 2806 tamen
348 2741 389 2807 ad
412 2749 577 2807 sexcentos
600 2750 792 2806 moratorum
818 2740 852 2804 in
878 2738 1020 2805 citeriore
1045 2738 1115 2824 ripa

100 2822 163 2898 Padi
177 2835 316 2922 segniter
331 2844 432 2900 ratem
450 2835 608 2901 solventes
626 2835 718 2921 cepit.
754 2834 887 2898 transire
904 2841 1033 2919 pontem
1049 2856 1114 2898 non

100 2927 191 3009 penit,
213 2939 251 2995 ut
267 2938 409 2996 extrema
425 2929 564 2996 resoluta
582 2938 685 3007 erant,
708 2938 775 2993 tota
796 2937 863 2994 rate
884 2929 918 2992 in
942 2928 1114 2994 secundam

100 3036 193 3103 equam
214 3021 351 3090 labente.
392 3023 522 3091 Coelius
545 3034 654 3090 auctor
677 3032 726 3089 est
743 3021 918 3111 Magonem
936 3044 1009 3088 cum
1027 3025 1149 3107 equi-4

101 3116 152 3180 leto
174 3126 204 3183 et
224 3118 382 3206 Hispanis
408 3119 568 3206 peditibus
594 3120 712 3185 flumen
738 3117 896 3204 extemplo
922 3127 1112 3193 transnasse,

101 3200 185 3291 ipsum
208 3211 426 3279 Hannibalem
454 3236 511 3300 per
536 3213 699 3301 superiora
723 3210 805 3277 Padi
831 3212 914 3276 vada
943 3210 1114 3275 exercitum

102 3303 257 3372 bonnm
274 3306 451 3393 elephantis
468 3309 503 3373 in
520 3309 662 3374 ordinem
675 3307 717 3372 ad
731 3305 948 3373 sustinendum
961 3304 1115 3390 impetum

101 3391 217 3467 hminis
240 3401 404 3488 oppositis.
441 3424 480 3469 ea
502 3402 610 3488 peritis
636 3403 737 3467 amnis
760 3401 828 3465 eius
846 3399 902 3464 vix
918 3399 1014 3464 fidem
1031 3399 1149 3468 fece-5

102 3487 160 3571 rint,
174 3517 249 3561 nam
265 3516 370 3581 neque
387 3497 509 3582 equites
527 3497 623 3563 armis
641 3497 794 3580 equisque
808 3493 904 3560 salvis
918 3503 1037 3560 tantam
1050 3495 1114 3558 vim

102 3578 217 3655 tunnis
236 3611 404 3677 superasse
422 3592 490 3657 veri
507 3593 608 3659 simile
627 3600 690 3669 est,
709 3600 744 3654 ut
757 3590 820 3655 iam
834 3589 997 3675 Hispanos
1011 3588 1113 3654 omnis

100 3672 180 3747 inlati
196 3685 389 3760 travexerint
405 3695 506 3765 utres,
524 3696 556 3751 et
573 3685 742 3750 multorum
756 3684 877 3749 dierum
891 3683 1022 3749 circuitu
1033 3681 1116 3749 Padi

99 3773 165 3841 teda
183 3778 323 3863 petenda
344 3778 475 3859 fuerint,
502 3802 567 3865 qua
588 3779 743 3845 exercitus
765 3779 871 3864 gravis
893 3777 1115 3863 inpedimentis

98 3869 203 3937 caduci
214 3883 334 3958 posset.
360 3875 498 3961 potiores
516 3884 593 3961 aput
610 3896 661 3939 me
679 3883 822 3938 auctores
841 3881 929 3950 sunt,
947 3873 1002 3956 qui
1018 3871 1115 3938 biduo
1133 3894 1149 3941 e

96 3959 139 4028 τὰ
148 3964 254 4033 locum
266 3977 335 4034 rste
347 3968 508 4056 iungendo
521 3969 644 4035 flumini
655 3970 819 4034 inventum
832 3967 972 4046 tradunt,
991 3990 1030 4034 ea
1042 3990 1115 4034 cum
