2528 4530
186 223 257 290 162.
416 233 536 290 LIBER
552 230 668 302 XXIII,
687 231 731 287 47.
745 231 788 288 48.
809 235 847 301 [a
856 246 885 287 u.
895 246 919 287 c.
928 229 995 301 639]

152 397 217 467 rin
234 393 387 471 fossam’,
415 413 496 476 quae
518 412 582 456 vox
603 390 637 455 in
658 390 812 455 rusticum
832 391 905 455 inde
927 389 1133 476 proverbium
1153 414 1227 481 pro-

185 491 290 556 ditast.
337 486 506 564 Claudius,
534 507 607 550 cum
625 507 663 549 ea
680 483 732 549 via
753 484 848 571 longe
865 484 1111 570 perequitasset,
1138 488 1228 554 nullo

185 584 280 650 obvio
296 582 388 648 hoste
405 580 439 645 in
453 601 600 664 campum
617 601 726 643 rursus
741 588 869 644 evectus
882 578 1049 664 increpans
1062 579 1227 667 ignauam

184 678 285 744 hostis
305 699 377 742 oum
395 696 511 762 magno
529 673 646 761 gaudio
669 683 700 739 et
722 672 930 760 gratulatione
952 675 1053 741 victor
1069 674 1104 741 in
1123 686 1228 744 castra

150 773 273 841 eredit.
318 770 393 834 huic
409 790 535 855 pugnae
554 767 691 851 equestri
713 790 780 833 rem
797 790 937 852 -quam
954 790 1030 834 vera
1053 768 1111 849 sit,
1139 793 1226 837 com-

184 867 289 933 munis
312 862 434 949 (certe)
457 861 646 927 existimatio
669 871 761 926 est-
778 861 954 929 mirabilem
977 871 1062 929 certe
1085 864 1225 931 adiciunt

185 960 316 1045 quidam
342 957 486 1024 annales:
523 979 596 1022 cum
621 955 832 1042 refugientem
858 957 900 1022 ad
925 957 1037 1024 urbem
1064 958 1223 1026 Tauream

187 1054 341 1122 Claudius
360 1060 555 1137 sequeretur,
574 1051 693 1138 patenti
706 1051 845 1117 hostiurn
862 1061 971 1138 portae
989 1052 1152 1120 invectum
1169 1078 1224 1143 per

186 1149 315 1215 alteram
335 1146 533 1233 stupentibus
551 1146 703 1210 miraculo
721 1144 865 1211 hostibus
882 1146 1035 1214 intactum
1054 1150 1204 1218 evasisse.

152 1266 166 1313 1
251 1239 497 1309 XXXXVIII.
535 1238 652 1322 Quieta
663 1238 737 1304 inde
751 1240 865 1305 stativa
878 1240 966 1307 fuere
980 1263 1018 1306 ac
1031 1251 1116 1309 retro
1129 1244 1219 1311 etiam

186 1337 298 1405 consul
314 1335 413 1400 movit
430 1344 546 1412 eastra,
570 1343 605 1398 ut
623 1343 795 1399 sementem
815 1331 971 1421 Campani
987 1335 1143 1417 facerent,
1164 1359 1222 1407 nec

186 1441 260 1498 ante
277 1429 406 1496 violavit
424 1452 536 1516 agrum
555 1426 755 1513 Campanum
778 1449 874 1513 quam
894 1429 958 1494 iam
976 1428 1057 1495 altae
1080 1431 1114 1495 in
1132 1454 1217 1520 sege-

152 1526 271 1596 atibus
294 1523 411 1590 herbae
433 1521 586 1608 pabulum
602 1521 753 1608 praebere
774 1532 927 1608 poterant
971 1522 1005 1588 id
1028 1526 1215 1595 convexitin

188 1619 365 1687 Claudiana
387 1626 490 1683 castra
512 1638 607 1702 super
630 1615 817 1682 Suessulam
837 1616 944 1701 ibique
966 1616 1099 1684 hiberna
1116 1618 1209 1684 aedili·

187 1713 279 1780 cavit
315 1711 364 1777 M.
385 1710 520 1776 Claudio
537 1710 718 1796 proconsuli
734 1710 913 1797 imperavit,
932 1720 966 1775 nt
984 1720 1107 1778 retento
1122 1711 1208 1778 Nolae
1255 1756 1261 1803 Ξ

186 1805 366 1873 necessario
393 1804 435 1870 ad
465 1805 613 1869 tuendam
641 1803 751 1870 urbem
776 1804 933 1890 praesidio
959 1815 1081 1872 ceteros
1108 1806 1206 1871 militet
1249 1802 1254 1843 ἶ

187 1900 356 1965 dimitteret
363 1898 514 1974 Romam,
532 1920 574 1962 ne
592 1897 680 1962 oneri
697 1898 790 1964 sociis
809 1907 840 1962 et
858 1899 998 1983 sumptui
1015 1899 1204 1988 reipublicae
1235 1932 1245 1975 ·.

153 2002 302 2064 cessent.
347 2003 379 2058 et
405 1991 455 2057 Ti.
480 1989 644 2058 Gracchus
672 2017 691 2058 a
714 1991 825 2058 Cumis
848 1993 1018 2059 Luceriam
1043 1993 1079 2059 in
1102 1992 1202 2080 Apuli·
1247 2008 1250 2019 '

186 2087 328 2175 legiones
346 2107 419 2152 cum
437 2086 590 2165 duxisset,
609 2086 657 2153 M.
667 2085 830 2153 Valerium
847 2087 921 2153 inde
933 2098 1110 2174 praetorem
1118 2089 1202 2154 Bma
1227 2108 1247 2175 j

187 2183 302 2248 disium
330 2204 403 2247 cum
428 2203 466 2247 eo
492 2203 586 2266 quem
608 2181 765 2247 Luceriae
791 2181 945 2249 habuerat
970 2185 1110 2251 exercitu
1133 2180 1201 2249 misit
1239 2206 1245 2211 ·

186 2276 329 2361 tuerique
351 2299 437 2342 oram
459 2277 529 2364 agri
547 2273 713 2342 Sallentini
735 2285 767 2341 et
788 2277 953 2363 providere
974 2279 1060 2362 quod
1082 2278 1123 2345 ad
1141 2274 1202 2343 Pli-
1234 2340 1246 2351 ,

186 2372 307 2459 lippum
324 2371 505 2455 bellumque
522 2370 767 2437 Macedonicum
784 2371 938 2437 adtineret
954 2372 1057 2440 iussit.
1239 2454 1246 2461 ι

152 2488 169 2535 4
250 2465 350 2532 Exitu
376 2466 504 2532 aestatis
532 2466 618 2543 eius,
655 2485 718 2548 qua
742 2464 822 2530 haec
850 2474 941 2553 gesta
970 2467 1201 2555 perscripsimu,

187 2560 308 2626 litterae
328 2559 402 2626 aP.
422 2570 453 2626 et
472 2558 533 2626 Cn.
555 2556 758 2645 Scipionibus
775 2569 941 2640 venerunt,
960 2571 1095 2646 quantas
1113 2580 1202 2648 quam·

112 2665 115 2670 '
187 2676 248 2739 que
271 2676 437 2741 prosperas
459 2655 493 2720 in
510 2653 668 2740 Hispania
688 2675 739 2720 res
760 2653 949 2742 gessissentz
976 2656 1034 2722 sed
1055 2655 1202 2743 peomun

186 2750 221 2813 in
246 2749 438 2836 stipendium
463 2749 713 2834 vestimentaque
738 2758 771 2815 et
796 2748 988 2816 frumentum
1015 2750 1202 2818 exercitnid

154 2845 283 2914 csooiis
303 2845 467 2912 navalibus
490 2845 594 2913 omnia
616 2845 738 2911 deesse.
782 2846 868 2930 quod
889 2845 931 2912 ad
953 2845 1144 2933 stipendium
1161 2839 1202 2911 sd·

188 2939 299 3019 tineat,
318 2939 346 3006 si
363 2940 517 3007 aerarium
534 2941 625 3027 inops
644 2940 697 3019 sit,
718 2962 752 3007 se
765 2940 902 3026 aliquam
915 2940 1069 3007 rationem
1080 2941 1201 3011 inituro

189 3033 368 3119 quomodo
390 3034 430 3101 ab
452 3034 607 3123 Hispanis
631 3044 771 3114 sumant3
798 3044 902 3101 cetera
925 3034 1035 3120 utique
1056 3036 1098 3102 ab
1119 3035 1203 3103 Rom

188 3128 339 3195 mittenda
365 3151 436 3196 esse
461 3151 520 3195 neo
545 3129 635 3195 aliter
664 3137 718 3194 aut
744 3129 915 3195 exercitum
945 3137 1001 3195 aut
1027 3127 1203 3217 provisum

156 3245 170 3294 6
188 3224 287 3290 teneri
304 3245 408 3310 posse.
444 3222 555 3289 litteris
571 3222 708 3289 recitatis
726 3245 820 3288 nemo
838 3222 979 3289 omnium
996 3234 1078 3303 erat,
1098 3221 1204 3310 quinat

189 3340 264 3383 vera
286 3317 381 3384 scribi
403 3327 434 3384 et
455 3315 607 3404 postulati
628 3338 730 3402 aequa
751 3316 919 3396 fateretur3
956 3317 1014 3382 sed
1039 3316 1206 3385 occurret-t

190 3411 316 3489 animis,
342 3420 477 3496 quantos
499 3410 653 3476 exercitus
676 3411 830 3477 terrestris
845 3411 1036 3497 navalisque
1062 3420 1208 3479 mamm

190 3515 368 3591 quantaque
386 3527 469 3571 nova
487 3504 597 3571 classis
610 3527 686 3571 mox
701 3506 843 3591 paranda
860 3516 958 3585 esset,
978 3505 1005 3572 si
1022 3504 1211 3573 bellant·

157 3624 171 3668 7
190 3599 375 3665 cedonicum
392 3607 585 3665 moveretur=
623 3595 764 3666 Siciliam
782 3622 820 3665 ac
839 3597 1032 3680 Sardiniam,
1050 3622 1132 3686 quae
1148 3606 1213 3667 mu

190 3693 308 3760 bellum
333 3693 504 3782 vectigales
530 3693 678 3772 fuissent,
714 3693 769 3759 vix
799 3694 960 3780 praesides
990 3694 1215 3782 provinciam!

157 3807 173 3854 8
191 3789 347 3856 exercitus
364 3790 457 3857 alere.
484 3790 600 3856 tributo
614 3798 758 3875 sumptus
776 3789 983 3877 suppeditari3
1001 3787 1105 3879 (eum)
1116 3791 1219 3878 ipsum

191 3882 343 3950 tributum
364 3884 591 3951 conferentium
611 3905 778 3949 numerum
804 3884 899 3950 tantis
925 3884 1120 3951 exercituum
1141 3892 1220 3951 mv

191 3976 285 4065 gibus
310 3988 343 4045 et
364 3979 406 4044 ad
427 3978 668 4045 Trasimennum
689 3977 794 4044 lacum
817 3989 847 4044 et
870 3979 910 4044 ad
934 3977 1064 4047 Cannas
1085 3978 1223 4045 inminw
