2566 4538
138 249 204 316 516
372 255 490 312 LIBER
507 254 608 324 XXX,
626 255 669 308 32.
681 254 723 308 m.
742 253 927 324 [auctarii]

139 433 260 494 tamen,
277 437 343 480 non
359 414 395 479 in
409 436 509 478 unum
526 411 626 489 diem,
644 411 703 476 sed
717 411 752 475 in
768 422 975 498 perpensum,
995 412 1026 477 si
1042 412 1173 482 felicitas

100 533 117 579 2
140 514 282 587 adesset,
308 509 459 574 victores:
488 507 595 572 Roma
616 529 658 570 an
676 503 839 591 Carthago
861 506 934 570 iura
950 506 1105 592 gentibus
1120 507 1166 573 ds

138 617 211 671 rent
228 615 301 669 ante
318 602 489 667 crastinam
504 611 631 666 noctem
649 600 798 676 scimros3
815 621 920 682 neque
934 600 1160 669 enimAfrican

140 697 343 772 autItaliam,
362 697 419 761 sed
436 695 547 760 orbem
564 706 718 759 terrarum
735 692 886 759 victoriae
902 695 1083 782 praemium
1094 696 1153 774 fore,

139 815 200 878 par
215 791 390 877 periculum
406 789 561 874 praemio,
588 789 704 872 quibus
726 788 880 853 adversae
900 811 1033 874 pugnae
1051 789 1151 854 fotuns

106 885 265 956 abiisset
308 907 385 948 nam
400 904 505 966 neque
521 883 676 947 Romanis
698 881 853 968 effiagimn
874 882 978 946 ullum
995 883 1145 969 petebatis

142 980 245 1044 aliena
265 977 376 1063 ignota
396 987 481 1042 terra
501 987 535 1041 et
551 975 741 1062 Carthagini
749 999 911 1062 supremo
934 977 1054 1042 auxilio
1069 977 1145 1042 effuso

142 1074 256 1138 adesse
272 1072 440 1136 videbatur
456 1093 608 1157 praesens
626 1070 794 1135 excidium.

108 1190 126 1233 s
205 1168 262 1231 Ad
279 1166 341 1232 hoc
357 1167 527 1231 discrimen
543 1166 719 1251 procedunt
733 1176 862 1251 postero
880 1165 932 1230 die
945 1165 1078 1232 duorum
1088 1186 1145 1250 opu-

140 1261 388 1326 lentissimorum
405 1260 594 1346 populorum
608 1259 671 1324 duo
683 1259 779 1346 louge
796 1259 966 1323 clarissimi
983 1261 1085 1336 duces,
1098 1258 1145 1321 duo

141 1355 306 1420 fortissimi
327 1355 500 1431 exercitus,
525 1354 626 1418 multa
647 1366 720 1419 ante
741 1364 833 1439 parta
855 1354 973 1418 decora
993 1365 1048 1419 aut
1062 1374 1147 1418 cumu-

108 1450 237 1518 5laturi
261 1472 300 1514 eo
325 1449 377 1513 die
403 1461 459 1513 aut
483 1449 634 1513 eversuri.
678 1469 796 1533 anceps
821 1447 919 1533 igitur
945 1471 1035 1534 spes,
1066 1457 1147 1511 nem

141 1541 319 1607 miscebant
332 1543 469 1619 animos3
487 1541 836 1629 contemplantibusque
848 1542 946 1607 modo
960 1566 1060 1620 suam
1074 1540 1149 1606 modo

142 1635 282 1701 hostium
300 1636 414 1714 aciem,
433 1659 506 1700 cum
522 1637 622 1702 oculis
640 1636 744 1722 magis
757 1657 854 1720 quam
864 1637 989 1702 ratione
1002 1643 1152 1724 pensamt

142 1731 242 1808 vires,
279 1731 372 1795 simul
397 1733 494 1810 laeta,
529 1732 624 1796 simul
648 1731 752 1797 tristia
777 1732 1039 1796 obversabantrn.
1087 1749 1153 1815 quat

142 1824 221 1909 ipsis
240 1848 299 1888 sua
316 1837 429 1910 sponte
445 1848 511 1890 non
529 1826 768 1902 succurrebant,
795 1847 835 1890 ea
855 1826 956 1890 duces
973 1823 1155 1891 admonendo
1193 1892 1195 1903 ¹

108 1931 239 2000 eatque
263 1919 419 1983 hortando
445 1919 652 1984 subiciebant.
694 1920 825 1984 Poenus
852 1920 994 1985 sedecim
1020 1941 1157 1986 aunuum
1193 1942 1195 1965 ²

142 2011 176 2074 in
193 2022 278 2075 terra
292 2011 388 2076 Italia
403 2034 456 2077 res
474 2024 598 2098 gestas,
623 2025 671 2079 tot
693 2013 791 2078 duces
808 2014 989 2092 Romanos,
1015 2027 1064 2079 tot
1082 2035 1159 2079 exer·

142 2105 224 2170 citus
243 2107 405 2172 occidione
427 2108 550 2173 occisos
573 2119 607 2172 et
624 2131 683 2172 sua
700 2108 814 2192 cuique
837 2110 968 2187 decora,
993 2110 1050 2174 ubi
1067 2109 1108 2174 ad
1121 2107 1161 2172 in·

143 2201 268 2287 signem
285 2201 417 2266 alicuius
434 2225 561 2289 pugnae
578 2203 732 2268 memoria
747 2203 882 2268 militem
897 2218 1041 2282 venerat,
1056 2203 1163 2269 refere-

110 2318 123 2362 7
142 2295 212 2373 bat3
231 2294 341 2382 Scipio
349 2296 525 2382 Hispanias
543 2307 577 2362 et
591 2295 732 2362 recentia
747 2297 782 2361 in
789 2298 903 2362 Africa
918 2298 1043 2384 proelia
1053 2309 1086 2363 et
1098 2319 1165 2362 con-

142 2389 315 2454 fessionem
331 2390 485 2468 hostium,
503 2392 589 2475 quod
605 2413 709 2475 neque
720 2414 786 2457 non
797 2403 905 2477 petere
917 2415 1034 2478 pacem
1045 2403 1165 2479 propter

140 2494 261 2548 metum
285 2506 389 2568 neque
414 2507 542 2550 manere
566 2485 601 2548 in
627 2507 666 2549 ea
685 2509 763 2570 prae
787 2485 883 2550 insita
903 2485 1022 2551 animis
1042 2485 1167 2573 perfidis

106 2577 329 2662 spotuiasent.
372 2578 502 2644 adhoc
527 2578 729 2662 conloquium
754 2579 961 2656 Hannibalis,
989 2580 1025 2644 in
1052 2590 1164 2646 senato

106 2689 121 2735 9
141 2670 284 2735 habitum
305 2692 344 2735 ac
364 2671 499 2736 liberum
520 2672 667 2758 fingenti,
692 2695 757 2756 qua
778 2674 847 2737 vult
864 2673 979 2752 flectit3
1007 2674 1168 2748 ominaon,

140 2765 256 2846 quibus
283 2766 443 2848 quondam
464 2766 614 2853 auspiciis
635 2778 742 2853 patres
764 2791 874 2832 eorum
894 2769 937 2832 ad
954 2769 1097 2856 Aegatis
1115 2790 1168 2854 pu-

140 2857 309 2940 gnnverint
333 2859 470 2935 insulas,
496 2882 536 2924 ea
559 2860 623 2924 illis
649 2862 839 2927 exeuntibus
864 2862 900 2927 in
921 2862 1026 2928 aciem
1048 2874 1169 2949 porten-

90 2968 123 3015 10
143 2949 229 3015 disse
256 2951 348 3016 deos:
380 2953 493 3018 adesse
519 2954 616 3019 finem
640 2954 717 3020 belli
743 2955 939 3033 solaberis,
966 2956 1003 3021 in
1028 2957 1168 3022 manibus

140 3067 213 3111 esse
237 3046 389 3132 praedam
416 3045 637 3134 Carthaginis,
663 3049 800 3113 reditum
826 3050 959 3114 domum
984 3051 1021 3115 in
1041 3051 1167 3138 patriam

90 3158 119 3202 11
140 3140 361 3226 adparentes,
386 3141 519 3220 liberos,
544 3142 697 3228 coniuges
718 3155 914 3229 penatesque
931 3143 1026 3210 deos.
1072 3145 1167 3210 celsus

139 3234 218 3299 haec
236 3256 367 3321 corpore
384 3236 537 3320 vultuque
554 3237 599 3301 ita
615 3238 713 3315 laeto,
739 3250 776 3303 ut
792 3238 909 3302 vicisse
928 3238 1000 3303 iam
1016 3241 1165 3313 medusa,

138 3329 273 3394 dicebat
316 3329 444 3395 instruit
465 3331 580 3396 deinde
596 3330 716 3418 primos
733 3331 890 3410 hastatos,
916 3346 996 3419 post
1012 3357 1074 3402 eos
1090 3331 1166 3422 prin·

139 3422 240 3506 cipes,
259 3423 374 3488 triariis
391 3435 586 3511 postremam
603 3424 703 3490 aciem
721 3425 846 3492 clausit.

105 3539 118 3584 1
201 3515 378 3582 XXXIII.
421 3519 495 3584 Non
521 3519 680 3584 confertas
707 3531 814 3585 autem
839 3520 991 3588 cohortes
1018 3536 1096 3589 ante
1116 3542 1167 3586 sua

137 3632 296 3694 quamque
323 3612 416 3698 signa
444 3613 639 3690 instruebat,
675 3614 733 3679 sed
761 3615 943 3702 manipnlos
976 3618 1167 3703 aliquantum

136 3705 218 3770 inter
236 3729 272 3770 se
289 3706 446 3784 distantis,
464 3719 501 3773 ut
513 3720 598 3774 esset
611 3710 759 3794 spatium,
777 3732 841 3793 qua
856 3710 1022 3797 elephanti
1036 3711 1168 3780 hostium

104 3820 119 3864 2
139 3799 200 3862 acti
216 3800 295 3864 nihil
312 3801 439 3867 ordines
457 3803 629 3868 turbarent
674 3803 837 3881 Laelium,
859 3805 953 3872 cuius
972 3819 1051 3874 aute
1067 3803 1167 3894 teg-d,

137 3915 176 3957 eo
189 3919 272 3961 anno
285 3898 461 3981 quaestoris
475 3911 566 3964 extra
578 3910 696 3966 sortem
710 3922 751 3964 ex
764 3910 896 3965 senatus
911 3903 1064 3969 consulto
1078 3920 1168 3989 open

136 3989 296 4070 utebatur,
322 4014 397 4058 cum
421 3993 534 4060 Italico
560 3995 702 4079 equitatu
729 3995 770 4059 ab
795 3993 927 4063 sinisno
953 4018 1072 4076 cornu,
1102 3996 1167 4060 Mo
