2528 4514
294 234 412 291 amna
430 235 544 304 xxm,
562 235 605 289 40.
617 236 661 289 41.
682 238 719 304 [a.
731 235 761 289 c.
770 235 834 305 215]
1019 224 1082 289 155
1164 194 1169 203 ’

138 389 176 468 μ’,
186 420 190 429 ·
200 422 211 448 a
220 439 228 469 ,
252 393 330 457 duce
347 391 560 478 Hampsicora
582 392 624 457 ad
642 393 799 458 sociorum
816 393 926 478 populi
943 392 1081 458 Romani

108 505 110 534 ι
129 519 137 558 μ
189 487 390 572 populandum
406 485 566 572 profectus
587 485 709 551 Caralis
727 495 936 571 perventurus
954 497 1029 565 erat,
1048 488 1082 551 ni

144 578 196 644 fua
217 579 311 647 obuio-
333 581 473 646 exercitu
498 580 539 646 ab
561 580 664 646 effusa
685 602 758 646 eum
779 580 981 666 populatione
1007 604 1082 648 con·

107 683 218 874 ..bitrio
243 778 347 835 castra
373 769 482 834 castris
509 769 632 834 modico
658 769 821 834 intervallo
853 780 927 835 sunt
948 770 1114 848 obiectas

129 890 161 918 a
172 892 192 921 ιε
208 862 470 950 procursationes,
483 862 567 928 levia
580 861 751 927 certamina
764 863 851 927 vario
866 875 980 929 eventu
993 865 1080 943 inita,

114 981 205 1024 ‘mo
217 959 409 1023 descensum
420 957 454 1022 in
468 958 582 1034 aciem,
602 957 703 1043 signis
717 956 848 1022 conlatis
863 958 947 1025 iusto
962 960 1080 1044 proelio

109 1091 111 1098 ,
140 1062 274 1137 qmttuor
299 1052 395 1118 horas
421 1061 607 1138 pugnatum.
661 1051 717 1116 diu
741 1073 882 1137 pugnam
915 1053 1082 1138 ancipitem
1101 1077 1133 1123 10

168 1144 277 1213 Sardis
299 1146 394 1211 facile
416 1147 500 1210 vinci
522 1146 661 1211 adsuetis
684 1145 839 1222 fecerunt,
870 1156 1029 1230 postremo
1051 1158 1083 1213 et

85 1226 132 1319 bd,
153 1263 222 1307 eum
244 1241 353 1307 omnia
374 1241 456 1306 circa
479 1251 583 1327 strage
606 1263 644 1305 ao
666 1240 744 1325 suga
768 1237 941 1305 Sardorum
961 1240 1083 1325 repleta

85 1345 168 1415 nent,
193 1336 269 1401 fusi.
315 1345 454 1401 ceterum
480 1346 569 1420 terga
596 1335 706 1399 dantes
734 1334 946 1399 circumducto
973 1356 1080 1413 cornu,
1101 1359 1131 1404 11

85 1438 120 1495 m
138 1430 300 1517 pepulerat
327 1426 461 1507 Sardos,
488 1429 617 1494 inclusit
641 1428 815 1494 Romanus.
869 1428 982 1493 caedes
1008 1428 1082 1493 inde

85 1523 150 1612 tagis
170 1545 268 1609 quam
289 1546 397 1611 pugna
419 1523 489 1588 fuit.
534 1523 700 1588 duodecim
722 1522 808 1587 milia
825 1522 966 1587 hostium
988 1542 1133 1589 caesam

85 1619 223 1687 nidorum
239 1618 335 1684 simul
348 1618 602 1702 Poenorumque,
621 1617 721 1682 ferme
740 1617 798 1681 tria
813 1616 899 1682 milia
916 1626 948 1682 et
966 1618 1082 1702 septin-

85 1712 136 1787 nti
150 1713 235 1798 capti
255 1722 286 1778 et
304 1713 396 1799 signa
414 1711 560 1776 militaria
578 1723 699 1796 septem
717 1720 748 1776 et
765 1711 888 1797 viginti.

114 1806 287 1872 XXXXI.
314 1805 401 1871 Ante
411 1806 516 1870 omnia
530 1805 646 1870 claram
656 1816 687 1870 et
695 1804 931 1870 memorabilem
940 1828 1082 1892 pugnam
1101 1828 1114 1872 1

85 1900 126 1971 aa
139 1899 324 1966 Hasdrubal
344 1901 514 1986 imperator
531 1909 641 1984 captus
665 1909 696 1965 et
713 1898 831 1964 Hanno
855 1909 886 1964 et
903 1898 1005 1985 Mago
1025 1920 1082 1964 no-

85 1992 132 2069 bas
144 1993 435 2082 Carthaginienses,
454 1994 554 2080 Mago
573 2016 613 2058 ex
630 2004 724 2080 gente
738 1993 887 2070 Barcina,
906 1994 1083 2079 propinqua
1101 2016 1116 2062 2

85 2086 233 2177 *atione
259 2089 435 2156 Hannibali
460 2091 600 2168 iunctus,
626 2089 747 2154 Hanno
773 2099 881 2154 auctor
903 2089 1082 2154 rebellionis

85 2176 161 2255 fille
175 2183 314 2270 bellique
332 2186 399 2250 eius
417 2185 503 2249 haud
521 2184 616 2250 dubie
638 2184 785 2249 concitor.
829 2204 889 2247 neo
908 2181 1081 2248 Sardorum
1100 2206 1115 2252 3

85 2264 268 2347 buminus
285 2279 424 2345 nobilem
442 2302 513 2345 eam
529 2300 670 2365 pugnam
684 2276 826 2342 cladibus
842 2277 907 2341 suis
926 2277 1080 2342 fecerunt:

85 2390 136 2445 m
147 2383 173 2441 ot
184 2376 272 2441 filius
284 2375 513 2461 Hampsicorae
529 2376 652 2440 Hostus
670 2374 705 2438 in
722 2374 788 2438 acie
808 2372 920 2436 cecidit
937 2381 968 2437 et
981 2372 1083 2436 Ham·
1100 2393 1117 2439 4

85 2464 171 2541 Ἰῖωη
192 2493 266 2536 cum
287 2472 397 2556 paucis
421 2471 578 2555 equitibus
600 2469 742 2556 fugiens,
767 2479 803 2533 ut
826 2489 919 2553 super
940 2466 1082 2532 adfiictas

85 2580 226 2632 *necem
244 2587 369 2650 quoque
387 2566 432 2630 fili
450 2566 580 2643 audivit,
598 2574 704 2642 nocte,
722 2585 763 2628 ne
782 2562 871 2628 ouius
888 2562 1082 2627 interventus

85 2660 330 2746 teptainpediret,
342 2670 474 2726 mortem
483 2659 545 2725 sibi
554 2660 723 2726 conscivit„
748 2658 859 2724 ceteris
869 2655 944 2723 urbs
956 2654 1084 2723 Cornus
1101 2678 1116 2724 a

85 2752 160 2820 aiem
185 2778 268 2840 quae
291 2766 362 2822 ante
386 2757 482 2842 fugae
503 2754 735 2841 receptaculum
759 2753 837 2819 suit:
871 2774 968 2837 quam
987 2750 1084 2817 Man·

85 2868 112 2915 rs
128 2850 248 2915 viatore
271 2851 411 2916 exercitu
432 2851 602 2937 adgressus
624 2851 707 2914 intra
728 2849 796 2915 dies
818 2870 936 2935 paucos
954 2847 1082 2934 recepit.
1140 2902 1143 2909 .

85 2941 162 3009 rinde
188 2944 269 3010 aliae
300 2967 427 3029 quoque
457 2945 618 3022 civitates,
655 2965 736 3029 quae
766 2945 809 3010 ad
837 2943 1115 3029 Hampsicoramo

85 3044 240 3123 benosque
267 3040 459 3116 deiecerant,
495 3039 659 3105 obsidibus
685 3039 766 3104 datis
790 3039 975 3103 dediderunt
997 3057 1082 3112 sese3

85 3130 163 3199 ribus
185 3134 344 3220 stipendio
366 3135 587 3218 frumentoque
608 3135 762 3221 imperato
782 3155 840 3220 pro
858 3132 1012 3213 cuiusque
1029 3138 1083 3193 aut

85 3222 167 3294 lubus
186 3240 243 3294 aut
260 3229 373 3294 delicto
384 3229 507 3295 Caralis
527 3229 700 3296 exercitum
717 3228 849 3294 reduxit.
884 3224 930 3290 ibi
946 3222 1082 3289 navibus
1101 3244 1116 3290 t

85 3323 154 3410 lp'e
164 3324 311 3390 deductis
324 3325 534 3410 inpositoque,
553 3346 648 3409 quem
663 3347 768 3391 seeum
781 3323 965 3396 advexerat,
983 3317 1082 3384 milite

85 3416 185 3485 'umam
202 3421 334 3507 navigat
353 3419 595 3504 Sardiniamque
617 3419 823 3506 perdomitam
845 3415 968 3481 nuntiat
988 3414 1084 3500 patri-

85 3531 114 3578 us
138 3525 169 3580 et
199 3516 391 3601 stipendium
422 3514 661 3600 quaestoribus,
696 3514 887 3579 frumentum
918 3509 1082 3586 aedilibus,

85 3608 190 3695 privos
209 3609 251 3693 Q.
266 3610 380 3675 Fulvio
397 3611 534 3697 praetori
551 3610 655 3675 tradit.

113 3701 178 3771 Per
202 3705 290 3770 idem
316 3714 439 3791 tempus
466 3704 505 3769 Τ.
529 3702 685 3771 Otacilius
710 3710 835 3789 praetor
860 3701 901 3767 ab
927 3697 1117 3785 Lilybae08

85 3801 142 3867 asi
158 3801 194 3865 in
211 3799 358 3865 Afiicam
376 3811 571 3866 transvectus
591 3798 862 3886 depopulatusque
879 3817 991 3882 agrum
1005 3792 1085 3858 Car·

85 3896 280 3984 agmiensem
298 3917 371 3960 oum
390 3893 569 3962 Sardiniam
586 3895 660 3960 inde
676 3900 809 3980 peteret,
832 3912 896 3975 quo
913 3889 1000 3954 fama
1018 3897 1085 3954 erat
1102 3909 1118 3956 9

85 3991 286 4059 asdrubalem
304 3991 509 4057 aBaliaribus
527 4012 628 4076 nuper
644 3986 818 4065 traiecisse,
837 3984 932 4050 classi
940 3982 1085 4050 Africam
