2528 4514
146 208 190 278 28
392 221 511 278 33333
528 219 615 291 xxr,
634 219 676 275 33
691 219 733 275 34.
754 222 791 289 [4
802 235 829 276 4.
839 216 938 291 ama]

146 378 436 458 consternabantur,
459 389 495 444 ut
513 389 650 489 stragem
668 379 828 465 ingentem
847 376 942 443 simul
959 376 1143 447 hominum
1145 400 1179 453 ac

113 499 128 546 ι
147 475 340 542 sarcinarum
359 473 460 539 omnis
479 474 604 560 generis
618 474 766 538 facerent.
794 472 974 557 multosque
987 473 1094 555 turba,
1176 460 1186 491 '

144 569 332 655 praecipites
350 567 563 652 deruptaeque
580 568 737 650 utrimque
755 566 922 653 angustiae
939 570 1147 649 essent,in'

146 685 290 727 mensum
309 661 481 726 altitudinis
500 661 626 739 deiecit,
645 660 850 747 quosdamet
867 665 1023 742 armatos3
1047 664 1164 731 sed·
1145 699 1156 721 ··

145 778 205 822 333
222 755 378 822 maximae
395 755 495 821 modo
508 756 647 822 iumenta
665 777 738 820 cum
757 753 904 821 oneribus
922 755 1093 823 1333133·
1111 797 1115 817 4
1131 790 1154 816 n

111 873 127 922 3
146 873 227 935 quae
249 871 440 935 quamquam
458 847 553 916 13313
569 850 641 915 3133
659 858 760 929 erant,
785 849 870 915 stetit
886 871 1063 937 parumper
1099 886 1151 911 44.
1173 873 1174 878 ¹

145 944 307 1011 Hannibal
326 967 364 1011 33
377 967 451 1011 3333
467 945 633 1024 continuit,
652 966 693 1008 ne
707 942 875 1008 tumultum
889 965 927 1010 ae
940 945 1123 1031 trepidatio
1138 981 1142 1005 a
1159 940 1163 949 ’

112 1062 127 1110 3
146 1048 284 1126 augeret.
320 1039 448 1118 131313,
472 1048 639 1124 postquam
662 1038 847 1124 interrumpi
869 1061 986 1125 agmen
1004 1040 1086 1106 vidit
1112 1037 1165 1098 ····’

146 1135 314 1219 culumque
332 1155 416 1210 esse,
435 1155 475 1198 33
494 1142 624 1197 exutum
641 1132 861 1218 inpedimentis
880 1133 1057 1200 exercitum
1073 1159 1125 1201 ιιι·
1140 1166 1152 1186 ··

145 1251 240 1314 quam
263 1227 453 1294 incolumem
476 1227 682 1305 traduxisset,
709 1227 845 1293 decurrit
867 1249 908 1293 ex
931 1229 1150 1315 superiorel··

163 1334 282 1402 3,33ι3
299 1322 398 1408 impet
398 1345 419 1386 u
437 1322 507 1408 ipso
525 1320 660 1386 fudisset
677 1321 814 1401 hostem,
835 1321 901 1387 suis
919 1343 1115 1408 quoque
1066 1334 1132 1390 t

95 1440 127 1488 13
145 1347 213 1483 3313
231 1417 327 1482 auxit.
366 1416 448 1481 sed
438 1426 497 1481 ist
485 1415 638 1481 tumultus
652 1425 791 1481 moment
792 1438 811 1482 3
825 1417 991 1503 temporis,
1011 1440 1135 1505 post·

143 1511 275 1578 liberata
296 1510 408 1575 itinera
425 1509 503 1597 fuga
521 1509 740 1575 montanorum
759 1519 860 1589 erant,
885 1511 1026 1590 sedatur,
1049 1534 1135 1579 333

145 1607 242 1672 otium
269 1605 379 1683 modo,
416 1605 472 1670 sed
502 1626 600 1690 prope
632 1604 755 1670 silentio
786 1627 861 1670 mox
893 1626 1004 1672 omnes
1037 1606 1137 1673 3331·

94 1723 124 1770 ιι
145 1701 307 1767 castellum
325 1700 413 1779 inde,
437 1699 522 1784 quod
539 1709 633 1786 eaput
652 1699 719 1766 eius
737 1699 875 1787 regionis
894 1710 974 1779 erat,
994 1702 1095 1768 31331·
1106 1714 1154 1790 :os

144 1795 360 1860 circumiectos
383 1794 481 1880 capit,
509 1803 539 1858 et
561 1803 653 1880 capto
678 1791 777 1882 [cibo]
801 1816 839 1860 ac
860 1794 1032 1881 pecoribus
1053 1818 1111 1883 per
1131 1829 1145 1848 ··

144 1891 242 1955 duum
266 1890 437 1955 exercitum
459 1889 536 1954 aluit
560 1900 604 1968 33,
633 1891 707 1974 quia
728 1911 787 1955 333
809 1890 966 1956 montanis
989 1890 1094 1977 primo
1117 1922 1152 1971 ¹¹„

144 1985 239 2050 culeis
257 2007 316 2048 nec
334 1984 404 2049 loco
422 2006 536 2070 magno
550 2006 644 2070 opere
658 1983 906 2070 inpediebantur,
926 1984 1143 2069 aliquantum

143 2077 295 2143 triduo
265 2101 335 2144 viae
354 2078 497 2143 confecit

111 2197 125 2241 1
208 2172 400 2237 XXXIIII.
428 2172 620 2237 Perventum
639 2173 712 2237 inde
730 2175 771 2238 31
788 2173 985 2259 frequentem
1005 2174 1158 2242 culto

145 2266 267 2376 alium,
276 2276 312 2331 ut
325 2267 405 2332 inter
418 2277 593 2347 montanos,
613 2267 775 2354 populum.
811 2268 856 2335 ibi
873 2290 936 2333 non
955 2268 1094 2335 bello·
1059 2293 1111 2336 a·

145 2362 201 2426 sed
220 2362 285 2427 suis
304 2361 438 2440 artibus,
462 2361 622 2427 fraude
592 2372 622 2427 e
640 2362 776 2440 insidiis,
800 2371 849 2427 333
865 2385 964 2449 prope

108 2479 123 2526 2
142 2467 203 2522 tus.
241 2479 357 2542 magno
381 2466 458 2521 natu
480 2456 637 2542 principes
661 2457 858 2522 castellorum
878 2466 1019 2523 oratores
1038 2460 1080 2525 ad
1094 2456 1130 2525 Ρ·
1155 2463 1157 2482 ’

141 2572 217 2614 num
239 2551 383 2627 veniunt,
412 2550 521 2614 alienis
544 2550 648 2627 malis,
672 2550 740 2614 utili
764 2552 908 2638 exemplo
926 2551 1040 2619 doctos
1058 2574 1128 2618 meo
1141 2561 1157 2606 4?

140 2653 245 2709 rantes
276 2643 445 2708 amicitiam
477 2644 570 2709 malle
601 2666 695 2729 quam
727 2645 792 2708 vim
824 2646 958 2732 experiri
983 2645 1090 2713 Ρ333·
1110 2676 1137 2698 “·

107 2760 122 2807 3
140 2737 246 2820 itaque
264 2737 465 2803 oboedienter
481 2739 633 2824 imperata
646 2738 799 2804 facturos:
819 2749 1032 2806 commeatum
1043 2738 1155 2807 itm-3⁹1

142 2853 204 2915 que
231 2832 327 2896 duces
355 2842 386 2897 et
412 2833 452 2897 31
478 2833 574 2898 fidem
601 2834 827 2918 promissorum
854 2834 982 2900 obsides
1011 2858 1117 2902 33344

105 2946 122 2992 4
140 2923 303 2991 Hannibal
326 2949 384 2992 nec
409 2936 524 2992 temere
543 2928 732 2993 credendum
751 2951 810 2994 nec
827 2929 1062 3015 aspernandum
1151 2957 1160 3002 ¹7

139 3040 178 3083 ne
200 3020 356 3105 repudiati
378 3031 485 3106 aperte
508 3021 615 3087 hostes
638 3022 762 3101 fierent,
791 3023 927 3110 benigne
951 3045 1026 3089 eum
1046 3033 1157 3091 ·ι3ι·.”Ἰ

140 3113 252 3193 disset,
271 3114 436 3180 obsidibus
450 3137 530 3198 quos
544 3115 661 3182 dabant
680 3117 816 3202 acceptis
835 3126 866 3181 et
884 3128 1064 3185 commeatu
1087 3146 1149 3181 ···,

138 3207 171 3272 13
188 3209 272 3273 viam
290 3208 352 3294 ipsi
370 3209 545 3297 detulerant
563 3233 654 3290 usus,
674 3233 874 3296 nequaquam
891 3221 926 3276 ut
940 3212 1023 3279 inter
1035 3236 1077 3300 pa
1100 3241 1171 3276 ···,·

106 3324 121 3371 5
140 3303 303 3387 conposito
326 3304 451 3390 agmine
474 3305 570 3369 duces
590 3327 696 3370 eorum
718 3307 866 3391 sequitur.
902 3307 1043 3392 primum
1066 3323 1160 3385 :234¹

139 3392 296 3481 elephanti
321 3408 351 3461 et
370 3398 490 3482 equites
509 3408 611 3476 erant,
634 3400 703 3485 ipse
720 3410 793 3485 post
811 3423 883 3465 cum
902 3400 1017 3467 robore
1034 3400 1105 3488 pedi
1123 3427 1141 3451 ··
1168 3443 1169 3446 =

106 3511 121 3558 6
139 3489 404 3602 circumspectans
424 3491 639 3578 sollicitusque
657 3495 762 3561 omnia
778 3494 954 3561 incedebat
994 3495 1053 3562 ubi
1068 3494 1101 3560 13
1122 3523 1163 3542 ¹

136 3585 310 3694 gustiorem
336 3587 421 3650 viam
448 3596 478 3652 et
504 3598 593 3673 parte
621 3589 717 3654 altera
744 3588 953 3655 subiectam
943 3612 1022 3677 rugo
1046 3590 1146 3667 1333·Ι

136 3678 300 3744 inminenti
318 3691 446 3745 ventum
466 3691 528 3758 est,
539 3682 686 3791 'undique
700 3705 739 3748 ex
753 3683 874 3749 insidiis
888 3682 1016 3749 barbari
1030 3707 1050 3750 a
1062 3682 1138 3751 fro

138 3773 177 3837 ab
200 3783 290 3860 tergo
312 3775 411 3840 coorti
434 3777 623 3855 comminus,
647 3779 769 3844 eminus
787 3788 841 3865 pet
829 3787 912 3857 t,unt
937 3801 1019 3845 saxa
1034 3772 1165 3866 ingen

105 3865 171 3932 rin
202 3889 316 3952 agmen
348 3868 527 3935 devolvunt.
572 3872 710 3938 maxima
742 3872 782 3938 ab
813 3883 902 3960 tergo
934 3873 983 3939 vis
1011 3873 1166 3941 homin

139 3958 327 4044 urgebat.
318 3987 350 4026 m
372 3986 427 4029 eos
450 3986 542 4030 versa
564 3964 704 4052 peditum
727 3967 810 4033 acies
833 3968 910 4033 haut
932 3966 1068 4035 dubium
1088 3962 1147 4035 1
