2528 4514
136 218 188 289 <94
382 234 499 290 nurus
514 233 616 305 xxu,
634 233 676 289 41.
691 235 736 293 aa.
755 235 942 307 [cuasa]

143 394 264 460 ferente
283 415 392 459 secum
409 392 507 457 milite
526 401 628 458 castra
644 392 739 478 plena
756 394 859 459 omnis
876 393 1026 461 fortunae
1039 396 1100 481 pul

112 511 126 556 7
145 489 347 576 privataeque
368 487 516 571 relinquit
538 497 685 571 transque
703 487 864 573 proximos
883 488 1000 558 montis
1013 489 1100 565 ¹laert

144 584 226 649 dites
249 583 419 648 instructos
442 582 562 658 condit,
590 582 701 646 dextra
722 583 860 667 equites,
881 582 1100 668 impedimenta

50 727 53 733 -
110 677 321 744 8convallem
347 675 487 741 medium
512 698 627 762 agmen
654 676 803 753 traducit,
829 685 865 741 ut
887 676 1100 762 diripiendis*

142 771 277 838 desertis
294 770 374 857 fuga
392 769 588 836 dominorum
608 770 717 836 castris
737 780 925 855 occupatum
943 770 1100 856 inpeditur

110 885 126 931 s
144 866 269 931 hostem
287 864 485 951 opprimeret.
522 863 622 928 crebri
640 864 739 928 relicti
757 864 789 928 in
803 863 914 928 castris
927 863 1037 951 ignes,
1057 875 1091 930 ut

142 960 246 1037 fieret,
270 959 347 1023 dum
361 957 432 1044 ipse
454 957 579 1044 longius
602 959 739 1043 spatium
761 958 840 1045 fuga
861 960 1075 1045 praeciperet,
1099 985 1100 1024 1

143 1055 282 1141 imagine
304 1061 491 1129 castrorum,
517 1053 601 1117 sicut
622 1052 758 1119 Fabium
780 1052 882 1138 priore
904 1076 989 1118 anno
1013 1055 1100 1121 frustr

133 1158 244 1224 esset,
260 1158 369 1212 tenere
387 1147 420 1211 in
434 1146 514 1211 locis
534 1147 679 1212 consules
698 1146 846 1212 voluisse.

111 1264 124 1308 1
208 1241 404 1308 XXXXIL
449 1239 517 1306 Ubi
538 1240 665 1318 inluxit,
693 1241 867 1307 subductae
888 1242 991 1327 primo
1019 1244 1100 1310 stati(

144 1336 258 1401 deinde
279 1335 409 1421 propius
433 1333 621 1400 adeuntibus
640 1334 805 1415 ‚insolitum
823 1335 983 1402 silentium
1001 1338 1100 1404 admit

109 1450 218 1497 anem
240 1430 324 1495 fecit.
367 1429 433 1494 iarn
455 1428 531 1494 satis
554 1438 703 1515 conperta
725 1430 893 1495 solitudine
914 1431 949 1495 in
971 1433 1083 1499 castris

145 1547 255 1590 cursus
287 1523 322 1588 fit
354 1523 395 1588 ad
424 1522 580 1609 praetoria
611 1523 775 1590 consulum
806 1525 1034 1604 nuntiantium,
1070 1526 1100 1593 fu

100 1646 103 1651 ·
135 1618 282 1684 'hostium
304 1618 383 1684 adeo
406 1616 573 1702 trepidam,
600 1628 637 1682 ut
657 1617 866 1684 tabernaculis
893 1619 1053 1686 stantibus
1078 1643 1100 1686 c

134 1713 337 1798 reliquerint,
365 1734 490 1797 quoque
516 1712 595 1799 fuga
620 1712 783 1779 obscurior
809 1723 906 1791 esset,
935 1713 1064 1783 crebros
1085 1737 1100 1781 e

107 1829 125 1875 3
143 1808 269 1873 relictos
291 1808 385 1895 ignis.
428 1807 547 1873 clamor
563 1807 637 1873 inde
654 1817 755 1886 ortus,
777 1817 814 1872 ut
832 1809 924 1895 signa
940 1809 1100 1895 proferrii

143 1912 213 1967 rent
225 1903 438 1984 ducerentque
452 1902 493 1965 ad
506 1902 740 1986 persequendos
752 1900 853 1967 hostis
867 1925 905 1967 ac
918 1904 1065 1989 protinus
1078 1927 1100 1972 ct

109 2015 125 2059 4
144 1995 328 2081 diripienda.
357 2005 388 2060 et
402 1994 513 2060 consul
527 1994 605 2060 alter
617 1995 703 2060 velut
716 2019 797 2063 unus
812 1995 922 2062 turbae
939 1997 1086 2066 militaris

143 2089 264 2155 Paulus
283 2089 384 2154 etiam'
393 2099 488 2173 atque
503 2089 597 2155 etiam
612 2089 728 2168 dicere,
746 2091 976 2176 providendum
990 2115 1100 2178 praece

138 2183 282 2267 dumque
301 2205 384 2262 esse3
406 2194 582 2269 postremo,
602 2206 674 2248 cum
692 2183 782 2248 aliter
798 2207 901 2269 neque
920 2186 1100 2253 seditionem

142 2300 205 2361 que
228 2277 341 2343 ducem
357 2278 521 2344 seditionis
541 2278 694 2344 sustinere
712 2287 834 2364 posset,
858 2279 999 2346 Marium
1022 2279 1100 2349 Stati

108 2371 338 2459 opraesectum
364 2395 437 2438 cum
463 2384 565 2438 turma
590 2373 725 2438 Lucana
752 2374 949 2460 exploratum
976 2377 1082 2442 mittit

142 2467 198 2532 ubi
216 2467 408 2552 adequitavit
424 2468 537 2553 portis,
560 2467 731 2533 subsistere
750 2479 838 2534 extra
854 2470 1054 2536 munimenta
1070 2492 1100 2536 ce

141 2562 238 2627 iussis
259 2563 329 2647 ipse
351 2584 423 2626 cum
446 2560 571 2627 duobus
589 2561 747 2645 equitibus
765 2562 884 2628 vallum
902 2563 1047 2643 intravit,
1069 2587 1100 2650 sp

137 2656 288 2738 >latusque
307 2657 412 2720 omnia
429 2677 501 2721 cum
515 2677 590 2722 cura
602 2656 773 2734 renuntiat,
792 2657 923 2723 insidias
937 2658 1100 2744 profecto«

110 2772 125 2818 e
145 2750 235 2836 ignes
253 2751 286 2814 i'n
298 2761 388 2835 parte
402 2760 590 2830 castrorum,
609 2773 690 2836 quae
704 2763 814 2838 vergat
830 2753 871 2817 ad
883 2750 1026 2832 hostem,
1045 2752 1100 2819 reli

144 2843 346 2909 tabernacula
364 2855 471 2930 aperta
490 2854 520 2910 et
538 2846 644 2912 omnia
661 2869 734 2912 cara
756 2847 790 2911 in
811 2855 959 2933 promptu
981 2849 1100 2926 relicta,

146 2950 277 3025 gentum
299 2939 490 3022 quibusdam
510 2940 589 3006 locis
611 2952 729 3006 temere
750 2963 808 3027 per
829 2942 897 3007 vias
916 2942 1004 3007 velut
1024 2943 1100 3008 obis«

111 3033 185 3099 rad
210 3034 360 3118 praedam
387 3035 514 3101 vidisse.
559 3057 641 3119 quae
667 3036 708 3100 ad
734 3036 935 3102 deterrendos
963 3060 983 3101 a
1010 3037 1100 3123 cupid

143 3128 265 3193 animos
288 3129 430 3195 nuntiata
451 3139 554 3208 erant,
584 3153 621 3196 ea
643 3131 852 3196 accenderunt
870 3140 901 3196 et
920 3131 1058 3197 clamore
1076 3155 1100 3198 ο]

143 3223 309 3302 militibus,
327 3225 361 3288 ni
379 3225 505 3311 signum
524 3226 624 3303 detur,
640 3225 712 3290 sine
731 3225 864 3291 ducibus
881 3225 981 3291 ituros
987 3274 997 3305 ,
1016 3226 1100 3292 haud

143 3341 239 3402 quam
258 3319 323 3383 dux
341 3319 454 3384 defuit:
472 3344 546 3385 nam
566 3320 722 3406 extemplo
736 3319 837 3385 Varro
856 3320 984 3407 signum
1002 3322 1091 3386 dedit

109 3413 315 3478 eficiscendi.
359 3414 495 3493 Paulus,
529 3437 600 3480 cum
633 3415 661 3480 ei
692 3438 751 3480 sua
777 3425 889 3501 sponte
916 3418 1077 3481 cunctanti

143 3530 269 3592 quoque
296 3509 437 3594 auspicio
462 3532 527 3574 non
553 3510 762 3587 addixissent,
789 3509 925 3575 nuntiari
946 3509 1012 3574 iam
1039 3510 1100 3576 effe

108 3619 124 3666 a
143 3613 234 3689 porta
251 3603 343 3690 signa
361 3604 511 3690 conlegae
528 3604 629 3669 iussit
656 3606 743 3689 quod
757 3627 949 3689 quamquam
962 3604 1069 3672 Varro
1086 3629 1100 3671 a

144 3707 192 3761 est
212 3720 342 3783 passus,
369 3698 505 3764 Flamini
528 3709 633 3764 tamen
654 3721 763 3764 recens
787 3721 879 3765 casus
903 3690 1083 3785 Claudique

144 3790 221 3855 sulis
238 3791 340 3878 primo
357 3792 480 3859 Punico
498 3792 580 3858 bello
598 3804 771 3860 memorata
788 3793 909 3861 navalis
928 3792 1037 3859 clades
1055 3794 1100 3859 rel

93 3904 126 3951 10
144 3905 216 3948 nem
234 3886 339 3952 animo
356 3887 497 3954 incussit.
538 3886 571 3951 di
587 3908 685 3972 prope
703 3887 765 3974 ipsi
783 3910 820 3953 eo
839 3887 891 3953 die
908 3887 1011 3976 magis
1031 3889 1100 3954 distr

145 4000 240 4062 quam
256 3980 444 4067 prohibuere
461 3982 664 4047 inminentem
682 3994 805 4068 pestem
818 3983 983 4052 Romanis.
1009 4007 1088 4052 nam
