2528 4514
368 213 488 273 amna
504 216 732 288 axau-ce.
753 218 905 291 [scaro]
1113 211 1155 277 35

111 379 253 459 reputet,
273 379 400 440 nostras
416 393 503 439 nunc
519 374 636 440 intueri
652 398 765 442 manus
783 388 928 444 senatum
943 381 1156 466 populumque

115 466 312 546 Romnum,
332 466 436 553 qualis
449 476 560 536 nostra
573 468 624 535 vis
636 468 800 555 virtusque
814 471 917 551 fuerit,
936 473 1031 541 talem
1044 475 1156 543 deinde
1174 500 1207 549 1?

121 557 275 627 fortunam
292 560 379 627 illius
396 560 486 629 urbis
505 584 543 628 ao
560 561 700 629 Romani
715 564 839 652 imperii
856 564 943 631 fore?

116 714 122 729 ,
178 653 375 721 XXXXII.
405 655 502 723 Haec
515 666 593 744 aput
605 656 769 724 Romanos
784 658 907 725 consul.
928 659 1090 728 Hannibal
1106 684 1155 729 re-
1173 684 1187 731 1

79 802 82 819 .
122 745 177 814 bus
192 748 284 834 prius
301 769 400 834 quam
416 748 525 817 'verbis
542 750 755 817 adhortandos
774 752 889 819 milites
903 763 1006 836 ratus,
1024 756 1156 821 circum

79 850 82 885 ³
118 841 189 909 dato
210 843 254 909 ad
276 843 495 929 spectaculum
518 846 659 911 exercitu
681 845 823 932 captivos
846 856 1011 919 montanos
1033 850 1155 918 vinctos

95 968 99 973 ·
118 934 150 1001 in
164 937 273 1002 medio
290 939 400 1004 statuit
418 938 580 1024 armisque
599 936 732 1006 Gallicis
750 949 824 1007 autc
840 942 940 1027 pedes
957 964 1066 1010 eorum
1082 965 1156 1031 pro-

112 1029 206 1097 iactis
229 1031 425 1119 interrogare
451 1033 656 1120 interpretem
682 1034 789 1113 iussit,
822 1036 944 1120 ecquis,
971 1037 1000 1102 si
1021 1037 1154 1104 vinculis

120 1122 273 1193 bearetur
296 1148 450 1212 armaque
478 1136 510 1193 et
536 1149 655 1213 equum
677 1130 778 1196 victor
800 1131 969 1216 acciperet,
996 1132 1155 1200 decedere

105 1214 198 1293 ,dno
223 1218 330 1287 vellet
373 1241 448 1289 cum
475 1221 518 1288 ad
543 1244 644 1288 unum
671 1244 781 1290 omnes
807 1224 926 1290 ferrum
951 1246 1187 1312 pugnamquea

122 1322 282 1399 poscerent
306 1321 340 1381 et
364 1314 489 1381 deiecta
513 1314 608 1381 inid
633 1337 703 1383 sors
730 1325 829 1397 esset,
860 1339 896 1384 se
921 1317 1055 1404 quisque
1081 1340 1155 1384 eum

120 1405 256 1493 optabat,
284 1428 380 1492 quem
401 1409 530 1476 fortuna
550 1410 586 1476 in
611 1410 646 1476 id
672 1419 830 1478 certamen
854 1411 986 1498 legeret,
1014 1421 1059 1491 et,
1087 1407 1152 1500 [ut]
1172 1434 1187 1480 3

116 1501 267 1586 ,cuiusque
294 1524 363 1568 sors
390 1503 565 1582 exciderat,
593 1503 697 1572 alacer
718 1505 800 1570 inter
820 1505 1014 1593 gratulantes
1037 1505 1153 1593 gaudio

116 1593 258 1662 'exultans
286 1618 359 1662 cum
385 1598 437 1663 sui
462 1598 560 1664 moris
586 1599 732 1686 tripudiis
755 1621 843 1665 arma
863 1600 977 1686 raptim
1000 1597 1151 1685 capiebat.

108 1686 173 1755 'ubi
186 1711 262 1756 vero
282 1691 483 1772 dimicarent,
501 1694 530 1760 is
547 1691 678 1761 habitus
696 1695 873 1762 animorum
890 1716 955 1761 non
972 1695 1054 1760 inter
1071 1695 1153 1760 eius·
1170 1713 1187 1758 4

112 1782 189 1853 'dem
212 1786 307 1853 modo
338 1788 533 1855 condicionis
564 1786 712 1855 homines
744 1799 824 1869 erat,
861 1789 918 1855 sed
948 1790 1043 1855 etiam
1072 1789 1153 1855 inter

113 1887 292 1963 :spectantes
313 1880 428 1968 vulgo,
455 1891 579 1948 utnon
602 1883 795 1950 vincentium
821 1884 923 1971 magis
950 1905 1046 1967 quam
1071 1881 1151 1948 bene

129 1973 313 2039 morientium
330 1974 459 2041 fortrma
476 1974 668 2042 laudaretur.

182 2065 389 2136 XXXXIH.
432 2068 517 2136 Cum
544 2070 591 2136 sio
617 2069 737 2154 aliquot
764 2071 914 2156 spectatis
940 2069 1069 2155 paribus
1096 2071 1183 2138 ad·1

132 2156 216 2226 leons
233 2162 419 2240 dimisisset,
442 2163 589 2229 contione
606 2163 680 2228 inde
698 2163 853 2230 advocata
869 2163 913 2228 ita
931 2173 1006 2249 aput
1028 2183 1083 2229 eos
1106 2162 1152 2229 lo-

136 2262 214 2319 cutus
225 2255 336 2323 fertur:
356 2257 413 2335 ‘si‚
432 2279 528 2341 quem
547 2257 687 2322 animum
704 2257 738 2321 in
755 2256 875 2322 alienae
894 2256 987 2322 sortis
1006 2257 1150 2342 exemplo
1168 2277 1183 2324 2

135 2344 214 2429 paulo
227 2359 297 2416 ante
315 2350 490 2429 habuistis,
514 2351 649 2417 eundem
667 2372 742 2416 mox
759 2350 794 2414 in
810 2349 1006 2414 aestimanda
1023 2349 1150 2415 fortuna

116 2443 418 2524 manaucatis,
437 2446 586 2525 vicimus,
604 2445 731 2510 milites.
765 2442 969 2527 nequeenim
988 2451 1151 2528 spectacu-

130 2528 185 2598 lum
198 2538 289 2604 modo
305 2539 399 2618 illud,
422 2539 481 2605 sed
502 2539 660 2625 quaedam
682 2538 780 2604 veluti
801 2536 908 2622 imago
931 2544 1054 2602 vestrae
1077 2556 1151 2601 con-

112 2623 244 2696 dicionis
270 2641 346 2698 erat.
391 2656 429 2699 ac
454 2634 563 2700 nescio
589 2657 631 2698 an
657 2633 777 2699 maiora
802 2630 928 2696 vincula
952 2629 1185 2714 maioresquee

125 2725 314 2792 necessitates
342 2727 433 2794 vobis
457 2751 553 2813 quam
577 2726 711 2814 captivis
732 2725 846 2792 vestris
868 2725 995 2793 fortuna
1017 2724 1152 2791 cucum-

128 2810 245 2884 dederit:
271 2821 384 2888 dextra
406 2822 561 2908 laevaque
582 2822 647 2886 duo
669 2822 769 2887 maria
791 2819 942 2886 claudunt
964 2819 1083 2886 nullam
1108 2841 1148 2886 ne
1166 2840 1184 2887 4

128 2907 164 2975 al
191 2912 342 3002 effiagium
377 2916 506 3000 quidem
540 2938 656 2982 navem
686 2913 891 2993 habentibus,
927 2914 1010 2980 circa
1039 2912 1148 2980 Padus

129 3005 228 3086 imnis,
258 3010 360 3076 maior
383 3009 493 3077 Padus
526 3033 564 3077 ac
590 3009 756 3078 violentior
780 3009 951 3088 Rhodano,
987 3008 1028 3075 ab
1060 3017 1148 3094 tergo

130 3098 215 3188 Alpes
235 3115 362 3194 urgent,
390 3109 445 3174 vix
465 3109 599 3197 integris
621 3107 712 3174 vobis
736 3129 773 3172 ac
791 3105 970 3192 vigentibus
989 3104 1147 3169 transitae.

129 3190 172 3260 bic
186 3199 370 3268 vincendum
390 3213 445 3268 aut
463 3203 675 3280 moriendum,
699 3201 828 3279 milites,
854 3208 916 3276 est,
939 3196 994 3262 ubi
1010 3196 1147 3287 primum
1165 3215 1181 3265 5

115 3284 197 3358 bai
221 3297 410 3364 occurristis.
452 3307 483 3364 et
510 3298 622 3364 eadem
648 3295 790 3373 fortuna,
823 3314 903 3378 quae
928 3289 1149 3358 necessitatem

105 3390 274 3473 2pugnaudi
295 3390 451 3477 inposuit,
478 3392 620 3478 praemia
638 3390 729 3456 vobis
748 3412 785 3455 ea
803 3386 973 3454 victoribus
990 3385 1145 3473 proponit,

128 3479 226 3561 quibus
243 3484 397 3572 ampliora
414 3485 558 3552 homines
577 3507 617 3551 ne
635 3484 676 3551 ab
700 3485 759 3550 diis
782 3483 908 3568 quidem
929 3477 1146 3547 inmortalibus

126 3583 220 3658 optare
241 3579 354 3647 solent.
395 3582 423 3646 si
442 3579 585 3646 Siciliam
607 3588 729 3646 tantum
752 3601 789 3645 ac
809 3572 986 3645 Saidiniam
1009 3572 1179 3660 parenti-6

100 3661 176 3735 bus
197 3673 313 3740 nostris
341 3684 465 3761 ereptas
491 3687 601 3741 nostra
623 3675 737 3740 virtute
758 3670 970 3757 recuperaturi
992 3688 1144 3748 essemus,

100 3763 187 3831 -atis
212 3775 321 3835 tamen
345 3769 452 3857 ampla
477 3769 579 3857 pretia
604 3778 724 3836 essent:
761 3765 913 3853 quidquid
937 3760 1074 3829 Romani
1099 3770 1146 3830 tot

119 3860 277 3951 triumphis
307 3874 438 3953 partum
472 3859 721 3953 congestumque
759 3861 935 3950 possident,
979 3859 1014 3924 id
1051 3879 1145 3926 omns

117 3967 250 4026 casuum
277 3981 351 4028 cum
376 3959 455 4048 ipsis
482 3961 618 4029 dominis
644 3960 786 4028 futurum
812 3966 869 4024 est.
912 3954 947 4020 in
970 3954 1054 4023 hano
1079 3962 1177 4022 tamt

934 4056 970 4112 30

947 4180 954 4189 ”
1153 4202 1261 4256 1-
