2528 4530
312 236 433 293 amna
449 236 551 307 xxn,
568 235 667 294 soso.
686 235 839 308 [acme]
1032 222 1098 290 105

80 400 161 466 nlam
185 397 276 463 facto
301 394 368 460 vivi
388 394 565 479 mortuique
588 402 620 460 et
640 417 698 481 per
720 417 830 463 omnes
856 416 957 483 paene
984 395 1096 462 domos
1141 442 1144 447 -

80 495 240 560 romiscue
263 489 526 576 oonplorarentur,
550 500 617 554 turn
641 488 682 573 Q.
699 489 821 557 Fabius
838 490 1002 557 Maximus
1024 509 1131 557 een-e

80 590 121 654 uit
143 587 272 672 equites
295 584 458 671 expeditos
482 595 514 648 et
530 582 638 670 Appia
659 594 691 650 et
707 584 827 651 Latina
847 585 900 651 via
916 585 1096 663 mittendos,

80 682 112 766 ui
129 681 246 747 obvios
264 677 532 766 percrmctando-
540 678 662 762 aliquos
675 679 819 764 profecto
831 702 872 746 ex
885 679 964 768 firgo
977 680 1097 767 passim

80 777 232 862 issipatos
257 774 325 840 fore
341 810 369 821 -
384 772 536 850 referant,
563 793 644 856 quae
667 773 793 839 fortuna
814 775 979 840 consulum
1002 786 1097 860 atque

80 871 258 936 xercituum
276 867 318 933 sit
335 877 380 945 et,
404 866 432 932 si
448 866 525 951 quid
542 867 586 931 dii
603 867 799 946 inmortales,
821 869 952 934 miseriti
974 869 1096 956 imperi,
1115 887 1135 935 5

80 966 217 1049 eliquum
239 961 378 1028 Romani
399 960 534 1027 nominis
556 961 702 1040 fecerint,
728 962 785 1028 ubi
806 983 862 1028 eae
888 964 997 1050 copiae
1025 964 1097 1041 sint,

80 1083 123 1144 [uo
150 1080 186 1124 se
214 1055 378 1122 Hannibal
408 1064 482 1141 post
505 1055 660 1142 proelium
686 1055 865 1135 contulerit,
897 1057 973 1141 quid
997 1068 1097 1143 paret,

80 1155 137 1239 quid
159 1162 239 1238 agat
260 1161 450 1235 acturusque
472 1150 526 1215 sitt
561 1149 641 1216 haec
663 1151 855 1236 exploranda
876 1152 1098 1236 noscendaque
1116 1172 1136 1220 e

80 1271 118 1334 rer
141 1246 287 1332 inpigros
308 1245 439 1310 invenes
462 1266 543 1310 esse.
586 1244 666 1310 illud
687 1267 744 1331 per
764 1255 870 1332 patres
892 1246 979 1332 ipsos
1002 1268 1099 1332 agen-

80 1344 151 1419 lum,
174 1339 328 1425 qnoniam
346 1339 588 1425 magistratuum
604 1361 717 1426 parurn
736 1340 791 1418 sit,
813 1351 849 1406 ut
869 1340 1039 1433 tumultum
1061 1361 1099 1405 ao

80 1436 304 1523 trepidationem
325 1434 359 1499 in
380 1433 459 1500 urbo
481 1434 607 1512 tollant,
633 1445 792 1501 matronas
819 1435 946 1523 publico
973 1445 1100 1502 arceant

84 1530 279 1614 mutuerique
296 1529 379 1595 intra
401 1551 495 1594 suum
516 1550 675 1614 quamque
698 1529 794 1596 limen
816 1540 945 1618 cogant,
971 1530 1134 1616 conplet

83 1632 150 1693 ntus
167 1623 364 1688 familiarum
388 1634 566 1702 coerceant,
594 1624 752 1690 silentium
769 1646 826 1711 per
842 1625 954 1691 urbem
971 1625 1098 1703 saciant,

80 1719 188 1785 nundus
218 1741 325 1783 rerum
347 1718 488 1784 omnium
509 1718 551 1784 ad
572 1728 732 1804 praetores
756 1719 957 1786 deducendos
980 1729 1098 1797 curent,

80 1835 140 1880 uae
155 1814 295 1898 quisque
312 1813 457 1879 fortunae
475 1813 560 1879 domi
577 1823 737 1879 auctorem
755 1823 921 1902 expectent
938 1814 1100 1881 custodes-
1117 1833 1137 1882 8

80 1930 125 1994 que
137 1918 304 1996 praeterea
317 1908 358 1973 ad
370 1919 477 1994 portas
491 1918 623 1995 ponant,
641 1908 696 1994 qui
709 1909 897 1996 prohibeant
909 1931 1100 1995 quemquam

80 2005 171 2091 egredi
203 2002 316 2068 urbem
347 2013 524 2090 cogantque
555 2003 698 2070 homines
724 2004 844 2070 nullam
871 2005 934 2070 nisi
959 2004 1037 2070 urbe
1061 2025 1101 2070 ao

80 2099 232 2165 noenibus
260 2097 355 2163 salvis
382 2098 517 2164 salutem
543 2121 679 2184 sperare.
723 2098 779 2164 ubi
805 2099 991 2166 conticuerit
1015 2108 1102 2164 recte

80 2194 233 2271 umultus,
253 2202 321 2255 tum
337 2192 371 2257 in
388 2192 507 2258 curiam
524 2203 629 2279 patres
647 2194 841 2259 revocandos
859 2194 1103 2259 consulendum·

80 2310 126 2372 que
143 2289 185 2353 de
203 2286 291 2352 urbis
310 2287 454 2353 custodia
472 2309 552 2354 esse.
1001 2337 1016 2367 0

128 2381 224 2447 LVI.
262 2379 346 2447 Cum
362 2381 396 2445 in
413 2380 495 2446 hanc
513 2382 699 2448 sententiam
716 2381 850 2469 pedibus
869 2403 978 2447 omnes
991 2381 1100 2457 issent,
1120 2402 1134 2448 1

80 2485 288 2559 summotaque
314 2474 383 2540 foro
412 2472 497 2563 [per]
520 2476 723 2563 magistratus
745 2476 837 2542 turba
858 2486 963 2563 patres
986 2473 1103 2539 diversi

80 2571 112 2635 sd
127 2571 285 2637 sedandos
303 2570 456 2636 tumultus
479 2571 713 2650 discessissent,
741 2582 809 2636 tum
831 2571 960 2636 demum
981 2569 1102 2634 litterae

80 2663 140 2730 rc.
150 2663 303 2730 Terentio
316 2665 446 2730 consule
459 2665 572 2731 allatae
590 2677 677 2730 sunt:
696 2667 738 2731 L.
747 2664 922 2730 Aemilium
940 2661 1102 2730 consulem
1120 2680 1140 2728 2

80 2758 305 2842 exercitumque
323 2779 464 2835 caesum,
484 2781 555 2824 sese
574 2757 707 2825 Canusii
724 2780 809 2838 esse,
831 2757 980 2843 reliquias
998 2766 1104 2822 tantae

80 2851 167 2918 cladis
193 2852 282 2918 velut
308 2874 348 2918 ex
373 2853 540 2941 naufragio
566 2855 775 2941 colligentem.
820 2854 861 2919 ad
887 2854 997 2919 decem
1018 2850 1105 2916 milia

82 2947 204 3012 militum
238 2946 340 3013 ferme
375 2970 445 3014 esse
479 2949 748 3036 inconpositorum
782 2949 1103 3032 inordinatorumque.

85 3034 215 3106 Poenum
235 3041 344 3106 sedere
362 3042 404 3107 ad
422 3040 565 3121 Cannas,
583 3043 616 3107 in
635 3043 829 3129 captivorum
846 3043 956 3129 pretiis
972 3041 1104 3128 praeda
1122 3060 1140 3108 s

88 3152 137 3214 que
150 3135 212 3200 alia
228 3155 290 3200 nec
306 3136 433 3202 victoris
451 3136 556 3202 animo
573 3158 633 3203 nec
650 3137 758 3224 magni
776 3137 865 3203 ducis
883 3157 969 3200 more
991 3134 1104 3199 nundi·

94 3237 208 3295 nanum.
247 3238 314 3294 tum
327 3229 467 3315 privatae
485 3252 612 3316 quoque
628 3253 686 3317 per
703 3232 815 3297 domos
833 3229 940 3295 clades
957 3228 1104 3315 vulgatae
1122 3246 1141 3294 4

99 3331 165 3400 eunt,
185 3325 331 3408 adeoque
357 3334 455 3390 totam
480 3324 591 3391 urbem
618 3325 758 3412 opplevit
778 3326 896 3402 luctus,
922 3333 959 3388 ut
981 3344 1106 3388 sacrum

94 3414 320 3484 murmurium
339 3416 464 3485 Cereris
481 3419 695 3486 intermissum
713 3420 768 3498 sit,
795 3418 870 3503 quia
890 3438 949 3482 nec
970 3416 1106 3504 lugenti-

95 3501 140 3573 bus
158 3510 189 3576 id
210 3512 317 3577 faeere
339 3523 389 3578 est
409 3513 460 3579 fas
482 3535 542 3580 neo
558 3514 623 3580 ulla
639 3514 672 3579 in
689 3513 744 3579 illa
760 3522 946 3598 tempestate
963 3520 1106 3575 matrona

95 3617 186 3686 expers
206 3605 311 3671 luctus
334 3606 446 3673 fuerat.
490 3607 596 3692 itaque
616 3631 657 3673 ne
679 3608 721 3674 ob
744 3607 876 3673 eandem
898 3626 1027 3670 causam
1044 3603 1143 3672 sliat

97 3702 200 3772 quoque
226 3713 316 3757 sacra
341 3692 468 3778 publica
494 3704 549 3758 aut
573 3693 695 3780 privata
720 3693 946 3769 desererentur,
978 3697 1105 3755 senatus

99 3782 220 3851 consulto
237 3785 349 3853 diebus
367 3787 495 3874 triginta
511 3787 615 3854 luctus
634 3798 681 3854 est
699 3788 816 3852 finitus.

148 3873 290 3945 Ceterum
307 3901 381 3946 oum
399 3882 508 3948 sedato
525 3881 613 3949 urbis
631 3880 767 3948 tumultu
783 3880 922 3946 revocati
939 3878 1106 3945 incuriam
1123 3897 1142 3947 6

102 3975 318 4054 lacesserent,
336 3975 416 4041 aliae
432 3976 562 4062 insuper
579 3998 619 4042 ex
633 3973 742 4042 Sicilia
753 3975 875 4041 litterae
892 3973 1016 4041 adlatae
1033 3982 1107 4040 sunt
