2528 4514
144 246 206 314 128
373 250 492 313 LIBER
510 253 626 326 XXIII,
645 253 743 310 15.16.
763 258 801 324 [a.
810 271 838 309 u.
849 252 949 319 abdi]

141 425 249 505 portas
258 412 434 481 Hannibali
455 412 659 490 clausissent,
679 409 800 478 Cumas
823 431 857 477 se
875 410 1039 477 contuleru

143 511 245 577 ceriae
261 509 380 596 praeda
396 506 487 573 militi
503 507 578 572 data
595 518 652 584 est,
672 505 747 572 urbs
765 505 887 591 direpta
905 515 999 589 atque
1016 507 1039 572 iu

109 627 124 673 t
207 603 321 670 Nolam
333 601 506 668 Marcellus
524 623 588 666 non
606 601 656 665 sui
673 600 776 687 magis
793 599 911 666 fiducia
922 600 1039 685 praesid

142 698 304 765 voluntate
333 696 510 784 principum
540 694 687 761 habebat.
730 692 822 781 plebs
853 694 1022 762 timebatur

142 794 245 861 omnis
262 793 305 859 L.
318 791 467 869 Bantius,
485 812 581 875 quem
599 789 789 856 conscientia
806 799 977 876 temptatae
994 792 1039 856 det

143 910 182 955 ac
199 896 302 953 metus
320 886 340 951 a'
356 895 498 972 praetore
507 884 653 950 Romano
670 906 756 949 nunc
768 883 809 949 ad
826 884 1033 970 proditionem

142 1003 240 1060 nunc,
268 980 296 1046 si
312 979 354 1048 ad
370 979 404 1045 id
421 978 547 1045 fortuna
564 977 733 1056 defuisset,
761 978 802 1044 ad
824 977 1039 1065 transfugiend

109 1074 297 1152 emulabat,
334 1083 401 1140 erat
429 1072 553 1138 iuvenis
580 1094 653 1138 acer
682 1083 714 1137 et
740 1072 898 1138 sociorum
929 1094 967 1137 ea
994 1083 1039 1137 teu

142 1191 240 1257 prope
261 1166 478 1234 nobilissimus
496 1187 603 1251 eques.
641 1166 831 1232 seminecem
849 1188 923 1231 eum
940 1166 982 1231 ad
1000 1165 1039 1231 Oa

90 1286 94 1293 ’
143 1285 256 1330 acervo
273 1283 437 1329 caesorum
454 1282 622 1347 corporum
639 1260 802 1326 inventum
819 1271 1024 1345 curatumque

108 1358 237 1426 aetiam
264 1379 337 1423 cum
363 1355 454 1421 donis
471 1353 635 1421 Hannibal
661 1354 790 1420 domum
815 1353 989 1420 remiserat.

142 1451 277 1539 gratiam
294 1450 397 1515 meriti
413 1471 481 1516 rem
497 1447 654 1514 Nolanam
674 1448 708 1513 in
726 1448 775 1514 ius
795 1448 1012 1533 dicionemque
1029 1449 1039 1512 ε’

143 1547 245 1611 luerat
261 1544 386 1622 Poeno,
414 1543 606 1627 anxiumque
624 1565 697 1608 eum
715 1553 746 1608 et
764 1542 932 1608 sollicitum
950 1565 1024 1608 cura

93 1659 126 1710 ιο
143 1662 195 1706 res
213 1648 338 1726 praetor
355 1636 513 1704 cernebat.
550 1646 689 1703 ceterum
706 1659 779 1703 cum
796 1646 851 1702 aut
868 1657 972 1721 poena
985 1637 1039 1702 coh

144 1742 229 1802 esset
249 1743 304 1799 aut
326 1732 478 1799 beneficio
499 1731 729 1810 conciliandus,
755 1729 818 1798 sibi
839 1731 1039 1818 adsumpsiss

142 1829 227 1894 hosti
255 1827 412 1894 ademisse
437 1825 552 1892 fortem
578 1848 616 1892 ac
642 1836 805 1892 strenuum
830 1825 942 1892 maluit
965 1827 1039 1893 socii

95 1943 126 1991 11
146 1924 305 2005 citumque
331 1921 373 1986 ad
399 1943 433 1987 se
459 1919 595 2007 benigne
620 1920 775 2007 appellat:
812 1920 928 1986 multos
956 1943 1027 1987 eum

144 2017 226 2081 inter
246 2015 407 2102 popularis
429 2014 546 2081 habere
566 2015 640 2081 iude
662 2016 843 2082 existimatu
864 2015 959 2081 facile
982 2037 1039 2082 ess<

84 2141 87 2149 ·
143 2132 237 2176 nemo
264 2110 342 2176 civis
368 2109 509 2176 Nolanus
537 2109 598 2176 sibi
621 2109 824 2188 indicaverit,
860 2131 958 2194 quam
984 2108 1039 2175 mul

94 2225 124 2274 12
145 2205 273 2292 egregia
289 2204 431 2271 facinora
447 2203 593 2270 militaria
610 2214 731 2283 essent3
750 2214 798 2270 set
816 2205 871 2290 qui
883 2204 1039 2271 inRomar

145 2299 257 2365 taverit
283 2299 408 2378 castris,
434 2322 499 2365 non
523 2321 618 2385 posse
645 2298 813 2364 obscuram
835 2299 903 2364 eius
926 2299 1039 2364 virtute

145 2394 261 2459 multos
284 2392 358 2472 sibi,
384 2393 439 2478 qui
461 2415 533 2459 cum
555 2414 593 2458 eo
615 2393 771 2478 stipendia
792 2392 936 2472 fecerint,
965 2394 1039 2459 refer

144 2489 192 2554 vir
209 2496 294 2554 esset
310 2487 377 2566 ille,
405 2507 548 2572 quaeque
569 2495 601 2552 et
622 2487 768 2570 quotiens
784 2487 925 2573 pericula
947 2511 1004 2573 pro
1023 2511 1039 2552 s:

96 2604 126 2651 ra
145 2583 297 2670 dignitate
313 2581 424 2668 populi
440 2580 578 2647 Romani
595 2581 725 2660 adisset,
752 2582 860 2666 utique
880 2580 1040 2648 Cannensi

143 2699 209 2742 non
233 2676 321 2763 prius
347 2698 455 2762 pugna
479 2675 635 2741 abstiterit
660 2698 757 2762 quam
781 2698 880 2762 prope
907 2675 1039 2764 exangui

96 2780 100 2793 ‘
145 2770 442 2855 superincidentium
464 2770 616 2849 virorum,
645 2792 798 2855 equorum
821 2793 1039 2855 armorumque

95 2884 128 2931 14
144 2887 285 2953 pressus.
322 2865 441 2949 ‘itaque
458 2875 560 2932 macte
577 2866 691 2931 virtute
710 2865 803 2944 esto‚'
824 2866 926 2950 inquit
944 2872 1036 2952 ‘aput

144 2959 247 3026 omnis
264 2959 365 3025 honos
383 2968 477 3044 atque
495 2982 588 3026 omne
605 2960 779 3046 praemium
797 2960 856 3026 erit
873 2970 917 3038 et,
945 2982 1009 3045 quo
1032 2968 1039 3024 t

145 3053 206 3119 tior
226 3075 350 3119 mecum
373 3051 485 3132 fueris,
513 3055 629 3121 senties
652 3077 722 3120 eam
738 3076 811 3119 rem
833 3053 890 3121 tibi
912 3054 1039 3141 digmtat

95 3167 127 3216 15
145 3147 356 3214 emolumento
391 3147 495 3227 esse’,
539 3148 684 3232 laetoque
717 3148 825 3214 iuveni
859 3149 1025 3233 promissis

144 3243 295 3309 eximium
320 3242 404 3308 dono
430 3243 502 3320 dat,
538 3240 725 3329 bigatosque
756 3242 946 3330 quingentos
978 3267 1039 3329 qua

143 3357 308 3402 numerare
334 3336 440 3415 iubet,
475 3335 638 3403 lictoribus
664 3337 816 3423 imperat,
852 3347 888 3402 ut
914 3359 989 3402 eum
1016 3362 1039 3404 s«

144 3429 289 3515 quotiens
306 3430 396 3509 velit,
413 3430 581 3517 patiantur.

112 3546 125 3593 1
209 3522 306 3591 XVL
349 3525 422 3591 Hac
445 3525 590 3592 comitate
607 3524 752 3591 Marcelli
774 3526 888 3592 ferocis
910 3527 1036 3594 iuvenis

88 3652 92 3659 ·
145 3619 256 3686 adeost
276 3619 429 3698 mollitus,
456 3629 492 3685 ut
512 3640 605 3686 nemo
626 3620 700 3686 iude
727 3621 883 3686 sociorum
909 3643 978 3687 rem
1000 3622 1039 3688 R<

110 3733 126 3781 a
144 3713 256 3780 fortius
274 3736 312 3780 ac
334 3713 458 3781 fidelius
478 3714 606 3793 iuverit,
633 3735 706 3780 cum
724 3714 887 3781 Hannibal
909 3716 950 3781 ad
967 3726 1039 3803 port

144 3808 297 3877 -Nolam
315 3810 399 3876 enim
415 3832 525 3875 rursus
544 3809 712 3876 aNuceria
728 3811 828 3876 movit
844 3820 948 3877 castra
960 3848 990 3860 ·-
1006 3812 1039 3898 pl

89 3938 94 3950 =
144 3901 267 3968 Nolana
284 3905 324 3969 de
341 3904 463 3992 integro
480 3905 521 3971 ad
539 3903 748 3970 defectionem
766 3915 930 3991 spectaret

109 4015 128 4065 a
209 3995 380 4064 Marcellus
416 3998 474 4065 sub
509 4000 679 4066 adveutum
713 3999 852 4066 hostium
887 4001 971 4067 intra
1006 4025 1039 4066 m
