2528 4514
146 220 209 288 296
377 231 496 288 LIBER
512 231 624 300 XXVI,
643 230 686 285 27.
700 231 742 285 28.
763 233 800 299 [a.
811 247 839 285 u.
850 229 950 299 caca]

147 415 317 479 servosque
348 391 490 456 conscios
522 388 774 456 animadversum
804 398 862 454 est.
924 386 1022 454 indici
1049 387 1159 455 libertas
1195 358 1198 469 l

147 491 221 557 data
239 501 270 553 et
288 486 400 573 viginti
418 485 504 549 milia
521 484 612 549 aeris.

93 603 124 650 10
211 581 344 650 Consuli
378 578 523 645 Laevino
559 577 702 664 Capuam
741 577 954 663 praetereunti
993 577 1163 659 circanam

147 677 313 744 multitudo
336 673 570 760 Campanorum
597 682 646 738 cst
672 672 904 737 obsecrantium
931 693 1006 736 cum
1032 671 1161 748 lacrinia

148 782 183 839 ut
210 771 270 837 sibi
296 769 432 835 Romam
458 767 499 831 ad
526 777 669 832 senatum
694 767 740 831 ire
765 766 872 831 liceret
898 775 1038 844 oratum,
1067 766 1162 850 siqua

148 865 361 932 misericordia
378 863 504 928 tandem
522 861 605 927 flecti
622 871 764 948 possent,
782 883 823 925 ne
842 883 876 926 se
894 861 937 926 ad
949 860 1097 926 ultimum
1107 883 1163 947 per·

149 962 249 1027 ditum
274 961 355 1025 irent
380 979 557 1042 nomenque
581 956 815 1042 Campanorum
837 980 857 1022 a
879 954 920 1038 Q.
939 955 1062 1023 Flacco
1086 955 1162 1021 deleti

98 1078 128 1123 11
150 1058 295 1123 sinerent.
338 1053 472 1121 Flaccus
499 1052 560 1118 sibi
585 1052 740 1138 prIvatam
767 1051 959 1117 simultatem
986 1074 1064 1117 cum
1089 1050 1163 1118 Cun-

148 1151 238 1238 panis
264 1170 382 1236 negare
403 1146 499 1212 ullam
522 1169 607 1225 esse,
634 1146 775 1232 publicas
796 1147 978 1213 inimicitias
1004 1146 1166 1213 hostiliset

149 1266 219 1310 esse
238 1252 269 1308 et
286 1243 422 1318 futuras,
450 1241 554 1325 quoad
577 1263 615 1306 eo
637 1241 742 1307 animo
760 1263 830 1308 esse
852 1263 929 1327 erga
946 1241 1101 1328 populum
1115 1239 1166 1306 Ro·

99 1361 130 1409 12
148 1360 277 1404 manum
296 1336 401 1415 sciret3
419 1335 538 1400 nullam
556 1336 638 1400 enim
656 1336 689 1400 in
707 1335 796 1401 terris
813 1345 942 1422 gentem
961 1358 1046 1414 esse,
1064 1335 1165 1401 nullm

149 1433 341 1499 infestiorem
360 1430 512 1517 populum
533 1431 653 1495 nomini
670 1431 832 1496 Romano:
867 1430 940 1496 ideo
963 1453 999 1496 se
1018 1430 1166 1497 moenibus

148 1527 286 1593 inclusos
305 1535 410 1590 tenere
428 1547 497 1603 eos,
524 1525 611 1609 quia,
639 1525 667 1590 si
684 1526 738 1610 qui
756 1525 931 1591 evasissent
949 1526 1073 1611 aliqua,
1098 1525 1168 1591 velut

150 1622 234 1688 feras
265 1621 382 1687 bestias
414 1642 471 1705 per
501 1643 594 1707 agros
625 1619 734 1707 vagari
764 1630 795 1685 et
820 1620 938 1686 laniare
966 1629 998 1685 et
1030 1620 1167 1687 bucidarc

100 1739 132 1786 13
150 1718 370 1802 quodcumque
393 1715 521 1780 obvium
544 1717 643 1780 detur.
689 1715 767 1781 alios
789 1716 830 1780 ad
847 1714 1068 1781 Hannibalem
1084 1724 1168 1780 uana·

149 1812 285 1898 fugisse,
309 1810 386 1874 alios
405 1811 445 1874 ad
463 1810 598 1875 Romam
615 1810 841 1874 incendendam
859 1808 1034 1895 profectos.
1077 1811 1168 1875 inven-

150 1916 254 1970 turum
276 1904 309 1968 in
332 1915 472 1969 semusto
493 1905 562 1970 foro
585 1905 746 1970 consulem
773 1905 906 1991 vestigia
934 1903 1067 1971 sceleris
1089 1903 1167 1970 Can·

100 2021 313 2086 aspanorum.
365 1997 484 2064 Vestae
510 2001 620 2065 aedem
651 2001 779 2085 petitam
806 2008 837 2064 et
863 2009 1011 2064 aeternos
1038 1999 1167 2086 igneset

151 2093 310 2158 conditum
335 2092 368 2157 in
394 2094 546 2180 penetrali
567 2094 663 2159 fatale
684 2093 799 2180 pignus
822 2093 934 2178 imperi
956 2092 1106 2160 Romani.
1139 2112 1167 2156 sc

151 2188 277 2252 minime
296 2210 424 2253 censere
442 2198 544 2253 tutum
563 2211 633 2254 esse
649 2187 821 2273 Campanis
838 2196 1034 2273 potestatem
1052 2184 1165 2253 innanti
1195 2194 1198 2215 ²

100 2304 131 2349 15
149 2283 294 2348 Romana
311 2285 435 2348 moenia
453 2284 529 2349 fieri.
574 2284 738 2348 Laevinus
757 2282 937 2369 Campanos
961 2283 1033 2349 iure
1055 2281 1164 2349 iurando
1196 2330 1198 2339 .

151 2402 170 2443 a
187 2377 303 2443 Flacco
321 2379 463 2456 adactos,
492 2379 601 2462 quinto
619 2379 669 2442 (lie
688 2401 783 2462 quam
805 2377 845 2442 ab
864 2389 977 2443 senatu
997 2396 1163 2465 responsum

150 2473 345 2558 accepissent
370 2472 514 2559 Capuam
539 2473 707 2550 redituros,
741 2473 829 2556 sequi
856 2494 890 2537 se
916 2472 1059 2538 Romam
1083 2470 1160 2537 iussit.

99 2586 131 2634 16
149 2566 209 2631 hac
223 2567 431 2632 circumfusus
445 2566 655 2644 multitudine,
671 2566 763 2631 simul
774 2564 890 2632 Siculis
904 2566 1037 2632 obviam
1051 2562 1160 2654 egressis

151 2661 347 2744 secutisque,
382 2659 518 2725 Romam
544 2660 676 2746 praeivit
707 2660 952 2726 clarissimarum
976 2662 1102 2727 urbium
1121 2680 1159 2724 ex·
1194 2738 1198 2747 „

150 2754 232 2818 cidio
259 2753 324 2839 (ac)
351 2754 559 2820 celeberrimis
586 2754 661 2820 viris
687 2755 787 2820 victos
813 2753 896 2819 bello
924 2751 1157 2822 accusatoresia
1196 2816 1198 2823 A

101 2869 130 2913 17
150 2846 260 2912 urbem
287 2848 455 2914 adducens.
508 2849 607 2914 dere
633 2848 759 2934 publica
785 2859 895 2924 tamen,
915 2850 1057 2935 primum
1081 2871 1112 2916 ac
1129 2845 1156 2910 dt
1192 2869 1194 2873 “

150 2941 318 3027 provinciis
337 2941 429 3008 ambo
448 2944 592 3008 consules
611 2944 652 3008 ad
671 2952 814 3008 senatum
830 2944 990 3010 rettulere.
1197 2973 1198 2976 ¹

118 3054 131 3100 1
214 3034 383 3101 XXVIII.
440 3036 490 3101 Ibi
516 3038 698 3116 Laevinus,
734 3059 797 3122 quo
824 3047 908 3102 statu
935 3036 1155 3104 Macedoniae
1194 3090 1198 3109 2

152 3127 299 3208 Graecia,
327 3128 448 3209 Aetoli,
475 3130 659 3197 Acarnanes
677 3132 836 3216 Locrique
854 3144 962 3197 essent
980 3125 1154 3217 quasqueill

116 3241 131 3288 2
150 3248 200 3290 res
218 3226 287 3310 ipsc
305 3225 423 3310 egisset
440 3235 521 3290 terra
543 3226 697 3311 marique,
725 3227 884 3312 exposuitz
910 3225 1105 3314 Philippum,
1123 3221 1155 3287 ia
1195 3250 1198 3312 j

150 3320 302 3385 serentem
320 3320 437 3385 bellum
455 3320 594 3399 Aetolis,
612 3321 877 3387 inMacedoniam
895 3332 979 3387 retro
999 3321 1041 3389 ab
1058 3343 1089 3387 se
1103 3337 1155 3383 oca

150 3413 277 3500 pulsum
296 3415 336 3478 ad
353 3415 473 3479 intuma
489 3416 614 3501 penitus
632 3417 722 3503 regni
739 3416 857 3493 abisse,
876 3415 1095 3502 legionemque
1103 3408 1156 3477 inte

152 3508 265 3573 deduci
295 3531 408 3595 posse,
449 3510 583 3575 classem
614 3513 689 3576 satis
721 3534 791 3577 ease
823 3510 863 3576 ad
893 3511 1066 3576 arcendum
1088 3502 1157 3573 lali·

117 3620 132 3667 3
151 3625 267 3688 regem.
299 3602 378 3668 haec
396 3604 435 3668 de
453 3626 487 3668 se
506 3605 607 3687 deque
624 3606 799 3690 provincia,
819 3604 870 3668 cui
887 3605 1076 3690 praetirerat.
1103 3618 1156 3666 coa

152 3697 256 3760 sulum
283 3696 322 3760 de
348 3697 517 3782 provinciis
544 3699 718 3763 communis
744 3699 854 3764 relatio
884 3698 955 3764 fuit.
1019 3699 1156 3763 decrevere

150 3800 270 3875 patres,
297 3799 333 3855 ut
354 3791 442 3856 alteri
465 3793 629 3858 consulum
651 3793 743 3859 Italia
764 3792 946 3876 bellumque
968 3814 1043 3858 cum
1059 3784 1155 3857 Hanni

151 3883 223 3948 bale
240 3885 401 3969 provincia
419 3897 516 3965 esset,
535 3887 612 3953 alter
630 3887 777 3965 classem,
797 3888 847 3953 oui
862 3887 900 3951 Τ.
918 3885 1072 3953 Otacilius
1087 3900 1154 3970 put

153 3976 264 4042 fuisset
287 3977 489 4064 Siciliamque
519 3983 712 4067 provinciam
740 4004 812 4046 cum
834 3982 875 4046 L.
901 3980 1014 4048 Cincio
1039 3986 1155 4067 praetore
