2528 4530
144 225 146 228 ’
210 241 274 308 146
437 254 556 311 urana
573 252 687 324 xxm,
705 253 749 309 31.
763 251 805 308 aa.
826 250 1011 324 [arama]

210 439 283 481 oum
308 413 476 491 tonuisset,
504 414 608 477 vocati
631 435 767 497 augures
790 412 867 475 vitio
890 420 1031 476 creatum
1053 408 1158 477 videri
1178 432 1252 499 pro·

209 507 445 584 nuntiaverunt,
473 504 632 592 volgoque
659 513 764 590 patres
790 504 835 569 ita
861 497 949 568 fama
973 503 1133 582 ferebant,
1166 505 1251 590 quod

211 613 278 668 tum
304 600 440 688 primum
467 600 529 664 duo
555 597 660 687 plebei
686 598 832 664 consules
863 597 940 663 faeti
965 606 1086 676 essent,
1121 597 1159 662 id
1185 599 1251 665 deis

161 719 194 770 14
211 697 298 764 sordi
315 718 379 761 non
397 717 477 761 esse.
520 695 554 759 in
575 695 681 761 losum
698 692 857 772 Marcelli,
886 693 941 758 ubi
957 693 986 758 is
1005 715 1040 759 se
1062 694 1250 781 magistratu

211 790 384 868 abdicavit,
404 788 556 855 suffectus
576 786 617 872 Q.
635 788 756 854 Fabius
774 787 938 853 Maximus
956 786 1092 852 tertium.

162 908 194 956 15
276 883 368 950 Mare
382 884 458 949 arsit
472 905 509 949 eo
523 906 616 961 anno;
635 883 676 948 ad
687 880 874 950 Sinuessam
887 883 945 948 bos
960 881 1105 948 eculeum
1113 882 1248 969 peperit3

215 980 305 1068 signa
322 979 450 1045 Lanuvi
473 979 515 1044 ad
531 978 663 1043 Iunonis
685 976 831 1064 Sospitae
849 1000 960 1044 eruore
982 998 1152 1042 manavere
1172 976 1248 1063 lapi·

214 1075 370 1159 dibusque
392 1074 476 1138 enea
496 1074 530 1136 id
552 1071 704 1157 templum
726 1073 816 1156 pluit.
861 1071 902 1137 ob
926 1094 1020 1156 quem
1041 1070 1179 1137 imbrem
1195 1093 1246 1137 no-

213 1168 381 1245 vemdiale,
399 1175 436 1230 ut
454 1165 590 1243 adsolet,
610 1187 734 1230 sacrum
747 1165 821 1243 fuit,
840 1173 1005 1250 ceteraque
1017 1166 1245 1253 prodigiaeum

215 1284 290 1327 eura
307 1261 444 1348 expiata.

181 1378 194 1425 1
277 1354 434 1420 ΧΧΧΠ.
480 1352 637 1420 Consules
668 1353 824 1418 exercitus
854 1353 936 1419 inter
962 1377 1032 1421 sese
1064 1354 1242 1421 diviserant

213 1449 316 1516 Fabio
351 1448 507 1515 exereitus
534 1447 655 1526 Teani,
695 1447 747 1512 oui
772 1446 820 1512 M.
847 1446 959 1512 Iunius
992 1449 1127 1516 dictator
1160 1471 1243 1536 prse-

214 1544 331 1623 fuerat,
351 1542 470 1622 evenit3
499 1539 686 1629 Sempronio
703 1540 896 1626 volonesque
913 1540 1027 1606 fierent
1043 1551 1075 1606 et
1094 1543 1243 1609 sooiornm

181 1659 195 1706 a
214 1638 327 1728 viginti
344 1637 482 1723 quinque
504 1636 604 1716 milia;
631 1636 679 1701 M.
698 1635 827 1703 Valerio
849 1637 986 1722 praetori
1003 1636 1147 1726 legiones
1168 1656 1239 1721 qnae

214 1757 255 1801 ex
275 1731 383 1800 Sicilia
401 1733 557 1798 redissent
574 1733 731 1811 decretae,
750 1731 798 1796 M.
815 1729 968 1798 Claudius
986 1755 1044 1818 pro
1063 1731 1191 1799 consule
1203 1728 1238 1797 sd

215 1851 287 1893 eum
311 1825 495 1904 exereitum,
522 1824 577 1910 qui
600 1848 695 1913 supra
718 1823 904 1893 Suessulam
926 1826 1027 1894 Nolae
1048 1827 1233 1914 praesideret,

214 1921 351 1998 missus3
394 1929 555 2007 praetores
585 1920 620 1985 in
651 1917 794 1986 Siciliam
823 1942 861 1986 aa
892 1917 1071 1987 Sardiniam
1108 1918 1232 2009 profe&

183 2014 362 2084 sconsules
389 2013 567 2093 edixerunt,
594 2015 739 2100 quotiens
765 2016 799 2080 in
826 2025 970 2082 senatum
995 2027 1175 2095 vocassent,
1196 2012 1244 2079 uti·

216 2117 377 2175 senatores
403 2106 583 2193 quibusque
607 2109 642 2173 in
669 2118 779 2174 senatu
805 2109 908 2177 disere
931 2111 1120 2176 sententiam
1144 2111 1230 2175 lieuet

181 2224 198 2269 4
216 2203 257 2269 ed
273 2210 396 2290 portam
406 2199 570 2289 Capenam
588 2204 798 2269 convenirent
833 2214 1003 2290 praetores,
1021 2226 1156 2289 quorum
1170 2200 1229 2270 iuis

216 2296 310 2363 dictio
327 2306 407 2375 erat,
426 2296 594 2363 tribunalia
611 2299 653 2364 ad
669 2298 823 2384 pissinam
835 2297 995 2384 publicam
1006 2307 1188 2384 posuerunt3
1202 2314 1229 2362 so

215 2390 394 2459 vadimonia
411 2391 479 2457 fieri
495 2391 794 2476 iusserunt,'ibique
812 2414 850 2458 eo
868 2416 950 2460 anno
968 2393 1018 2459 ius
1037 2394 1155 2460 dietum
1170 2400 1216 2458 est

183 2508 198 2556 5
280 2486 411 2553 Interim
434 2484 673 2574 Carthaginem,
700 2487 784 2552 unde
809 2486 911 2575 Mago
936 2487 1034 2555 frater
1059 2482 1232 2555 Hannibali!¹
1258 2540 1260 2544 -

217 2579 384 2647 duodecim
405 2579 492 2645 milia
512 2581 668 2666 peditum,
697 2578 811 2671 [mille]
844 2591 876 2647 et
901 2583 1092 2671 quingentos
1120 2579 1229 2667 equitet,

216 2672 328 2761 viginti
345 2672 540 2760 elephantos,
568 2675 654 2741 mille
675 2676 798 2764 argenti
820 2675 937 2743 talenta
953 2678 987 2742 in
1006 2676 1134 2744 Italiam
1150 2685 1232 2755 bant:

218 2767 372 2833 missuum
390 2777 456 2834 erat
473 2791 546 2834 eum
562 2770 719 2857 praesidio
738 2770 903 2860 sexaginta
922 2772 1053 2839 navium
1074 2771 1230 2859 lougnfflfflr
1258 2768 1260 2773 ⁵

185 2883 199 2930 o
217 2859 345 2927 nuntius
364 2862 514 2942 adfertur,
532 2863 567 2928 in
579 2863 737 2952 Hispania
753 2887 820 2933 rem
838 2866 920 2931 male
936 2876 1061 2954 gestam
1079 2882 1230 2951 omnesqw

219 2953 319 3021 ferme
348 2955 417 3022 eius
446 2958 626 3044 provinciae
656 2960 791 3047 populos
824 2961 865 3026 ad
890 2960 1053 3028 Romanos
1086 2962 1229 3029 defessa

188 3073 202 3118 s
221 3060 310 3116 erant
327 3051 381 3135 qui
394 3050 567 3141 Magonem
584 3074 658 3120 oum
675 3055 777 3121 classe
796 3078 834 3122 ea
851 3056 1013 3142 copiisque
1032 3058 1151 3124 omissa
1158 3052 1230 3123 lsai·

218 3145 252 3211 in
268 3145 460 3235 Hispaniam
480 3158 668 3230 averterent,
697 3172 769 3216 eum
793 3149 957 3218 Sardiniae
978 3152 1175 3239 recipiendae
1193 3168 1230 3217 rt·

65 3304 68 3309 Α
185 3241 346 3334 spentina
372 3264 446 3329 spes
472 3243 613 3310 adfulsit:
644 3267 778 3332 parvum
802 3245 847 3312 ibi
873 3246 1045 3312 exereitum
1071 3247 1230 3314 nomam

219 3357 305 3416 esse,
332 3346 470 3403 veterem
491 3348 666 3425 praetorem
691 3341 765 3405 inde
791 3339 834 3407 A.
862 3339 1046 3409 Cornelium
1071 3338 1229 3430 pavium

186 3450 200 3498 o
219 3430 354 3517 peritum
376 3431 541 3512 desedere,
568 3454 686 3500 novum
713 3435 885 3521 expectari3
911 3436 953 3501 ad
977 3435 1040 3502 hoe
1060 3436 1164 3504 fessos
1182 3434 1230 3500 ian

219 3524 341 3591 animos
360 3522 533 3593 Sardorum
550 3550 619 3594 esse
636 3524 839 3595 diuturnitate
856 3528 982 3616 imperi,
1001 3538 1034 3596 et
1050 3524 1230 3617 proximu

218 3642 300 3689 anno
319 3619 430 3687 acerbe
449 3630 541 3708 atque
560 3645 651 3689 avare
668 3623 870 3710 imperatum,
889 3624 979 3712 gravi
992 3624 1111 3692 tributo
1127 3635 1160 3693 et
1174 3640 1230 3690 eos·

219 3713 335 3781 latione
356 3714 463 3800 iniqua
480 3715 628 3783 fmmenti
647 3740 790 3805 pressos3
816 3718 896 3784 nihil
917 3719 1029 3786 deesse
1050 3720 1139 3787 aliud
1153 3732 1230 3806 quw

169 3826 202 3875 ro
220 3819 394 3889 auctorem,
421 3810 463 3876 ad
484 3833 579 3896 quem
600 3813 777 3880 deficerent.
822 3813 901 3880 haee
923 3813 1119 3882 elandeaina
1134 3808 1231 3902 aab

220 3924 276 3988 per
292 3902 449 3992 prinsipes
467 3905 567 3974 missa
582 3917 649 3974 erat
664 3908 802 3974 maxime
816 3931 890 3975 eam
906 3930 975 3976 rem
991 3907 1233 3977 molientellm·

219 3996 357 4082 psioora,
382 3999 438 4086 qui
459 4010 528 4067 tum
548 4003 732 4071 austeritate
757 4012 851 4091 atque
873 4002 987 4093 opibus
1008 4004 1106 4093 longe
1129 4003 1233 4093 primu
