2528 4514
147 231 211 300 358
368 243 487 298 arnna
504 243 632 313 xxvu,
650 243 693 298 aa.
706 243 750 296 aa
771 246 810 312 [a.
819 260 847 297 u.
858 243 956 311 asro]

96 424 128 473 13
148 402 249 480 saxis,
268 401 414 479 sudibus,
432 400 505 486 pilis
525 401 701 465 absterrent
718 398 855 464 hostem.
899 398 946 463 ita
961 399 1032 463 inde
1044 398 1135 463 Hanni-

146 497 198 561 bal
217 506 340 561 suamet
357 495 426 581 ipse
444 494 555 559 fraude
574 504 684 580 captus
703 492 793 570 abiit,
811 493 1034 580 profectusque
1049 493 1138 558 edla

146 612 271 656 crorum
288 588 475 655 solvendam
492 587 704 665 obsidionem,
727 610 824 672 quam
843 585 976 652 Cincius
995 585 1142 664 summati,

146 683 293 770 operibus
313 692 602 766 tormentorumque
620 681 706 747 omni
723 703 841 767 genere
859 703 901 746 ex
915 679 1027 746 Sicilia
1043 682 1144 747 advecto

95 799 128 846 14
146 778 360 864 oppugnabat.
399 775 535 862 Magoni
552 776 616 841 iam
632 775 719 839 haud
736 775 836 840 ferme
853 775 968 840 fidenti
984 786 1147 841 retentum

146 871 413 953 defensurumque
431 893 466 934 se
483 870 594 935 urbem
611 869 714 956 prima
726 892 801 955 spes
815 881 917 934 morte
931 871 1076 935 nuntiata
1084 869 1147 933 Mu·

95 986 126 1034 15
146 963 216 1028 calli
239 963 379 1028 adfulsit
424 975 551 1029 secutus
574 964 647 1027 inde
665 962 809 1040 nuntius,
831 962 1053 1029 Hannibalem
1067 961 1148 1030 Numi-

145 1058 256 1121 darum
281 1057 422 1143 cquitatu
447 1057 623 1144 praemisso
654 1057 774 1143 ipsum,
810 1068 968 1141 quantum
999 1058 1148 1123 odedum

96 1173 127 1221 16
144 1163 269 1237 posset,
293 1174 366 1216 cum
382 1152 524 1238 peditum
542 1152 669 1238 agmine
687 1152 786 1235 sequi.
830 1151 941 1234 itaque
964 1153 1023 1217 ubi
1042 1152 1148 1240 primm

143 1245 298 1310 Numidas
322 1246 406 1311 edito
425 1268 443 1310 e
462 1246 598 1333 speculis
617 1245 709 1332 signo
728 1245 899 1310 adventare
919 1246 1038 1324 sensit,
1060 1245 1148 1331 etipse

142 1341 303 1427 patefacta
319 1352 450 1427 repente
466 1351 559 1426 porta
576 1339 667 1404 ferox
684 1339 715 1403 in
734 1338 835 1405 hostis
856 1340 1007 1427 erumpit
1034 1351 1065 1405 et
1074 1339 1148 1426 prim

143 1434 246 1520 magis
269 1433 343 1517 quia
363 1433 525 1520 inproviso
547 1434 580 1497 id
602 1434 735 1511 fecerat,
762 1455 857 1516 quam
876 1435 966 1516 quod
981 1458 1042 1521 par
1058 1434 1147 1500 nribus

94 1549 124 1596 17
145 1538 243 1606 esset,
263 1549 379 1614 anceps
398 1538 556 1592 certamen
574 1536 656 1605 erat;
679 1526 807 1604 deinde,
824 1537 861 1591 ut
879 1550 1090 1614 supervenere
1102 1526 1155 1617 Nl'}

143 1623 262 1700 midae,
286 1632 392 1701 tantus
409 1645 509 1707 pavor
526 1621 680 1686 Romanis
703 1631 752 1685 est
769 1620 921 1701 iniectus,
944 1632 982 1686 ut
998 1623 1108 1710 passim
1118 1616 1149 1685 sl-

144 1739 230 1782 mare
261 1737 298 1781 ac
327 1738 426 1781 naves
454 1716 601 1802 fugerent
625 1715 743 1780 relictis
770 1717 920 1801 operibus
948 1717 1144 1800 machinisque

144 1811 258 1894 quibus
277 1833 385 1874 muros
405 1810 598 1893 quatiebant.
641 1810 686 1874 ita
704 1809 842 1876 adventu
859 1811 1054 1876 Hannibalis
1070 1809 1143 1875 sulm

143 1904 322 1968 Locrorum
340 1903 462 1969 obsidio
481 1914 539 1969 est

111 2020 123 2064 1
206 1995 395 2064 XXVIIII.
428 1995 595 2085 Crispinus
608 2008 778 2084 postquam
790 1998 824 2062 in
838 1999 985 2066 Bruttios
998 1999 1137 2087 profanu

142 2090 358 2156 Hannibalem
386 2092 498 2171 sensit,
525 2093 712 2170 exercitum,
745 2092 796 2156 cui
822 2092 958 2179 conlega
983 2093 1149 2181 praefuerat

142 2185 191 2250 M.
204 2184 394 2250 Marcellum
413 2186 573 2250 tribunum
590 2186 725 2251 militum
736 2186 915 2254 Venusiam
934 2188 1080 2252 abducere
1091 2183 1132 2247 iu·

110 2281 198 2359 2sit3
234 2280 303 2366 ipse
334 2302 406 2343 cum
437 2279 615 2366 legionibus
643 2281 709 2345 suis
737 2278 884 2366 Capuam
909 2283 1075 2368 profectus,
1097 2271 1141 2337 tlt-

142 2373 271 2439 lecticae
302 2373 506 2460 agitationem
538 2397 614 2460 prae
646 2374 802 2461 gravitate
837 2374 1004 2440 vulnerum
1034 2369 1155 2459 paries.-

141 2468 278 2534 Romam
307 2468 428 2532 litteras
461 2468 500 2532 de
530 2480 632 2532 morte
659 2468 811 2554 conlegae
839 2467 966 2555 scripsit
993 2489 1065 2553 quan
1079 2488 1126 2520 w,

108 2584 123 2629 3
141 2562 261 2648 ipsein
279 2561 459 2626 discrimine
478 2573 576 2628 essct:
605 2585 640 2626 se
663 2562 860 2628 comitiorum
879 2584 976 2627 causa
993 2584 1050 2626 non
1068 2580 1100 2613 ¹¹2²
1148 2619 1155 2627 .

140 2655 276 2720 Romam
295 2655 417 2732 venire,
438 2655 512 2738 quia
529 2677 588 2719 nec
605 2656 676 2720 viae
688 2656 829 2720 laborem
843 2679 997 2742 passurus
1012 2652 1055 2717 vid
1109 2710 1114 2717 .
1153 2713 1155 2719 .

59 2827 65 2840 ⁵
141 2759 173 2812 et
191 2748 230 2813 de
247 2749 387 2814 Tarento
406 2750 558 2814 sollicitus
578 2761 678 2828 esset,
697 2773 737 2816 nc
756 2773 796 2814 ex
812 2750 937 2815 Bruttis
951 2739 1113 2814 Hannibdtt
1136 2809 1144 2818 ,

141 2853 338 2907 converteret
355 2866 480 2928 agmen.
524 2844 648 2930 legatos
667 2867 748 2929 opus
767 2867 838 2908 esse
858 2844 899 2908 ad
918 2867 952 2910 se
971 2840 1053 2916 mitti,
1071 2860 1115 2892 'vt
1138 2834 1155 2875 ·’

139 2935 318 3022 prudentis,
338 2959 410 3001 cum
428 2938 542 3022 quibus
561 2960 642 3021 quae
661 2937 757 3004 vellet
774 2938 813 3002 de
830 2961 865 3002 re
882 2933 1032 3023 publical
1115 2961 1116 2964 ¹

106 3042 200 3094 rtur.
236 3029 295 3094 hae
313 3029 435 3096 litterae
452 3032 602 3096 recitatae
619 3054 771 3118 magnum
789 3041 821 3095 et
837 3031 958 3096 luctum
973 3039 1056 3095 morte
1142 3080 1155 3097 .

138 3124 203 3214 rius
223 3124 361 3189 consulis
380 3137 412 3189 et
430 3137 549 3189 metum
568 3127 607 3190 de
632 3126 729 3191 altero
752 3124 905 3190 fecerunt.
949 3125 1042 3208 itaque
1057 3102 1110 3189 tib
1150 3204 1155 3212 .

137 3217 274 3282 Fabium
299 3218 399 3282 filium
425 3219 466 3282 ad
489 3219 661 3283 exercitum
683 3219 859 3287 Venusiam
881 3219 1036 3292 miserunt,
1055 3218 1103 3311 el·
1142 3266 1149 3273 .

138 3314 301 3378 consulem
314 3324 378 3378 tres
393 3314 490 3400 legati
503 3315 603 3392 missi,
623 3313 699 3380 Sex.
709 3313 810 3378 Iulius
822 3312 953 3392 Caesar,
970 3313 1009 3377 L.
1016 3301 1068 3374 Li'
1087 3323 1094 3349 ⁸
1140 3377 1152 3386 .,

138 3408 256 3485 Pollio,
275 3408 316 3471 L.
333 3405 465 3472 Cincius
474 3409 673 3487 Alimentus,
693 3430 764 3472 cum
777 3408 887 3494 paucis
908 3421 978 3474 ante
995 3402 1110 3470 debus
1136 3456 1155 3468 ...

103 3519 120 3565 5
141 3498 249 3565 Sicilia
270 3501 415 3566 redisset.
460 3501 494 3564 hi
516 3502 660 3566 nuntiare
683 3502 806 3567 consuli
822 3501 917 3580 iussi,
939 3513 986 3578 ut,
1007 3488 1109 3563 stads
1149 3546 1155 3581 ·.

138 3595 226 3660 mitia
244 3596 350 3660 venire
368 3595 507 3660 Romam
523 3619 587 3661 non
604 3607 729 3683 posset,
753 3596 939 3662 dictatorem
955 3597 986 3660 in
1003 3576 1109 3677 agralia
1143 3614 1150 3655 :

105 3707 232 3755 amano
264 3689 382 3754 diceret
414 3690 611 3755 comitiorum
643 3712 749 3755 causa.
799 3690 826 3754 si
857 3682 1109 3755 consultarent·

137 3783 297 3868 profectus
321 3795 420 3862 esset,
445 3783 486 3865 Q.
507 3782 676 3848 Claudium
699 3794 878 3870 praetorem
899 3785 1017 3871 placere
1033 3774 1109 3870 iul?

138 3876 300 3959 regionem
317 3877 390 3943 inde
410 3878 566 3942 abducere
585 3878 743 3964 legiones,
766 3878 800 3942 in
818 3900 881 3963 qua
897 3875 1034 3967 plurimas
1049 3874 1110 3930 ⁸⁰0⁰·

139 3989 210 4031 rum
227 3972 322 4035 urbes
342 3972 421 4036 tueri
438 3983 557 4058 posset.
