<?xml version="1.0" encoding="UTF-8"?>
<!DOCTYPE html PUBLIC "-//W3C//DTD XHTML 1.0 Transitional//EN"
    "http://www.w3.org/TR/xhtml1/DTD/xhtml1-transitional.dtd">
<html xmlns="http://www.w3.org/1999/xhtml" xml:lang="en" lang="en">
 <head>
  <title>
</title>
<meta http-equiv="Content-Type" content="text/html;charset=utf-8" />
  <meta name='ocr-system' content='tesseract 3.04.00' />
  <meta name='ocr-capabilities' content='ocr_page ocr_carea ocr_par ocr_line ocrx_word'/>
</head>
<body>
  <div class='ocr_page' id='page_1' title='image "./titiliviaburbec00weisgoog_0637.png"; bbox 0 0 2566 4538; ppageno 0'>
   <div class='ocr_carea' id='block_1_1' title="bbox 152 221 913 301">
    <p class='ocr_par' dir='ltr' id='par_1_1' title="bbox 152 221 913 301">
     <span class='ocr_line' id='line_1_1' title="bbox 152 221 913 301; baseline -0.003 -14"><span class='ocrx_word' id='word_1_1' title='bbox 152 221 218 288; x_wconf 79' lang='grc'>514</span> <span class='ocrx_word' id='word_1_2' title='bbox 410 231 531 286; x_wconf 77' lang='lat' dir='ltr'>LIBER</span> <span class='ocrx_word' id='word_1_3' title='bbox 547 231 648 301; x_wconf 87' lang='lat' dir='ltr'>XXX,</span> <span class='ocrx_word' id='word_1_4' title='bbox 665 231 709 285; x_wconf 79' lang='lat'>30.</span> <span class='ocrx_word' id='word_1_5' title='bbox 727 228 913 300; x_wconf 58' lang='lat' dir='ltr'>[anessa]</span> 
     </span>
    </p>
   </div>
   <div class='ocr_carea' id='block_1_2' title="bbox 99 387 1218 3673">
    <p class='ocr_par' dir='ltr' id='par_1_2' title="bbox 99 387 1218 3673">
     <span class='ocr_line' id='line_1_2' title="bbox 152 387 1192 475; baseline 0 -19"><span class='ocrx_word' id='word_1_6' title='bbox 152 391 320 468; x_wconf 86' lang='lat' dir='ltr'>fratribus,</span> <span class='ocrx_word' id='word_1_7' title='bbox 347 387 528 455; x_wconf 76' lang='lat' dir='ltr'>fortissimis</span> <span class='ocrx_word' id='word_1_8' title='bbox 551 387 642 465; x_wconf 89' lang='lat' dir='ltr'>viris,</span> <span class='ocrx_word' id='word_1_9' title='bbox 667 387 850 453; x_wconf 83' lang='lat' dir='ltr'>clarissimis</span> <span class='ocrx_word' id='word_1_10' title='bbox 871 389 1122 475; x_wconf 77' lang='lat' dir='ltr'>imperatoribus</span> <span class='ocrx_word' id='word_1_11' title='bbox 1140 414 1192 456; x_wconf 88' lang='lat' dir='ltr'>or-</span> 
     </span>
     <span class='ocr_line' id='line_1_3' title="bbox 153 482 1188 594; baseline 0 -43"><span class='ocrx_word' id='word_1_12' title='bbox 153 487 280 563; x_wconf 84' lang='lat' dir='ltr'>batum,</span> <span class='ocrx_word' id='word_1_13' title='bbox 297 496 371 550; x_wconf 84' lang='lat' dir='ltr'>ante</span> <span class='ocrx_word' id='word_1_14' title='bbox 388 482 513 548; x_wconf 86' lang='lat' dir='ltr'>moenia</span> <span class='ocrx_word' id='word_1_15' title='bbox 524 504 625 568; x_wconf 91' lang='lat' dir='ltr'>prope</span> <span class='ocrx_word' id='word_1_16' title='bbox 638 483 791 547; x_wconf 81' lang='lat' dir='ltr'>obsessae</span> <span class='ocrx_word' id='word_1_17' title='bbox 806 482 944 569; x_wconf 76' lang='lat' dir='ltr'>pau-iae,</span> <span class='ocrx_word' id='word_1_18' title='bbox 963 485 1082 594; x_wconf 81' lang='lat' dir='ltr'>qm&#39;bus</span> <span class='ocrx_word' id='word_1_19' title='bbox 1093 486 1188 551; x_wconf 87' lang='lat' dir='ltr'>terrui</span> 
     </span>
     <span class='ocr_line' id='line_1_4' title="bbox 154 576 1187 663; baseline -0.003 -18"><span class='ocrx_word' id='word_1_20' title='bbox 154 592 294 645; x_wconf 78' lang='lat' dir='ltr'>vestrm</span> <span class='ocrx_word' id='word_1_21' title='bbox 309 579 436 654; x_wconf 89' lang='lat' dir='ltr'>urbem,</span> <span class='ocrx_word' id='word_1_22' title='bbox 455 600 495 641; x_wconf 86' lang='lat' dir='ltr'>ea</span> <span class='ocrx_word' id='word_1_23' title='bbox 509 599 570 663; x_wconf 89' lang='lat' dir='ltr'>pro</span> <span class='ocrx_word' id='word_1_24' title='bbox 585 597 659 640; x_wconf 89' lang='lat' dir='ltr'>mea</span> <span class='ocrx_word' id='word_1_25' title='bbox 674 576 907 662; x_wconf 69' lang='lat' dir='ltr'>deprecantem</span> <span class='ocrx_word' id='word_1_26' title='bbox 943 578 1107 644; x_wconf 83' lang='lat' dir='ltr'>maximae</span> <span class='ocrx_word' id='word_1_27' title='bbox 1124 579 1187 642; x_wconf 89' lang='lat' dir='ltr'>cui-</span> 
     </span>
     <span class='ocr_line' id='line_1_5' title="bbox 105 669 1183 758; baseline -0.002 -20"><span class='ocrx_word' id='word_1_28' title='bbox 105 696 137 745; x_wconf 83' lang='lat'>18</span> <span class='ocrx_word' id='word_1_29' title='bbox 155 694 216 758; x_wconf 87' lang='lat' dir='ltr'>quc</span> <span class='ocrx_word' id='word_1_30' title='bbox 233 673 379 737; x_wconf 78' lang='lat' dir='ltr'>fortunae</span> <span class='ocrx_word' id='word_1_31' title='bbox 395 669 525 734; x_wconf 92' lang='lat' dir='ltr'>minime</span> <span class='ocrx_word' id='word_1_32' title='bbox 542 669 734 734; x_wconf 88' lang='lat' dir='ltr'>credendum</span> <span class='ocrx_word' id='word_1_33' title='bbox 750 681 811 734; x_wconf 82' lang='lat' dir='ltr'>est</span> <span class='ocrx_word' id='word_1_34' title='bbox 835 670 870 734; x_wconf 90' lang='lat' dir='ltr'>in</span> <span class='ocrx_word' id='word_1_35' title='bbox 887 672 981 736; x_wconf 90' lang='lat' dir='ltr'>bonis</span> <span class='ocrx_word' id='word_1_36' title='bbox 998 674 1066 738; x_wconf 89' lang='lat' dir='ltr'>tuis</span> <span class='ocrx_word' id='word_1_37' title='bbox 1082 673 1183 749; x_wconf 90' lang='lat' dir='ltr'>rebus,</span> 
     </span>
     <span class='ocr_line' id='line_1_6' title="bbox 153 763 1183 854; baseline 0.003 -23"><span class='ocrx_word' id='word_1_38' title='bbox 153 767 272 831; x_wconf 89' lang='lat' dir='ltr'>nostris</span> <span class='ocrx_word' id='word_1_39' title='bbox 298 764 462 842; x_wconf 89' lang='lat' dir='ltr'>dubiis,</span> <span class='ocrx_word' id='word_1_40' title='bbox 451 787 516 829; x_wconf 87' lang='lat' dir='ltr'>ram</span> <span class='ocrx_word' id='word_1_41' title='bbox 542 763 649 851; x_wconf 83' lang='lat' dir='ltr'>ampla</span> <span class='ocrx_word' id='word_1_42' title='bbox 673 785 712 828; x_wconf 88' lang='lat' dir='ltr'>ac</span> <span class='ocrx_word' id='word_1_43' title='bbox 737 764 884 851; x_wconf 57' lang='lat' dir='ltr'>speciosa</span> <span class='ocrx_word' id='word_1_44' title='bbox 909 765 1000 830; x_wconf 81' lang='lat' dir='ltr'>danti</span> <span class='ocrx_word' id='word_1_45' title='bbox 1028 764 1117 854; x_wconf 74' lang='lat' dir='ltr'>[tibi]</span> <span class='ocrx_word' id='word_1_46' title='bbox 1138 782 1183 835; x_wconf 85' lang='lat' dir='ltr'>est</span> 
     </span>
     <span class='ocr_line' id='line_1_7' title="bbox 153 859 1174 948; baseline 0.003 -23"><span class='ocrx_word' id='word_1_47' title='bbox 153 885 233 948; x_wconf 85' lang='lat' dir='ltr'>pax,</span> <span class='ocrx_word' id='word_1_48' title='bbox 258 860 352 925; x_wconf 90' lang='lat' dir='ltr'>nobis</span> <span class='ocrx_word' id='word_1_49' title='bbox 378 859 560 946; x_wconf 83' lang='lat' dir='ltr'>petentibus</span> <span class='ocrx_word' id='word_1_50' title='bbox 586 859 688 945; x_wconf 87' lang='lat' dir='ltr'>magis</span> <span class='ocrx_word' id='word_1_51' title='bbox 713 860 895 925; x_wconf 85' lang='lat' dir='ltr'>necessaria</span> <span class='ocrx_word' id='word_1_52' title='bbox 921 883 1021 946; x_wconf 87' lang='lat' dir='ltr'>quam</span> <span class='ocrx_word' id='word_1_53' title='bbox 1043 862 1174 929; x_wconf 64' lang='lat' dir='ltr'>boneta</span> 
     </span>
     <span class='ocr_line' id='line_1_8' title="bbox 105 953 1170 1041; baseline 0 -18"><span class='ocrx_word' id='word_1_54' title='bbox 105 977 136 1025; x_wconf 80' lang='grc' dir='ltr'>ιιι</span> <span class='ocrx_word' id='word_1_55' title='bbox 154 955 266 1020; x_wconf 91' lang='lat' dir='ltr'>melior</span> <span class='ocrx_word' id='word_1_56' title='bbox 290 953 449 1038; x_wconf 90' lang='lat' dir='ltr'>tutiorque</span> <span class='ocrx_word' id='word_1_57' title='bbox 475 963 526 1018; x_wconf 88' lang='lat' dir='ltr'>est</span> <span class='ocrx_word' id='word_1_58' title='bbox 551 964 638 1018; x_wconf 85' lang='lat' dir='ltr'>certa</span> <span class='ocrx_word' id='word_1_59' title='bbox 661 975 727 1039; x_wconf 86' lang='lat' dir='ltr'>pax</span> <span class='ocrx_word' id='word_1_60' title='bbox 757 975 854 1038; x_wconf 83' lang='lat' dir='ltr'>quarn</span> <span class='ocrx_word' id='word_1_61' title='bbox 884 968 1017 1041; x_wconf 82' lang='lat' dir='ltr'>sperata</span> <span class='ocrx_word' id='word_1_62' title='bbox 1041 957 1170 1036; x_wconf 66' lang='lat' dir='ltr'>urtone</span> 
     </span>
     <span class='ocr_line' id='line_1_9' title="bbox 154 1047 1218 1126; baseline 0.002 -13"><span class='ocrx_word' id='word_1_63' title='bbox 154 1048 233 1113; x_wconf 85' lang='lat' dir='ltr'>haec</span> <span class='ocrx_word' id='word_1_64' title='bbox 249 1048 284 1113; x_wconf 92' lang='lat' dir='ltr'>in</span> <span class='ocrx_word' id='word_1_65' title='bbox 300 1060 371 1126; x_wconf 79' lang='lat' dir='ltr'>ma,</span> <span class='ocrx_word' id='word_1_66' title='bbox 397 1047 452 1112; x_wconf 87' lang='lat' dir='ltr'>illa</span> <span class='ocrx_word' id='word_1_67' title='bbox 471 1047 506 1112; x_wconf 93' lang='lat' dir='ltr'>in</span> <span class='ocrx_word' id='word_1_68' title='bbox 527 1047 659 1111; x_wconf 87' lang='lat' dir='ltr'>deorum</span> <span class='ocrx_word' id='word_1_69' title='bbox 679 1070 777 1112; x_wconf 86' lang='lat' dir='ltr'>manu</span> <span class='ocrx_word' id='word_1_70' title='bbox 799 1060 858 1113; x_wconf 87' lang='lat' dir='ltr'>est.</span> <span class='ocrx_word' id='word_1_71' title='bbox 901 1073 944 1115; x_wconf 92' lang='lat' dir='ltr'>ne</span> <span class='ocrx_word' id='word_1_72' title='bbox 966 1061 1017 1116; x_wconf 91' lang='lat' dir='ltr'>tot</span> <span class='ocrx_word' id='word_1_73' title='bbox 1034 1073 1167 1117; x_wconf 87' lang='lat' dir='ltr'>annorum</span> <span class='ocrx_word' id='word_1_74' title='bbox 1216 1106 1218 1115; x_wconf 71' lang='grc'>,</span> 
     </span>
     <span class='ocr_line' id='line_1_10' title="bbox 104 1140 1218 1224; baseline -0.003 -11"><span class='ocrx_word' id='word_1_75' title='bbox 104 1166 137 1213; x_wconf 81' lang='grc' dir='ltr'><strong>ιο</strong></span> <span class='ocrx_word' id='word_1_76' title='bbox 154 1143 337 1209; x_wconf 80' lang='lat' dir='ltr'>felicitatem</span> <span class='ocrx_word' id='word_1_77' title='bbox 359 1143 394 1206; x_wconf 91' lang='lat' dir='ltr'>in</span> <span class='ocrx_word' id='word_1_78' title='bbox 414 1143 509 1206; x_wconf 90' lang='lat' dir='ltr'>unius</span> <span class='ocrx_word' id='word_1_79' title='bbox 531 1140 629 1207; x_wconf 88' lang='lat' dir='ltr'>borae</span> <span class='ocrx_word' id='word_1_80' title='bbox 655 1141 782 1206; x_wconf 92' lang='lat' dir='ltr'>dederis</span> <span class='ocrx_word' id='word_1_81' title='bbox 808 1143 995 1224; x_wconf 77' lang='lat' dir='ltr'>discrhncn3</span> <span class='ocrx_word' id='word_1_82' title='bbox 1022 1167 1094 1210; x_wconf 91' lang='lat' dir='ltr'>cnm</span> <span class='ocrx_word' id='word_1_83' title='bbox 1112 1157 1165 1209; x_wconf 83' lang='lat' dir='ltr'>turs</span> <span class='ocrx_word' id='word_1_84' title='bbox 1215 1186 1218 1192; x_wconf 91' lang='lat'>·</span> 
     </span>
     <span class='ocr_line' id='line_1_11' title="bbox 153 1236 1218 1321; baseline 0 -18"><span class='ocrx_word' id='word_1_85' title='bbox 153 1238 254 1316; x_wconf 83' lang='lat' dir='ltr'>vires,</span> <span class='ocrx_word' id='word_1_86' title='bbox 287 1248 357 1302; x_wconf 89' lang='lat' dir='ltr'>tum</span> <span class='ocrx_word' id='word_1_87' title='bbox 382 1236 448 1301; x_wconf 90' lang='lat' dir='ltr'>vim</span> <span class='ocrx_word' id='word_1_88' title='bbox 477 1236 622 1301; x_wconf 81' lang='lat' dir='ltr'>fortunae</span> <span class='ocrx_word' id='word_1_89' title='bbox 651 1236 854 1321; x_wconf 80' lang='lat' dir='ltr'>Martemque</span> <span class='ocrx_word' id='word_1_90' title='bbox 882 1239 961 1303; x_wconf 89' lang='lat' dir='ltr'>belli</span> <span class='ocrx_word' id='word_1_91' title='bbox 987 1261 1165 1305; x_wconf 86' lang='lat' dir='ltr'>communem</span> <span class='ocrx_word' id='word_1_92' title='bbox 1216 1278 1218 1315; x_wconf 67' lang='lat'>3</span> 
     </span>
     <span class='ocr_line' id='line_1_12' title="bbox 153 1329 1218 1420; baseline -0.001 -25"><span class='ocrx_word' id='word_1_93' title='bbox 153 1354 295 1419; x_wconf 88' lang='lat' dir='ltr'>propone</span> <span class='ocrx_word' id='word_1_94' title='bbox 313 1332 429 1396; x_wconf 88' lang='lat' dir='ltr'>animo.</span> <span class='ocrx_word' id='word_1_95' title='bbox 472 1331 630 1414; x_wconf 89' lang='lat' dir='ltr'>utrimque</span> <span class='ocrx_word' id='word_1_96' title='bbox 646 1329 780 1408; x_wconf 90' lang='lat' dir='ltr'>ferrum,</span> <span class='ocrx_word' id='word_1_97' title='bbox 801 1330 960 1415; x_wconf 86' lang='lat' dir='ltr'>utrimque</span> <span class='ocrx_word' id='word_1_98' title='bbox 978 1354 1108 1420; x_wconf 86' lang='lat' dir='ltr'>corpora</span> <span class='ocrx_word' id='word_1_99' title='bbox 1121 1332 1165 1395; x_wconf 89' lang='lat' dir='ltr'>bu·</span> <span class='ocrx_word' id='word_1_100' title='bbox 1217 1372 1218 1377; x_wconf 22' lang='grc' dir='ltr'><strong>κ</strong></span> 
     </span>
     <span class='ocr_line' id='line_1_13' title="bbox 153 1424 1165 1508; baseline 0 -18"><span class='ocrx_word' id='word_1_101' title='bbox 153 1449 249 1490; x_wconf 85' lang='lat' dir='ltr'>mana</span> <span class='ocrx_word' id='word_1_102' title='bbox 270 1436 376 1504; x_wconf 85' lang='lat' dir='ltr'>erunt3</span> <span class='ocrx_word' id='word_1_103' title='bbox 402 1446 560 1508; x_wconf 81' lang='lat' dir='ltr'>nmquam</span> <span class='ocrx_word' id='word_1_104' title='bbox 580 1425 684 1489; x_wconf 88' lang='lat' dir='ltr'>minus</span> <span class='ocrx_word' id='word_1_105' title='bbox 706 1445 802 1508; x_wconf 86' lang='lat' dir='ltr'>quam</span> <span class='ocrx_word' id='word_1_106' title='bbox 822 1424 857 1489; x_wconf 91' lang='lat' dir='ltr'>in</span> <span class='ocrx_word' id='word_1_107' title='bbox 877 1426 964 1492; x_wconf 90' lang='lat' dir='ltr'>bello</span> <span class='ocrx_word' id='word_1_108' title='bbox 986 1438 1165 1493; x_wconf 81' lang='lat' dir='ltr'>eventusre</span> 
     </span>
     <span class='ocr_line' id='line_1_14' title="bbox 103 1518 1166 1606; baseline 0.001 -21"><span class='ocrx_word' id='word_1_109' title='bbox 103 1539 133 1586; x_wconf 91' lang='grc' dir='ltr'>ιι</span> <span class='ocrx_word' id='word_1_110' title='bbox 156 1519 323 1606; x_wconf 90' lang='lat' dir='ltr'>spondent.</span> <span class='ocrx_word' id='word_1_111' title='bbox 348 1543 414 1585; x_wconf 94' lang='lat' dir='ltr'>non</span> <span class='ocrx_word' id='word_1_112' title='bbox 431 1529 554 1583; x_wconf 89' lang='lat' dir='ltr'>tanturn</span> <span class='ocrx_word' id='word_1_113' title='bbox 571 1519 613 1583; x_wconf 87' lang='lat' dir='ltr'>ad</span> <span class='ocrx_word' id='word_1_114' title='bbox 629 1518 677 1596; x_wconf 93' lang='lat' dir='ltr'>id,</span> <span class='ocrx_word' id='word_1_115' title='bbox 695 1519 781 1602; x_wconf 92' lang='lat' dir='ltr'>quod</span> <span class='ocrx_word' id='word_1_116' title='bbox 797 1519 873 1585; x_wconf 88' lang='lat' dir='ltr'>data</span> <span class='ocrx_word' id='word_1_117' title='bbox 888 1543 971 1606; x_wconf 86' lang='lat' dir='ltr'>pace</span> <span class='ocrx_word' id='word_1_118' title='bbox 987 1521 1052 1586; x_wconf 86' lang='lat' dir='ltr'>iam</span> <span class='ocrx_word' id='word_1_119' title='bbox 1067 1521 1166 1585; x_wconf 80' lang='lat' dir='ltr'>babere</span> 
     </span>
     <span class='ocr_line' id='line_1_15' title="bbox 154 1612 1167 1700; baseline -0.001 -22"><span class='ocrx_word' id='word_1_120' title='bbox 154 1625 261 1699; x_wconf 90' lang='lat' dir='ltr'>potes,</span> <span class='ocrx_word' id='word_1_121' title='bbox 287 1615 316 1679; x_wconf 90' lang='lat' dir='ltr'>si</span> <span class='ocrx_word' id='word_1_122' title='bbox 332 1613 453 1699; x_wconf 89' lang='lat' dir='ltr'>proelio</span> <span class='ocrx_word' id='word_1_123' title='bbox 470 1613 595 1690; x_wconf 87' lang='lat' dir='ltr'>vincas,</span> <span class='ocrx_word' id='word_1_124' title='bbox 622 1612 743 1700; x_wconf 86' lang='lat' dir='ltr'>gloriae</span> <span class='ocrx_word' id='word_1_125' title='bbox 765 1612 933 1692; x_wconf 87' lang='lat' dir='ltr'>adieceris,</span> <span class='ocrx_word' id='word_1_126' title='bbox 959 1626 1110 1699; x_wconf 86' lang='lat' dir='ltr'>quantum</span> <span class='ocrx_word' id='word_1_127' title='bbox 1123 1613 1167 1677; x_wconf 82' lang='lat' dir='ltr'>sd</span> 
     </span>
     <span class='ocr_line' id='line_1_16' title="bbox 155 1706 1169 1796; baseline 0.002 -23"><span class='ocrx_word' id='word_1_128' title='bbox 155 1708 283 1784; x_wconf 90' lang='lat' dir='ltr'>emeris,</span> <span class='ocrx_word' id='word_1_129' title='bbox 309 1708 337 1774; x_wconf 88' lang='lat' dir='ltr'>si</span> <span class='ocrx_word' id='word_1_130' title='bbox 356 1707 434 1791; x_wconf 92' lang='lat' dir='ltr'>quid</span> <span class='ocrx_word' id='word_1_131' title='bbox 455 1706 581 1771; x_wconf 86' lang='lat' dir='ltr'>adversi</span> <span class='ocrx_word' id='word_1_132' title='bbox 603 1707 738 1771; x_wconf 80' lang='lat' dir='ltr'>eveniat</span> <span class='ocrx_word' id='word_1_133' title='bbox 782 1707 876 1772; x_wconf 91' lang='lat' dir='ltr'>simul</span> <span class='ocrx_word' id='word_1_134' title='bbox 893 1720 989 1794; x_wconf 84' lang='lat' dir='ltr'>parta</span> <span class='ocrx_word' id='word_1_135' title='bbox 1004 1731 1044 1774; x_wconf 90' lang='lat' dir='ltr'>ac</span> <span class='ocrx_word' id='word_1_136' title='bbox 1059 1718 1169 1796; x_wconf 61' lang='lat' dir='ltr'>sperae</span> 
     </span>
     <span class='ocr_line' id='line_1_17' title="bbox 104 1799 1170 1888; baseline -0.002 -22"><span class='ocrx_word' id='word_1_137' title='bbox 104 1819 136 1867; x_wconf 87' lang='grc' dir='ltr'>ιι</span> <span class='ocrx_word' id='word_1_138' title='bbox 155 1802 271 1867; x_wconf 87' lang='lat' dir='ltr'>deeora</span> <span class='ocrx_word' id='word_1_139' title='bbox 297 1799 390 1864; x_wconf 89' lang='lat' dir='ltr'>unius</span> <span class='ocrx_word' id='word_1_140' title='bbox 416 1799 513 1865; x_wconf 87' lang='lat' dir='ltr'>horae</span> <span class='ocrx_word' id='word_1_141' title='bbox 539 1800 667 1864; x_wconf 88' lang='lat' dir='ltr'>fortuna</span> <span class='ocrx_word' id='word_1_142' title='bbox 692 1811 834 1866; x_wconf 85' lang='lat' dir='ltr'>evertere</span> <span class='ocrx_word' id='word_1_143' title='bbox 858 1813 977 1888; x_wconf 85' lang='lat' dir='ltr'>potest.</span> <span class='ocrx_word' id='word_1_144' title='bbox 1020 1801 1170 1869; x_wconf 80' lang='lat' dir='ltr'>omniain</span> 
     </span>
     <span class='ocr_line' id='line_1_18' title="bbox 153 1892 1171 1982; baseline -0.002 -22"><span class='ocrx_word' id='word_1_145' title='bbox 153 1917 233 1982; x_wconf 87' lang='lat' dir='ltr'>pace</span> <span class='ocrx_word' id='word_1_146' title='bbox 249 1894 410 1981; x_wconf 82' lang='lat' dir='ltr'>iungenda</span> <span class='ocrx_word' id='word_1_147' title='bbox 426 1906 500 1958; x_wconf 89' lang='lat' dir='ltr'>tuae</span> <span class='ocrx_word' id='word_1_148' title='bbox 521 1895 689 1981; x_wconf 85' lang='lat' dir='ltr'>potestatis</span> <span class='ocrx_word' id='word_1_149' title='bbox 707 1906 795 1972; x_wconf 90' lang='lat' dir='ltr'>sunt,</span> <span class='ocrx_word' id='word_1_150' title='bbox 820 1895 861 1960; x_wconf 89' lang='lat' dir='ltr'>P.</span> <span class='ocrx_word' id='word_1_151' title='bbox 881 1892 1028 1962; x_wconf 80' lang='lat' dir='ltr'>Corneli:</span> <span class='ocrx_word' id='word_1_152' title='bbox 1054 1908 1127 1961; x_wconf 89' lang='lat' dir='ltr'>tunc</span> <span class='ocrx_word' id='word_1_153' title='bbox 1139 1917 1171 1958; x_wconf 84' lang='lat' dir='ltr'>ea</span> 
     </span>
     <span class='ocr_line' id='line_1_19' title="bbox 103 1987 1218 2077; baseline 0.001 -21"><span class='ocrx_word' id='word_1_154' title='bbox 103 2008 136 2056; x_wconf 77' lang='grc' dir='ltr'>ιι</span> <span class='ocrx_word' id='word_1_155' title='bbox 154 1987 302 2052; x_wconf 89' lang='lat' dir='ltr'>habenda</span> <span class='ocrx_word' id='word_1_156' title='bbox 317 1987 445 2053; x_wconf 88' lang='lat' dir='ltr'>fortuna</span> <span class='ocrx_word' id='word_1_157' title='bbox 461 1987 535 2065; x_wconf 90' lang='lat' dir='ltr'>erit,</span> <span class='ocrx_word' id='word_1_158' title='bbox 557 2008 653 2070; x_wconf 87' lang='lat' dir='ltr'>quam</span> <span class='ocrx_word' id='word_1_159' title='bbox 670 1987 703 2050; x_wconf 92' lang='lat' dir='ltr'>di</span> <span class='ocrx_word' id='word_1_160' title='bbox 720 1988 875 2053; x_wconf 74' lang='lat' dir='ltr'>dederint</span> <span class='ocrx_word' id='word_1_161' title='bbox 918 1989 1002 2055; x_wconf 90' lang='lat' dir='ltr'>inter</span> <span class='ocrx_word' id='word_1_162' title='bbox 1018 2011 1119 2077; x_wconf 81' lang='lat' dir='ltr'>pauca</span> <span class='ocrx_word' id='word_1_163' title='bbox 1133 1989 1174 2052; x_wconf 87' lang='lat' dir='ltr'>fe·</span> <span class='ocrx_word' id='word_1_164' title='bbox 1216 2052 1218 2057; x_wconf 89' lang='lat'><em>.</em></span> 
     </span>
     <span class='ocr_line' id='line_1_20' title="bbox 153 2079 1176 2167; baseline 0.001 -22"><span class='ocrx_word' id='word_1_165' title='bbox 153 2079 280 2146; x_wconf 89' lang='lat' dir='ltr'>licitatis</span> <span class='ocrx_word' id='word_1_166' title='bbox 301 2080 490 2165; x_wconf 69' lang='lat' dir='ltr'>mnutisque</span> <span class='ocrx_word' id='word_1_167' title='bbox 512 2081 659 2167; x_wconf 85' lang='lat' dir='ltr'>exempla</span> <span class='ocrx_word' id='word_1_168' title='bbox 679 2080 730 2145; x_wconf 88' lang='lat' dir='ltr'>M.</span> <span class='ocrx_word' id='word_1_169' title='bbox 747 2081 867 2147; x_wconf 87' lang='lat' dir='ltr'>Atilius</span> <span class='ocrx_word' id='word_1_170' title='bbox 890 2085 1053 2166; x_wconf 89' lang='lat' dir='ltr'>quondam</span> <span class='ocrx_word' id='word_1_171' title='bbox 1073 2084 1108 2148; x_wconf 91' lang='lat' dir='ltr'>in</span> <span class='ocrx_word' id='word_1_172' title='bbox 1122 2083 1176 2146; x_wconf 84' lang='lat' dir='ltr'>bac</span> 
     </span>
     <span class='ocr_line' id='line_1_21' title="bbox 154 2174 1177 2263; baseline -0.001 -23"><span class='ocrx_word' id='word_1_173' title='bbox 154 2176 267 2240; x_wconf 89' lang='lat' dir='ltr'>eadem</span> <span class='ocrx_word' id='word_1_174' title='bbox 283 2186 367 2240; x_wconf 89' lang='lat' dir='ltr'>terra</span> <span class='ocrx_word' id='word_1_175' title='bbox 384 2174 511 2253; x_wconf 88' lang='lat' dir='ltr'>fuisset,</span> <span class='ocrx_word' id='word_1_176' title='bbox 539 2174 568 2239; x_wconf 91' lang='lat' dir='ltr'>si</span> <span class='ocrx_word' id='word_1_177' title='bbox 588 2175 690 2240; x_wconf 84' lang='lat' dir='ltr'>victor</span> <span class='ocrx_word' id='word_1_178' title='bbox 710 2197 824 2262; x_wconf 91' lang='lat' dir='ltr'>pacem</span> <span class='ocrx_word' id='word_1_179' title='bbox 843 2178 1027 2263; x_wconf 87' lang='lat' dir='ltr'>petentibus</span> <span class='ocrx_word' id='word_1_180' title='bbox 1046 2177 1177 2242; x_wconf 87' lang='lat' dir='ltr'>dedisset</span> 
     </span>
     <span class='ocr_line' id='line_1_22' title="bbox 153 2268 1179 2356; baseline 0.002 -23"><span class='ocrx_word' id='word_1_181' title='bbox 153 2268 296 2356; x_wconf 90' lang='lat' dir='ltr'>patribus</span> <span class='ocrx_word' id='word_1_182' title='bbox 314 2269 446 2346; x_wconf 83' lang='lat' dir='ltr'>nostris3</span> <span class='ocrx_word' id='word_1_183' title='bbox 472 2291 538 2334; x_wconf 90' lang='lat' dir='ltr'>non</span> <span class='ocrx_word' id='word_1_184' title='bbox 560 2269 729 2334; x_wconf 89' lang='lat' dir='ltr'>statuendo</span> <span class='ocrx_word' id='word_1_185' title='bbox 746 2269 890 2334; x_wconf 81' lang='lat' dir='ltr'>felicitati</span> <span class='ocrx_word' id='word_1_186' title='bbox 905 2271 1040 2336; x_wconf 91' lang='lat' dir='ltr'>modum</span> <span class='ocrx_word' id='word_1_187' title='bbox 1055 2293 1117 2337; x_wconf 86' lang='lat' dir='ltr'>nec</span> <span class='ocrx_word' id='word_1_188' title='bbox 1131 2293 1179 2335; x_wconf 91' lang='lat' dir='ltr'>co-</span> 
     </span>
     <span class='ocr_line' id='line_1_23' title="bbox 153 2362 1179 2446; baseline 0.005 -20"><span class='ocrx_word' id='word_1_189' title='bbox 153 2362 291 2428; x_wconf 89' lang='lat' dir='ltr'>hibendo</span> <span class='ocrx_word' id='word_1_190' title='bbox 312 2363 464 2428; x_wconf 84' lang='lat' dir='ltr'>efferente</span> <span class='ocrx_word' id='word_1_191' title='bbox 487 2385 521 2427; x_wconf 92' lang='lat' dir='ltr'>se</span> <span class='ocrx_word' id='word_1_192' title='bbox 542 2362 683 2441; x_wconf 90' lang='lat' dir='ltr'>fortuna,</span> <span class='ocrx_word' id='word_1_193' title='bbox 714 2375 833 2446; x_wconf 88' lang='lat' dir='ltr'>quanto</span> <span class='ocrx_word' id='word_1_194' title='bbox 854 2363 950 2429; x_wconf 84' lang='lat' dir='ltr'>altius</span> <span class='ocrx_word' id='word_1_195' title='bbox 977 2365 1082 2430; x_wconf 88' lang='lat' dir='ltr'>elatus</span> <span class='ocrx_word' id='word_1_196' title='bbox 1108 2376 1179 2441; x_wconf 86' lang='lat' dir='ltr'>erat,</span> 
     </span>
     <span class='ocr_line' id='line_1_24' title="bbox 102 2456 1181 2543; baseline 0.002 -21"><span class='ocrx_word' id='word_1_197' title='bbox 102 2475 135 2522; x_wconf 84' lang='grc' dir='ltr'>ιι</span> <span class='ocrx_word' id='word_1_198' title='bbox 154 2480 193 2522; x_wconf 88' lang='lat' dir='ltr'>eo</span> <span class='ocrx_word' id='word_1_199' title='bbox 218 2456 343 2523; x_wconf 89' lang='lat' dir='ltr'>foedius</span> <span class='ocrx_word' id='word_1_200' title='bbox 370 2457 502 2522; x_wconf 87' lang='lat' dir='ltr'>conruit.</span> <span class='ocrx_word' id='word_1_201' title='bbox 546 2468 596 2522; x_wconf 91' lang='lat' dir='ltr'>est</span> <span class='ocrx_word' id='word_1_202' title='bbox 623 2457 751 2541; x_wconf 91' lang='lat' dir='ltr'>quidem</span> <span class='ocrx_word' id='word_1_203' title='bbox 772 2457 841 2523; x_wconf 90' lang='lat' dir='ltr'>eius</span> <span class='ocrx_word' id='word_1_204' title='bbox 863 2459 918 2542; x_wconf 90' lang='lat' dir='ltr'>qni</span> <span class='ocrx_word' id='word_1_205' title='bbox 944 2459 1015 2537; x_wconf 80' lang='lat' dir='ltr'>dat,</span> <span class='ocrx_word' id='word_1_206' title='bbox 1042 2482 1110 2526; x_wconf 91' lang='grc' dir='ltr'><strong>ιιοιι</strong></span> <span class='ocrx_word' id='word_1_207' title='bbox 1133 2459 1181 2543; x_wconf 88' lang='lat' dir='ltr'>qui</span> 
     </span>
     <span class='ocr_line' id='line_1_25' title="bbox 153 2551 1179 2640; baseline 0.004 -26"><span class='ocrx_word' id='word_1_208' title='bbox 153 2551 245 2637; x_wconf 91' lang='lat' dir='ltr'>petit,</span> <span class='ocrx_word' id='word_1_209' title='bbox 272 2551 473 2618; x_wconf 86' lang='lat' dir='ltr'>condiciones</span> <span class='ocrx_word' id='word_1_210' title='bbox 496 2551 600 2617; x_wconf 87' lang='lat' dir='ltr'>dicere</span> <span class='ocrx_word' id='word_1_211' title='bbox 617 2552 721 2638; x_wconf 84' lang='lat' dir='ltr'>pacis3</span> <span class='ocrx_word' id='word_1_212' title='bbox 754 2552 812 2617; x_wconf 89' lang='lat' dir='ltr'>sed</span> <span class='ocrx_word' id='word_1_213' title='bbox 828 2552 963 2618; x_wconf 78' lang='lat' dir='ltr'>forsitan</span> <span class='ocrx_word' id='word_1_214' title='bbox 979 2576 1048 2619; x_wconf 92' lang='lat' dir='ltr'>non</span> <span class='ocrx_word' id='word_1_215' title='bbox 1064 2552 1179 2640; x_wconf 84' lang='lat' dir='ltr'>indigni</span> 
     </span>
     <span class='ocr_line' id='line_1_26' title="bbox 102 2645 1183 2733; baseline 0.002 -25"><span class='ocrx_word' id='word_1_216' title='bbox 102 2663 134 2709; x_wconf 69' lang='grc' dir='ltr'><strong>ιε’)</strong></span> <span class='ocrx_word' id='word_1_217' title='bbox 154 2645 268 2722; x_wconf 88' lang='lat' dir='ltr'>simus,</span> <span class='ocrx_word' id='word_1_218' title='bbox 294 2646 348 2728; x_wconf 91' lang='lat' dir='ltr'>qui</span> <span class='ocrx_word' id='word_1_219' title='bbox 369 2645 528 2711; x_wconf 87' lang='lat' dir='ltr'>nobismet</span> <span class='ocrx_word' id='word_1_220' title='bbox 547 2645 610 2730; x_wconf 89' lang='lat' dir='ltr'>ipsi</span> <span class='ocrx_word' id='word_1_221' title='bbox 635 2645 768 2710; x_wconf 87' lang='lat' dir='ltr'>multam</span> <span class='ocrx_word' id='word_1_222' title='bbox 792 2645 986 2733; x_wconf 87' lang='lat' dir='ltr'>irrogemus:</span> <span class='ocrx_word' id='word_1_223' title='bbox 1017 2647 1103 2732; x_wconf 64' lang='lat' dir='ltr'>(qm)</span> <span class='ocrx_word' id='word_1_224' title='bbox 1123 2670 1183 2713; x_wconf 91' lang='grc' dir='ltr'><strong>ιιοιι</strong></span> 
     </span>
     <span class='ocr_line' id='line_1_27' title="bbox 152 2739 1183 2825; baseline 0.006 -24"><span class='ocrx_word' id='word_1_225' title='bbox 152 2759 335 2804; x_wconf 84' lang='lat' dir='ltr'>recusamus</span> <span class='ocrx_word' id='word_1_226' title='bbox 353 2741 429 2823; x_wconf 91' lang='lat' dir='ltr'>quin</span> <span class='ocrx_word' id='word_1_227' title='bbox 447 2739 567 2816; x_wconf 90' lang='lat' dir='ltr'>omnia,</span> <span class='ocrx_word' id='word_1_228' title='bbox 584 2750 715 2825; x_wconf 90' lang='lat' dir='ltr'>propter</span> <span class='ocrx_word' id='word_1_229' title='bbox 731 2760 814 2823; x_wconf 87' lang='lat' dir='ltr'>quae</span> <span class='ocrx_word' id='word_1_230' title='bbox 832 2739 874 2804; x_wconf 87' lang='lat' dir='ltr'>ad</span> <span class='ocrx_word' id='word_1_231' title='bbox 889 2740 1013 2805; x_wconf 91' lang='lat' dir='ltr'>bellum</span> <span class='ocrx_word' id='word_1_232' title='bbox 1028 2741 1112 2807; x_wconf 90' lang='lat' dir='ltr'>itum</span> <span class='ocrx_word' id='word_1_233' title='bbox 1128 2752 1183 2816; x_wconf 86' lang='lat' dir='ltr'>est,</span> 
     </span>
     <span class='ocr_line' id='line_1_28' title="bbox 152 2830 1185 2921; baseline 0.006 -27"><span class='ocrx_word' id='word_1_234' title='bbox 152 2842 259 2896; x_wconf 85' lang='lat' dir='ltr'>vestra</span> <span class='ocrx_word' id='word_1_235' title='bbox 276 2832 354 2910; x_wconf 90' lang='lat' dir='ltr'>sint,</span> <span class='ocrx_word' id='word_1_236' title='bbox 373 2830 497 2908; x_wconf 82' lang='lat' dir='ltr'>Sicilia,</span> <span class='ocrx_word' id='word_1_237' title='bbox 517 2830 679 2911; x_wconf 83' lang='lat' dir='ltr'>Sardinia,</span> <span class='ocrx_word' id='word_1_238' title='bbox 696 2834 871 2921; x_wconf 82' lang='lat' dir='ltr'>ffispania,</span> <span class='ocrx_word' id='word_1_239' title='bbox 893 2833 1052 2918; x_wconf 90' lang='lat' dir='ltr'>quidquid</span> <span class='ocrx_word' id='word_1_240' title='bbox 1069 2833 1185 2900; x_wconf 80' lang='lat' dir='ltr'>insula·</span> 
     </span>
     <span class='ocr_line' id='line_1_29' title="bbox 102 2926 1186 3012; baseline 0.006 -24"><span class='ocrx_word' id='word_1_241' title='bbox 102 2943 133 2991; x_wconf 76' lang='lat' dir='ltr'>sc</span> <span class='ocrx_word' id='word_1_242' title='bbox 151 2947 223 2989; x_wconf 86' lang='lat' dir='ltr'>rum</span> <span class='ocrx_word' id='word_1_243' title='bbox 241 2936 307 2992; x_wconf 87' lang='lat' dir='ltr'>toto</span> <span class='ocrx_word' id='word_1_244' title='bbox 324 2926 407 2990; x_wconf 88' lang='lat' dir='ltr'>inter</span> <span class='ocrx_word' id='word_1_245' title='bbox 422 2926 568 2990; x_wconf 80' lang='lat' dir='ltr'>Africam</span> <span class='ocrx_word' id='word_1_246' title='bbox 584 2927 773 3012; x_wconf 84' lang='lat' dir='ltr'>Italiamque</span> <span class='ocrx_word' id='word_1_247' title='bbox 790 2927 967 2994; x_wconf 86' lang='lat' dir='ltr'>continetur</span> <span class='ocrx_word' id='word_1_248' title='bbox 984 2929 1085 3007; x_wconf 89' lang='lat' dir='ltr'>mari;</span> <span class='ocrx_word' id='word_1_249' title='bbox 1110 2926 1186 2994; x_wconf 84' lang='lat' dir='ltr'>Car·</span> 
     </span>
     <span class='ocr_line' id='line_1_30' title="bbox 152 3019 1183 3106; baseline 0.004 -23"><span class='ocrx_word' id='word_1_250' title='bbox 152 3019 368 3106; x_wconf 83' lang='lat' dir='ltr'>thaginienses</span> <span class='ocrx_word' id='word_1_251' title='bbox 385 3019 499 3085; x_wconf 89' lang='lat' dir='ltr'>inclusi</span> <span class='ocrx_word' id='word_1_252' title='bbox 515 3021 647 3087; x_wconf 85' lang='lat' dir='ltr'>Africae</span> <span class='ocrx_word' id='word_1_253' title='bbox 664 3021 808 3088; x_wconf 89' lang='lat' dir='ltr'>litoribus</span> <span class='ocrx_word' id='word_1_254' title='bbox 826 3045 899 3099; x_wconf 91' lang='lat' dir='ltr'>vos,</span> <span class='ocrx_word' id='word_1_255' title='bbox 926 3023 1059 3104; x_wconf 88' lang='lat' dir='ltr'>quando</span> <span class='ocrx_word' id='word_1_256' title='bbox 1078 3024 1126 3088; x_wconf 90' lang='lat' dir='ltr'>ita</span> <span class='ocrx_word' id='word_1_257' title='bbox 1140 3023 1183 3087; x_wconf 75' lang='lat' dir='ltr'>dis</span> 
     </span>
     <span class='ocr_line' id='line_1_31' title="bbox 150 3113 1183 3205; baseline 0.006 -28"><span class='ocrx_word' id='word_1_258' title='bbox 150 3113 282 3198; x_wconf 86' lang='lat' dir='ltr'>placuit,</span> <span class='ocrx_word' id='word_1_259' title='bbox 310 3124 442 3178; x_wconf 84' lang='lat' dir='ltr'>externa</span> <span class='ocrx_word' id='word_1_260' title='bbox 463 3114 560 3179; x_wconf 87' lang='lat' dir='ltr'>etiarn</span> <span class='ocrx_word' id='word_1_261' title='bbox 582 3127 666 3180; x_wconf 89' lang='lat' dir='ltr'>terra</span> <span class='ocrx_word' id='word_1_262' title='bbox 686 3116 829 3199; x_wconf 85' lang='lat' dir='ltr'>marique</span> <span class='ocrx_word' id='word_1_263' title='bbox 851 3116 1020 3181; x_wconf 80' lang='lat' dir='ltr'>videmnus</span> <span class='ocrx_word' id='word_1_264' title='bbox 1047 3116 1183 3205; x_wconf 83' lang='lat' dir='ltr'>regentis</span> 
     </span>
     <span class='ocr_line' id='line_1_32' title="bbox 100 3206 1185 3299; baseline 0.007 -27"><span class='ocrx_word' id='word_1_265' title='bbox 100 3225 132 3272; x_wconf 75' lang='grc' dir='ltr'>ιι</span> <span class='ocrx_word' id='word_1_266' title='bbox 150 3206 292 3293; x_wconf 87' lang='lat' dir='ltr'>imperia.</span> <span class='ocrx_word' id='word_1_267' title='bbox 336 3207 414 3272; x_wconf 87' lang='lat' dir='ltr'>haut</span> <span class='ocrx_word' id='word_1_268' title='bbox 429 3209 628 3295; x_wconf 86' lang='lat' dir='ltr'>negaverim,</span> <span class='ocrx_word' id='word_1_269' title='bbox 646 3221 776 3297; x_wconf 89' lang='lat' dir='ltr'>propter</span> <span class='ocrx_word' id='word_1_270' title='bbox 792 3233 857 3276; x_wconf 90' lang='lat' dir='ltr'>non</span> <span class='ocrx_word' id='word_1_271' title='bbox 872 3208 970 3276; x_wconf 87' lang='lat' dir='ltr'>nimis</span> <span class='ocrx_word' id='word_1_272' title='bbox 990 3212 1119 3279; x_wconf 84' lang='lat' dir='ltr'>sincere</span> <span class='ocrx_word' id='word_1_273' title='bbox 1134 3233 1185 3299; x_wconf 77' lang='lat' dir='ltr'>pc-</span> 
     </span>
     <span class='ocr_line' id='line_1_33' title="bbox 152 3300 1185 3391; baseline 0.004 -27"><span class='ocrx_word' id='word_1_274' title='bbox 152 3300 240 3365; x_wconf 90' lang='lat' dir='ltr'>titam</span> <span class='ocrx_word' id='word_1_275' title='bbox 258 3312 314 3366; x_wconf 90' lang='lat' dir='ltr'>aut</span> <span class='ocrx_word' id='word_1_276' title='bbox 330 3314 530 3388; x_wconf 87' lang='lat' dir='ltr'>expectatam</span> <span class='ocrx_word' id='word_1_277' title='bbox 546 3327 648 3390; x_wconf 86' lang='lat' dir='ltr'>nuper</span> <span class='ocrx_word' id='word_1_278' title='bbox 663 3327 776 3391; x_wconf 80' lang='lat' dir='ltr'>pacem</span> <span class='ocrx_word' id='word_1_279' title='bbox 797 3316 982 3391; x_wconf 80' lang='lat' dir='ltr'>suspectam</span> <span class='ocrx_word' id='word_1_280' title='bbox 1004 3328 1082 3372; x_wconf 86' lang='lat' dir='ltr'>esse</span> <span class='ocrx_word' id='word_1_281' title='bbox 1099 3305 1185 3372; x_wconf 87' lang='lat' dir='ltr'>vobis</span> 
     </span>
     <span class='ocr_line' id='line_1_34' title="bbox 149 3395 1186 3485; baseline 0.006 -27"><span class='ocrx_word' id='word_1_282' title='bbox 149 3395 306 3460; x_wconf 88' lang='lat' dir='ltr'>Punicam</span> <span class='ocrx_word' id='word_1_283' title='bbox 322 3396 429 3462; x_wconf 84' lang='lat' dir='ltr'>fidem.</span> <span class='ocrx_word' id='word_1_284' title='bbox 473 3398 622 3476; x_wconf 90' lang='lat' dir='ltr'>multum,</span> <span class='ocrx_word' id='word_1_285' title='bbox 647 3421 705 3484; x_wconf 90' lang='lat' dir='ltr'>per</span> <span class='ocrx_word' id='word_1_286' title='bbox 722 3420 802 3482; x_wconf 92' lang='lat' dir='ltr'>quos</span> <span class='ocrx_word' id='word_1_287' title='bbox 820 3397 920 3485; x_wconf 90' lang='lat' dir='ltr'>petita</span> <span class='ocrx_word' id='word_1_288' title='bbox 942 3399 1001 3477; x_wconf 90' lang='lat' dir='ltr'>sit,</span> <span class='ocrx_word' id='word_1_289' title='bbox 1028 3401 1074 3465; x_wconf 88' lang='lat' dir='ltr'>ad</span> <span class='ocrx_word' id='word_1_290' title='bbox 1095 3401 1186 3464; x_wconf 86' lang='lat' dir='ltr'>fidem</span> 
     </span>
     <span class='ocr_line' id='line_1_35' title="bbox 99 3488 1185 3577; baseline 0.002 -23"><span class='ocrx_word' id='word_1_291' title='bbox 99 3504 131 3554; x_wconf 81' lang='lat'>28</span> <span class='ocrx_word' id='word_1_292' title='bbox 150 3488 287 3554; x_wconf 89' lang='lat' dir='ltr'>tuendae</span> <span class='ocrx_word' id='word_1_293' title='bbox 304 3490 393 3576; x_wconf 88' lang='lat' dir='ltr'>pacis</span> <span class='ocrx_word' id='word_1_294' title='bbox 411 3491 561 3576; x_wconf 87' lang='lat' dir='ltr'>pertinet,</span> <span class='ocrx_word' id='word_1_295' title='bbox 582 3489 700 3577; x_wconf 87' lang='lat' dir='ltr'>Scipio.</span> <span class='ocrx_word' id='word_1_296' title='bbox 745 3491 843 3557; x_wconf 87' lang='lat' dir='ltr'>vestri</span> <span class='ocrx_word' id='word_1_297' title='bbox 860 3513 1005 3576; x_wconf 90' lang='lat' dir='ltr'>quoquc,</span> <span class='ocrx_word' id='word_1_298' title='bbox 1027 3504 1066 3559; x_wconf 92' lang='lat' dir='ltr'>ut</span> <span class='ocrx_word' id='word_1_299' title='bbox 1085 3493 1185 3568; x_wconf 90' lang='lat' dir='ltr'>audio,</span> 
     </span>
     <span class='ocr_line' id='line_1_36' title="bbox 150 3584 1186 3673; baseline 0.003 -27"><span class='ocrx_word' id='word_1_300' title='bbox 150 3594 257 3667; x_wconf 88' lang='lat' dir='ltr'>patres</span> <span class='ocrx_word' id='word_1_301' title='bbox 276 3606 341 3648; x_wconf 93' lang='lat' dir='ltr'>non</span> <span class='ocrx_word' id='word_1_302' title='bbox 358 3585 437 3650; x_wconf 90' lang='lat' dir='ltr'>nihil</span> <span class='ocrx_word' id='word_1_303' title='bbox 458 3585 554 3650; x_wconf 89' lang='lat' dir='ltr'>etiam</span> <span class='ocrx_word' id='word_1_304' title='bbox 576 3586 618 3651; x_wconf 92' lang='lat' dir='ltr'>ob</span> <span class='ocrx_word' id='word_1_305' title='bbox 639 3584 715 3662; x_wconf 89' lang='lat' dir='ltr'>hoc,</span> <span class='ocrx_word' id='word_1_306' title='bbox 742 3585 817 3668; x_wconf 92' lang='lat' dir='ltr'>quia</span> <span class='ocrx_word' id='word_1_307' title='bbox 836 3608 951 3671; x_wconf 88' lang='lat' dir='ltr'>parum</span> <span class='ocrx_word' id='word_1_308' title='bbox 970 3586 1140 3673; x_wconf 84' lang='lat' dir='ltr'>dignitatis</span> <span class='ocrx_word' id='word_1_309' title='bbox 1155 3585 1186 3649; x_wconf 89' lang='lat' dir='ltr'>in</span> 
     </span>
    </p>
   </div>
   <div class='ocr_carea' id='block_1_3' title="bbox 98 3675 1186 4048">
    <p class='ocr_par' dir='ltr' id='par_1_3' title="bbox 98 3675 1186 4048">
     <span class='ocr_line' id='line_1_37' title="bbox 99 3675 1186 3767; baseline 0 -23"><span class='ocrx_word' id='word_1_310' title='bbox 99 3696 131 3744; x_wconf 76' lang='grc' dir='ltr'>ιι</span> <span class='ocrx_word' id='word_1_311' title='bbox 149 3675 308 3762; x_wconf 84' lang='lat' dir='ltr'>legatione</span> <span class='ocrx_word' id='word_1_312' title='bbox 326 3689 408 3756; x_wconf 90' lang='lat' dir='ltr'>erat,</span> <span class='ocrx_word' id='word_1_313' title='bbox 431 3690 628 3764; x_wconf 86' lang='lat' dir='ltr'>negaverunt</span> <span class='ocrx_word' id='word_1_314' title='bbox 643 3699 771 3764; x_wconf 90' lang='lat' dir='ltr'>pacem;</span> <span class='ocrx_word' id='word_1_315' title='bbox 787 3713 832 3725; x_wconf 92' lang='lat'>—-</span> <span class='ocrx_word' id='word_1_316' title='bbox 852 3679 1022 3744; x_wconf 87' lang='lat' dir='ltr'>Hannibal</span> <span class='ocrx_word' id='word_1_317' title='bbox 1039 3692 1117 3767; x_wconf 87' lang='lat' dir='ltr'>peto</span> <span class='ocrx_word' id='word_1_318' title='bbox 1132 3702 1186 3766; x_wconf 85' lang='lat' dir='ltr'>pu·</span> 
     </span>
     <span class='ocr_line' id='line_1_38' title="bbox 150 3772 1186 3861; baseline 0.002 -28"><span class='ocrx_word' id='word_1_319' title='bbox 150 3790 234 3849; x_wconf 90' lang='lat' dir='ltr'>cem,</span> <span class='ocrx_word' id='word_1_320' title='bbox 254 3772 307 3855; x_wconf 93' lang='lat' dir='ltr'>qui</span> <span class='ocrx_word' id='word_1_321' title='bbox 324 3795 427 3857; x_wconf 92' lang='lat' dir='ltr'>neque</span> <span class='ocrx_word' id='word_1_322' title='bbox 444 3784 600 3861; x_wconf 87' lang='lat' dir='ltr'>peterem,</span> <span class='ocrx_word' id='word_1_323' title='bbox 617 3773 680 3839; x_wconf 91' lang='lat' dir='ltr'>nisi</span> <span class='ocrx_word' id='word_1_324' title='bbox 693 3773 803 3837; x_wconf 90' lang='lat' dir='ltr'>utilem</span> <span class='ocrx_word' id='word_1_325' title='bbox 817 3773 992 3852; x_wconf 88' lang='lat' dir='ltr'>crederem,</span> <span class='ocrx_word' id='word_1_326' title='bbox 1011 3784 1186 3861; x_wconf 88' lang='lat' dir='ltr'>etpropter</span> 
     </span>
     <span class='ocr_line' id='line_1_39' title="bbox 98 3865 1185 3955; baseline -0.001 -25"><span class='ocrx_word' id='word_1_327' title='bbox 98 3882 132 3930; x_wconf 84' lang='lat'>30</span> <span class='ocrx_word' id='word_1_328' title='bbox 150 3865 283 3930; x_wconf 87' lang='lat' dir='ltr'>candem</span> <span class='ocrx_word' id='word_1_329' title='bbox 309 3868 477 3932; x_wconf 89' lang='lat' dir='ltr'>utilitatem</span> <span class='ocrx_word' id='word_1_330' title='bbox 500 3868 613 3933; x_wconf 90' lang='lat' dir='ltr'>tuebor</span> <span class='ocrx_word' id='word_1_331' title='bbox 633 3890 719 3945; x_wconf 89' lang='lat' dir='ltr'>eam,</span> <span class='ocrx_word' id='word_1_332' title='bbox 745 3878 875 3954; x_wconf 90' lang='lat' dir='ltr'>propter</span> <span class='ocrx_word' id='word_1_333' title='bbox 896 3890 997 3952; x_wconf 89' lang='lat' dir='ltr'>quam</span> <span class='ocrx_word' id='word_1_334' title='bbox 1023 3869 1114 3955; x_wconf 88' lang='lat' dir='ltr'>petii.</span> <span class='ocrx_word' id='word_1_335' title='bbox 1155 3878 1185 3930; x_wconf 88' lang='lat' dir='ltr'>et</span> 
     </span>
     <span class='ocr_line' id='line_1_40' title="bbox 150 3961 1185 4048; baseline 0.003 -28"><span class='ocrx_word' id='word_1_336' title='bbox 150 3979 244 4041; x_wconf 90' lang='lat' dir='ltr'>quem</span> <span class='ocrx_word' id='word_1_337' title='bbox 271 3961 480 4041; x_wconf 90' lang='lat' dir='ltr'>admodum,</span> <span class='ocrx_word' id='word_1_338' title='bbox 509 3962 583 4045; x_wconf 93' lang='lat' dir='ltr'>quia</span> <span class='ocrx_word' id='word_1_339' title='bbox 608 3985 628 4027; x_wconf 88' lang='lat' dir='ltr'>a</span> <span class='ocrx_word' id='word_1_340' title='bbox 653 3984 704 4026; x_wconf 92' lang='lat' dir='ltr'>me</span> <span class='ocrx_word' id='word_1_341' title='bbox 730 3961 849 4027; x_wconf 91' lang='lat' dir='ltr'>bellum</span> <span class='ocrx_word' id='word_1_342' title='bbox 875 3974 1027 4048; x_wconf 88' lang='lat' dir='ltr'>coeptum</span> <span class='ocrx_word' id='word_1_343' title='bbox 1055 3974 1121 4040; x_wconf 90' lang='lat' dir='ltr'>est,</span> <span class='ocrx_word' id='word_1_344' title='bbox 1146 3981 1185 4025; x_wconf 83' lang='lat' dir='ltr'>ne</span> 
     </span>
    </p>
   </div>
   <div class='ocr_carea' id='block_1_4' title="bbox 0 0 1307 4538">
    <p class='ocr_par' dir='ltr' id='par_1_4' title="bbox 0 0 1307 4538">
     <span class='ocr_line' id='line_1_41' title="bbox 0 0 1307 4538; baseline 0 0"><span class='ocrx_word' id='word_1_345' title='bbox 0 0 1307 4538; x_wconf 95' lang='lat' dir='ltr'> </span> 
     </span>
    </p>
   </div>
  </div>
 </body>
</html>
