2528 4530
201 391 342 460 sionibus
360 411 398 455 ea
414 386 548 474 pecunia
565 386 749 452 solveretum
771 384 905 471 primam
922 391 1119 469 praesentem
1133 382 1204 468 iqui

200 506 269 553 eum
286 492 405 561 essent,
423 482 502 546 duas
520 480 604 545 tertii
620 489 651 545 et
668 479 769 564 quinti
785 477 931 544 consedes
949 490 1152 546 numerarent.

166 611 185 652 4
268 577 382 647 Omnis
409 575 522 642 deinde
549 574 626 639 alias
649 597 739 639 curas
766 596 831 638 una
856 572 1039 658 occupavit,
1065 584 1205 660 postquam

202 673 411 742 Locrensium
428 670 548 747 clades,
572 691 653 753 quae
670 669 832 754 ignoratae
849 668 980 732 adeam
998 668 1084 733 diem
1100 669 1206 748 fuemnt,

169 793 185 840 5
202 771 377 856 legatorum
394 765 531 831 adventu
548 764 694 850 vulgatae
712 771 795 828 sunt.
821 783 880 827 nec
896 771 964 827 tam
974 762 1113 829 Plemini
1128 765 1207 831 scelus
1239 830 1242 835 .

202 885 298 948 quam
325 858 482 945 Scipionis
507 858 541 923 in
567 879 604 923 eo
630 865 685 922 aut
710 855 837 921 ambitio
864 865 920 920 aut
944 857 1143 944 neglegentia
1162 860 1207 924 iru
1239 870 1254 931 t

170 980 186 1026 s
204 955 366 1022 hominum
383 951 530 1018 inritavit.
559 951 670 1016 decem
682 950 779 1036 legati
787 950 1014 1030 Locrensium,
1032 950 1127 1018 obsiti
1138 974 1208 1037 equa

198 223 263 291 458
406 224 1024 299 umuaxxvm1‚1e.1u[a.u.s.sso]
1224 39 1254 741 ξ

1239 750 1254 821 t

204 1052 269 1115 lore
292 1057 324 1113 et
345 1045 504 1123 sordibus,
534 1044 569 1110 in
590 1043 716 1110 comitio
738 1043 918 1110 sedentibus
945 1045 1128 1115 consulibus
1145 1045 1209 1112 vela

204 1153 311 1210 menta
328 1141 530 1228 supplicium,
548 1161 653 1205 ramos
671 1139 773 1216 oleae,
791 1149 828 1204 ut
845 1137 977 1206 Graecis
996 1162 1068 1207 mos
1085 1153 1142 1219 est,
1157 1162 1209 1226 por·

205 1248 332 1326 gentes,
359 1246 431 1301 ante
453 1233 589 1300 tribunal
611 1255 683 1299 cum
704 1232 801 1299 flebili
819 1233 1043 1301 vociferatione
1060 1235 1144 1300 humi
1157 1256 1209 1320 pro

171 1331 389 1400 rcubuerunt.
433 1326 654 1414 quaerentibus
681 1327 862 1393 consulibus
879 1328 1061 1396 Locrenses
1088 1352 1122 1396 se
1144 1330 1209 1395 dire·

204 1436 277 1492 runt
298 1447 383 1502 esse,
411 1446 448 1489 ea
473 1446 585 1509 passos
607 1445 626 1488 a
649 1421 690 1504 Q.
712 1421 868 1488 Pleminio
892 1422 999 1510 legato
1020 1423 1208 1510 Romanisque

204 1519 369 1596 militibus,
397 1540 477 1603 quae
498 1518 565 1604 pati
585 1539 626 1582 ne
645 1515 915 1603 Carthaginiensis
937 1519 1067 1603 quidem
1088 1519 1158 1585 velit
1170 1538 1209 1604 po

205 1614 299 1702 pulus
316 1614 494 1680 Romanus:
520 1634 632 1700 rogare
649 1612 696 1677 uti
713 1612 774 1677 sibi
795 1621 899 1697 patres
918 1613 1057 1678 adeundi
1073 1614 1209 1700 deplora
1238 1650 1247 1681 .·

206 1710 302 1794 dique
318 1729 485 1774 suumnes
504 1730 578 1773 suas
595 1716 782 1792 potestatem
799 1707 947 1772 facerent.

174 1824 187 1869 r
270 1803 385 1870 XVII.
444 1801 565 1869 Senatu
590 1803 664 1868 dato
693 1801 850 1867 maximus
881 1813 957 1867 natu
984 1804 1108 1869 exiis:
1142 1802 1209 1878 ‘scio

206 1899 314 1984 quanti
340 1899 542 1966 aestimentur
567 1907 693 1963 nostrae
724 1897 809 1983 apud
834 1919 892 1964 vos
918 1897 1095 1982 querellae,
1128 1907 1210 1984 pane

206 1993 389 2078 conscripti,
407 1992 577 2078 plurimum
594 1993 628 2057 in
645 2014 682 2057 eo
695 1992 845 2058 momenti
858 2015 938 2070 esse,
958 1992 986 2058 si
1002 1992 1101 2079 probe
1119 1991 1211 2067 sciatis,

206 2096 239 2152 et
263 2109 326 2172 quo
352 2088 445 2154 modo
467 2088 582 2174 proditi
602 2087 700 2153 Locri
721 2086 894 2154 Hannibali
915 2089 978 2155 sint
1000 2097 1033 2155 et
1058 2110 1121 2174 quo
1140 2086 1212 2153 modo

206 2181 298 2269 pulso
316 2181 505 2248 Hannibalis
527 2182 684 2268 praesidio
705 2182 840 2248 restituti
860 2183 893 2246 in
910 2183 1068 2249 dicionem
1084 2194 1213 2250 vestram:

170 2277 322 2364 equippe
349 2277 377 2342 si
402 2286 434 2343 et
459 2277 551 2362 culpa
577 2276 760 2342 defectionis
781 2277 890 2362 procul
912 2300 932 2343 a
952 2277 1080 2364 publico
1106 2276 1215 2345 consilio

206 2372 303 2450 absit,
331 2382 362 2438 et
382 2372 517 2437 reditum
537 2371 571 2435 in
592 2380 729 2436 vestram
751 2372 907 2438 dicionem
928 2384 1080 2459 appareat
1100 2394 1160 2438 non
1174 2392 1216 2436 vo

206 2466 325 2532 luntate
343 2466 459 2545 solum,
483 2467 540 2531 sed
557 2466 653 2530 etiam
669 2487 729 2551 ope
747 2474 778 2530 et
794 2466 907 2531 virtute
924 2475 1046 2544 nostra,
1069 2467 1168 2555 magis
1182 2466 1217 2529 in·

206 2559 379 2646 dignemini
395 2559 486 2626 bonis
509 2581 546 2625 ac
568 2559 712 2625 fidelibus
736 2560 829 2625 sociis
852 2570 916 2624 tam
936 2559 1085 2646 indignas
1108 2561 1217 2626 iniurias
1251 2616 1254 2649 4

172 2671 189 2718 3
207 2653 247 2719 ab
265 2653 369 2740 legato
387 2663 492 2719 vestro
504 2653 717 2738 militibusque
730 2653 808 2718 fieri.
835 2655 891 2718 sed
904 2675 965 2741 ego
977 2676 1109 2720 causam
1123 2656 1219 2721 utrius
1252 2652 1254 2667 '

207 2768 268 2830 que
291 2746 474 2814 desectionis
496 2759 621 2813 nostrae
643 2748 676 2812 in
697 2748 783 2813 aliud
804 2758 928 2834 tempus
955 2748 1162 2816 differendam
1183 2770 1220 2813 ar·

171 2838 304 2903 «rbitror
330 2861 400 2905 esse
425 2841 558 2906 duarum
584 2864 687 2907 rerum
713 2843 827 2928 gratia:
862 2842 971 2920 unius,
1006 2852 1044 2907 ut
1070 2865 1174 2910 coram
1191 2840 1220 2906 P.

209 2929 373 3016 Scipione,
404 2935 458 3019 qui
479 2935 602 3001 Locros
623 2937 753 3022 recepit,
785 2937 924 3002 omnium
945 2936 1038 3003 nobis
1060 2949 1147 3005 recte
1166 2959 1222 3024 per·

206 3049 375 3112 petamque
389 3027 543 3095 sactorum
561 3040 609 3096 est
624 3031 728 3109 testis,
747 3042 871 3118 agatur;
889 3030 1028 3111 alterius,
1047 3034 1145 3118 quod,
1161 3054 1222 3118 qua·

205 3120 387 3206 lescumque
410 3145 534 3203 sumus,
560 3133 666 3189 tamen
688 3148 726 3190 ea
747 3146 828 3210 quae
848 3125 935 3211 passi
957 3147 1070 3192 sumus
1089 3129 1155 3213 pati
1173 3147 1222 3192 non

170 3214 383 3283 adebuimus.
426 3239 491 3283 non
507 3241 677 3304 possumus
695 3220 905 3298 dissimulare,
932 3230 1040 3305 patres
1059 3220 1222 3308 conscripfi,

206 3331 279 3386 nos,
298 3331 371 3374 cum
388 3312 579 3396 praesidium
596 3311 754 3381 Punicum
770 3315 804 3379 in
821 3336 892 3379 arce
909 3323 1021 3380 nostra
1037 3316 1222 3391 haberemus

206 3403 305 3468 multa
321 3404 415 3470 foeda
432 3416 463 3471 et
480 3406 609 3493 indigna
626 3418 657 3472 et
675 3431 694 3473 a
710 3409 870 3495 praefecto
886 3409 1038 3494 praesidii
1054 3410 1224 3478 Hamilcare

206 3506 239 3560 et
255 3497 296 3562 ab
317 3497 462 3566 Numidis
484 3499 637 3586 Afrisque
662 3524 774 3588 passos
798 3525 882 3582 esse3
909 3504 967 3569 sed
988 3506 1069 3589 quid
1091 3506 1147 3572 ills
1166 3512 1225 3573 sunt

171 3589 329 3657 econlata
355 3614 427 3658 cum
452 3594 491 3659 iis
518 3617 598 3679 quae
624 3595 717 3662 hodie
742 3597 891 3682 patimurl
928 3619 1003 3663 cum
1029 3598 1119 3666 bona
1137 3599 1224 3673 venie,

206 3705 336 3767 quaese,
356 3689 503 3769 audiatis,
523 3700 627 3775 patres
642 3691 824 3777 conscripti,
843 3692 875 3757 id
889 3692 974 3777 quod
985 3693 1110 3762 invitus
1123 3695 1225 3760 dium

205 3779 238 3842 in
256 3778 433 3848 discrimine
451 3793 499 3848 est
516 3807 600 3851 nunc
617 3785 789 3852 humanum
808 3809 900 3851 omne
918 3810 1038 3874 genus,
1057 3800 1165 3856 utrum
1179 3807 1225 3852 voe

172 3891 247 3936 ran
265 3871 540 3964 Carthaginienses
567 3880 722 3967 principes
749 3891 900 3948 terrarum
921 3882 1039 3949 videat.
1088 3886 1117 3952 si
1142 3906 1178 3950 ex
1193 3884 1225 3957 ts,

206 3986 286 4047 quae
311 3967 488 4038 Locrenses
514 3984 569 4039 aut
594 3974 634 4040 ab
660 3975 721 4041 illis
751 3976 839 4063 passi
865 3999 976 4043 sumus
1005 3988 1062 4044 aut
1089 4003 1112 4046 a
1135 3986 1227 4046 restro
