2528 4530
323 235 550 307 ursusxxv,
569 237 611 292 10.
630 236 672 295 11.
692 235 842 307 [acus]
1039 224 1104 293 225

80 409 101 465 at
124 397 293 462 inscienter
319 417 339 461 a
361 391 484 461 Graeco
510 394 631 473 inflata,
658 394 729 478 quis
756 404 811 461 aut
836 394 951 480 quibus
975 396 1102 485 signum

80 493 169 568 daret,
196 490 350 555 incertum
372 487 538 553 efficiebat
582 487 638 554 ubi
659 488 786 568 inluxit,
812 500 844 556 et
864 489 1018 557 Romanis
1035 489 1136 561 ΡΜ

80 586 138 653 nica
156 594 187 650 et
197 581 320 650 Gallica
337 605 425 648 arma
442 583 568 669 cognita
586 593 653 650 tum
666 582 895 652 dubitationem
908 597 1099 665 exemerunt,

81 691 104 745 et
127 677 241 746 Graeci
267 678 429 745 Romanos
456 678 575 763 passim
602 678 698 745 caede
730 688 843 745 stratos
870 688 1033 745 cernentes
1061 679 1101 746 ab

82 773 249 841 Hannibale
270 781 395 858 captam
416 772 527 839 urbem
549 782 723 839 senserunt
768 783 937 858 postquam
957 773 1014 839 lux
1036 794 1135 845 cer-e

84 869 130 933 tior
145 878 211 933 erat
229 878 260 933 et
276 866 429 945 Romani,
448 867 503 951 qui
519 866 671 933 caedibus
689 866 923 952 superfuerant,
945 867 978 933 in
996 890 1102 935 arcem

86 961 274 1047 aufugerant
308 959 593 1046 conticiscebatque
630 958 782 1046 paulatim
818 961 988 1055 tumultus,
1034 974 1101 1028 tum

86 1055 230 1121 Hannibal
256 1053 443 1121 Tarentinos
470 1055 538 1122 sine
565 1055 659 1121 armis
686 1075 859 1121 convocare
885 1054 982 1123 iubet.
1027 1077 1133 1123 con-7

87 1172 182 1217 seuere
210 1171 319 1215 omnes
345 1160 565 1237 praeterquam
595 1149 650 1233 qui
676 1149 815 1215 cedentis
845 1150 879 1215 in
906 1172 1010 1215 arcem
1036 1150 1102 1217 Ro-

86 1267 178 1311 nanos
205 1244 247 1309 ad
272 1266 396 1309 omnem
428 1243 605 1309 adeundam
636 1243 730 1308 simul
759 1243 918 1310 fortunam
944 1246 1101 1331 persecuti

88 1335 200 1407 fuerant.
227 1337 273 1403 ibi
290 1337 452 1403 Hannibal
470 1337 605 1424 benigne
624 1338 788 1404 adlocutus
798 1338 986 1405 Tarentinos
1005 1348 1101 1405 testa·
1117 1357 1133 1405 8

89 1440 195 1516 tuaque,
223 1453 304 1514 quae
326 1431 534 1517 praestitisset
560 1431 682 1497 civibus
709 1453 832 1511 eorum,
859 1454 938 1517 quos
961 1433 1003 1499 ad
1020 1431 1101 1499 Tra

94 1546 256 1593 unsnnum
283 1535 337 1591 aut
367 1526 408 1591 ad
434 1523 563 1591 Cannas
589 1525 743 1611 cepisset,
780 1526 874 1593 simul
898 1527 933 1592 in
958 1527 1132 1592 dominas

92 1618 184 1685 tionem
212 1619 381 1704 superbam
407 1619 623 1686 Romanorum
648 1620 806 1699 invectus,
842 1621 978 1708 recipere
1006 1643 1041 1686 se
1067 1621 1100 1685 in

87 1711 179 1779 domm
201 1736 276 1780 suas
299 1734 456 1799 quemque
476 1713 570 1778 iussit
592 1723 623 1779 et
648 1713 769 1780 foribus
795 1735 911 1780 nomen
933 1738 1026 1781 suum
1052 1715 1101 1779 in-

87 1805 219 1873 scribere:
243 1829 278 1871 se
294 1807 406 1872 domos
424 1830 492 1885 eas,
511 1828 592 1891 quae
605 1808 772 1895 inscriptae
790 1830 853 1873 non
872 1819 987 1886 essent,
1008 1809 1100 1896 signo

87 1900 227 1987 extemplo
250 1900 323 1965 dato
346 1901 437 1986 diripi
458 1902 627 1967 iussurum.
673 1903 793 1987 siquis
815 1903 849 1967 in
866 1903 1003 1989 hospitio
1021 1902 1099 1968 civis

87 1988 205 2061 Romani
221 2031 248 2040 —
269 2016 386 2061 vacuas
417 2010 522 2060 autem
552 1995 701 2061 tenebant
730 1996 841 2062 domos
859 2035 886 2044 —
907 2020 1022 2063 nomen
1052 1997 1101 2063 in-

87 2087 260 2173 scripsisset,
279 2110 351 2153 eum
369 2110 403 2153 se
421 2111 478 2174 pro
490 2089 580 2155 hoste
594 2090 783 2156 habiturum.
811 2092 955 2157 contione
968 2092 1100 2159 dimissa
1119 2107 1151 2153 ro

88 2201 143 2245 cum
168 2181 264 2247 titulis
294 2191 419 2247 notatae
449 2182 533 2248 fores
565 2184 733 2250 discrimen
762 2195 892 2270 pacatae
923 2185 963 2251 ab
993 2185 1100 2253 hostili

88 2273 163 2341 domo
181 2275 343 2353 fecissent,
364 2276 454 2362 signo
473 2277 546 2341 dato
564 2276 606 2342 ad
623 2277 797 2363 diripienda
809 2277 1099 2364 hospitiaRomana

87 2369 189 2451 passim
207 2370 383 2437 discursum
402 2379 458 2434 est.
494 2379 526 2435 et
543 2369 603 2434 fuit
620 2370 755 2455 praedae
773 2370 976 2455 aliquantum.

134 2461 195 2528 XI.
222 2461 356 2529 Postero
374 2463 424 2528 die
443 2464 483 2529 ad
501 2465 746 2550 oppugnandam
763 2485 867 2529 arcem
885 2463 986 2542 ducit3
1005 2486 1100 2549 quam
1120 2483 1131 2527 1

88 2558 341 2637 cunctamen,
369 2579 431 2642 quo
453 2557 487 2621 in
507 2557 729 2644 paeneinsulae
750 2558 880 2623 modum
900 2581 974 2643 pare
1000 2559 1100 2622 maior

89 2647 295 2730 circumluitur,
322 2651 469 2738 praealtis
492 2651 624 2737 rupibus
648 2660 679 2716 et
701 2651 741 2716 ab
764 2652 833 2738 ipsa
855 2651 932 2718 urbe
956 2673 1046 2717 muro
1068 2661 1100 2717 et

91 2738 157 2809 losse
176 2745 297 2831 ingenti
320 2755 460 2832 saeptam
482 2745 603 2811 videret
624 2766 723 2830 eoque
741 2767 799 2810 nec
818 2746 849 2809 vi
871 2767 930 2812 neo
952 2745 1099 2833 operibus

89 2839 313 2926 expugnabilem
331 2862 415 2919 esse,
442 2861 482 2905 ne
504 2848 559 2904 aut
581 2860 615 2905 ee
637 2840 743 2926 ipsum
761 2862 836 2905 cura
853 2839 962 2905 tuendi
980 2839 1099 2907 Taren-
1118 2858 1132 2903 a

89 2928 153 2998 linos
169 2957 188 2999 a
205 2932 376 2999 maioribus
393 2931 488 2999 rebus
506 2942 679 2999 moraretur
696 2943 750 2999 aut
767 2933 800 2998 in
817 2933 942 2999 relictos
962 2935 1029 2999 sine
1042 2958 1096 3000 va·

89 3019 136 3090 lido
158 3027 315 3113 praesidio
333 3025 519 3094 Tarentinos
546 3028 698 3113 impetum
725 3049 764 3092 ex
791 3050 862 3093 arce
885 3050 957 3092 cum
984 3028 1101 3092 vellent

90 3113 205 3186 Romani
231 3121 382 3199 facerent,
410 3122 493 3188 sallo
518 3121 628 3187 urbem
654 3121 694 3187 ab
717 3143 787 3187 arce
814 3121 1015 3207 intersaepire
1038 3132 1100 3185 sta-

93 3212 144 3293 tuit,
160 3237 225 3281 uon
242 3216 310 3280 sine
326 3216 381 3280 illa
398 3216 491 3281 etiam
510 3237 581 3303 spe,
600 3238 672 3281 cum
690 3215 927 3301 prohibentibus
946 3237 1025 3301 opus
1034 3214 1100 3279 Ro-
1119 3232 1133 3279 3

97 3310 170 3375 mna
197 3333 327 3375 manum
356 3332 451 3396 posse
477 3311 599 3376 conseri
629 3320 678 3390 et,
714 3310 741 3376 si
771 3310 906 3376 ferocius
932 3331 1100 3396 procucur-

93 3396 197 3483 meant,
216 3427 332 3491 magna
346 3404 441 3469 caede
454 3405 498 3469 its
515 3405 668 3473 attenuari
681 3403 828 3490 praesidii
840 3404 937 3482 vires,
956 3413 991 3468 ut
1008 3403 1100 3469 facile

92 3510 132 3574 Per
154 3521 187 3564 se
213 3499 275 3585 ipsi
294 3499 455 3564 Tarentini
481 3497 591 3565 urbem
617 3499 657 3565 ab
684 3500 722 3568 iis
750 3499 829 3565 tueri
854 3509 993 3586 possent.
1046 3499 1135 3564 ubis

92 3601 218 3675 coeptum
245 3615 323 3679 opus
351 3604 412 3670 est,
439 3594 597 3679 patefacta
622 3605 749 3680 repente
776 3604 868 3681 porta
893 3595 1044 3680 impetum
1068 3594 1101 3655 in

92 3685 239 3752 munientis
261 3687 402 3751 fecerunt
423 3687 558 3753 Romani
583 3687 718 3773 pellique
741 3710 775 3753 se
802 3687 894 3753 statio
921 3711 1016 3773 passa
1043 3695 1100 3763 est,

93 3790 157 3853 quae
174 3801 231 3866 pro
255 3803 347 3866 opere
370 3791 447 3859 erat,
475 3791 510 3846 ut
532 3803 680 3847 successu
702 3792 854 3848 cresceret
877 3781 1007 3846 audacia
1032 3780 1102 3866 plu-

94 3882 186 3955 resque
203 3884 235 3939 et
251 3875 375 3962 longius
393 3876 502 3961 pulsos
519 3885 789 3962 prosequerentur.
834 3886 901 3941 tum
920 3875 1011 3960 signo
1028 3874 1100 3940 dato
1120 3894 1135 3942 5

98 3966 174 4106 tuopti
186 3969 322 4054 undique
330 3969 431 4035 Poeni
446 3979 531 4048 sunt,
542 3991 621 4055 quos
635 3971 803 4036 instructos
817 3970 857 4034 ad
870 3970 931 4035 boc
939 3968 1101 4034 Hannibal

151 4065 178 4111 itt
189 4069 267 4115 notit
896 4067 930 4120 15
