2528 4530
249 236 367 292 nassa
384 234 525 304 mrv111,
545 234 643 290 10.11.
664 234 884 303 [acroama]
1020 222 1084 289 395

70 406 237 486 ¹oropraetor
253 433 281 443 -
298 416 355 458 eae
372 392 465 458 binae
483 392 625 478 legiones
644 403 734 457 erant
746 429 773 439 -
789 391 975 458 habuissent
994 415 1084 458 exer-

70 495 162 570 citum3
190 490 225 554 in
246 487 377 553 Etruria
399 487 478 551 duas
501 485 651 551 volonum
672 486 815 573 legiones
838 484 914 552 aC.
933 486 1082 552 Terentio
1102 508 1133 554 11

70 595 255 673 ›ropraetore
272 583 321 646 M.
343 580 458 645 Livius
476 581 660 666 proconsul,
688 581 738 644 cui
754 593 960 668 prorogatum
976 581 1011 645 in
1028 604 1084 646 an·

70 705 130 746 rum
145 679 314 766 imperium
328 686 409 754 erat,
428 676 594 761 acciperet.
622 687 654 742 et
664 674 705 758 Q.
715 676 875 756 Mamilio,
893 687 929 742 ut
942 677 1083 763 collegae
1103 697 1133 743 12

70 775 129 840 uris
147 773 285 839 dictione
302 770 418 836 tradita
428 767 566 835 Galliam
581 791 653 834 cum
666 770 820 849 exercitu,
839 771 889 835 cui
898 770 940 836 L.
949 770 1083 836 Porcius

70 880 178 936 tractor
203 866 399 955 praefuerat,
431 863 600 942 obtineret,
633 865 795 928 decretum
821 875 883 943 est,
915 865 1084 951 iussusque

70 962 198 1051 copulari
221 983 315 1048 agros
336 957 515 1036 Gallorum,
543 958 597 1041 qui
619 958 661 1021 ad
676 958 805 1023 Poenos
829 960 890 1024 sub
912 960 1084 1024 adventum

70 1056 267 1125 Hasdrubalis
295 1053 496 1120 defecissent.
543 1051 581 1118 C.
602 1051 737 1118 Servilio
764 1075 837 1118 cum
859 1051 1083 1120 Cannensibus
1104 1074 1134 1121 13

70 1154 175 1218 luabns
202 1150 395 1237 legionibus,
424 1149 506 1213 sicut
532 1145 572 1213 C.
597 1148 762 1213 Mamilius
789 1158 946 1227 tenuerat,
975 1147 1084 1214 Sicilia

70 1248 171 1313 nenda
189 1247 272 1310 data.
318 1267 358 1310 ex
377 1242 524 1308 Sardinia
542 1253 633 1308 vetus
652 1243 823 1323 exercitus,
841 1244 892 1308 cui
908 1245 952 1308 A.
970 1243 1083 1309 Hosti·
1103 1262 1135 1308 14

70 1341 116 1407 lius
133 1340 327 1428 praefuerat,
355 1339 554 1424 deportatus3
580 1360 696 1402 novam
719 1338 891 1423 legionem,
919 1360 1015 1422 quam
1031 1337 1083 1401 Ti.

70 1433 209 1500 Claudius
237 1434 383 1498 traiceret
408 1453 530 1509 secum,
558 1432 704 1496 consules
731 1431 996 1518 conscripserunt.
1040 1428 1135 1511 Q.15

70 1526 205 1606 Claudio,
231 1538 268 1592 ut
285 1527 473 1605 Tarentum,
498 1523 537 1592 C.
556 1525 696 1591 Hostilio
715 1526 857 1603 Tubulo,
884 1536 920 1590 ut
938 1524 1085 1611 Capuam

70 1623 248 1708 provinciam
266 1623 410 1699 haberet,
432 1631 637 1708 prorogatum
654 1621 687 1684 in
705 1643 823 1685 annum
839 1620 1006 1708 imperium
1024 1630 1082 1686 est.

70 1715 107 1782 ll
121 1717 268 1786 Valerius
285 1716 469 1802 proconsul,
497 1715 552 1799 qui
570 1716 705 1780 tuendae
728 1715 812 1782 circa
830 1714 972 1781 Siciliam
989 1715 1083 1780 mari-
1104 1735 1134 1782 16

70 1820 159 1877 timae
176 1835 249 1878 orae
267 1812 461 1897 praefuerat,
481 1810 610 1895 triginta
626 1811 760 1876 navibus
780 1809 820 1877 C.
840 1809 974 1876 Servilio
992 1833 1085 1897 prae-

70 1903 128 1971 bitis
147 1929 220 1970 cum
238 1917 342 1971 cetera
360 1904 446 1969 omni
464 1905 567 1969 classe
584 1904 687 1969 redire
706 1905 746 1969 ad
763 1906 875 1970 urbem
892 1905 1010 1971 iussus.

118 1999 182 2065 XI.
226 2000 266 2064 In
288 1999 414 2064 civitate
436 2010 523 2063 tanto
542 1998 721 2063 discrimine
744 1999 819 2063 belli
837 2000 984 2078 sollicita,
1012 2022 1116 2067 cumr

70 2095 195 2159 omnium
213 2094 423 2159 secundorum
446 2093 713 2175 adversorumque
732 2115 845 2158 causas
866 2094 900 2158 in
919 2092 995 2160 deos
1014 2117 1084 2167 ver-

70 2199 169 2267 terent,
204 2189 305 2252 multa
329 2186 476 2274 prodigia
501 2186 743 2251 nuntiabantur:
780 2186 970 2253 Tarracinae
995 2188 1117 2256 Iovisa

70 2283 180 2361 cedem,
209 2279 323 2348 Satrici
344 2280 460 2346 Matris
482 2281 628 2346 Matutae
652 2280 691 2344 de
715 2279 802 2345 caelo
825 2290 955 2358 tactam3
984 2278 1084 2344 Satri·

70 2396 152 2444 canos
180 2377 266 2442 haud
291 2376 396 2440 minus
418 2376 578 2440 terrebant
599 2374 633 2438 in
655 2374 767 2438 aedem
788 2374 876 2438 Iovis
902 2373 1024 2439 foribus
1050 2373 1084 2437 in

70 2468 132 2556 ipsis
151 2472 214 2537 duo
227 2470 366 2557 perlapsi
380 2493 516 2556 angues3
536 2469 576 2533 ab
586 2468 685 2534 Antio
698 2468 877 2532 nuntiatum
891 2478 954 2545 est,
973 2484 1085 2532 cruen-

70 2587 105 2631 ss
123 2565 227 2653 spicas
246 2564 436 2630 metentibus
455 2563 541 2628 visas
560 2585 646 2641 esse3
671 2560 774 2627 Caere
791 2583 906 2648 porcus
924 2561 1033 2650 biceps
1051 2571 1084 2626 st
1103 2581 1117 2628 3

70 2683 157 2747 tgnus
184 2683 253 2725 mas
279 2655 434 2742 idemque
453 2657 572 2723 femina
597 2667 690 2721 natus
718 2667 799 2735 erat3
836 2667 868 2721 et
888 2656 993 2722 Albae
1020 2656 1083 2722 duo

70 2754 138 2820 roles
166 2754 253 2819 visos
280 2754 424 2819 ferebant
450 2763 483 2818 et
506 2762 599 2816 nocte
616 2751 772 2838 Fregellis
799 2752 903 2818 lucem
930 2752 1083 2819 obortam.

70 2859 88 2914 t
110 2850 170 2915 bos
198 2847 232 2912 in
258 2871 335 2935 agro
361 2848 507 2913 Romano
534 2845 658 2911 locutus
685 2856 717 2911 et
743 2870 798 2912 ara
818 2847 958 2934 Neptuni
984 2848 1119 2915 multoe

70 2964 204 3012 nanasse
230 2946 345 3022 sudore
371 2945 405 3009 in
427 2943 509 3008 circo
526 2942 684 3009 Flaminio
708 2943 906 3022 dicebantur,
934 2955 966 3010 et
988 2946 1083 3011 aedes

70 3037 199 3117 teretis,
224 3037 357 3116 Salutis,
381 3036 506 3119 Quirini
524 3038 563 3103 de
582 3037 669 3103 caelo
688 3049 799 3104 tactae.
845 3038 991 3124 prodigia
1010 3058 1118 3104 oon-5

70 3133 141 3199 ules
165 3133 268 3199 hostis
288 3131 460 3197 maioribus
482 3153 651 3219 procurare
673 3132 753 3196 iussi
774 3143 806 3197 et
824 3131 1085 3218 supplicationem

70 3250 153 3294 urum
172 3227 258 3293 diem
275 3227 402 3292 habere.
446 3250 485 3292 ea
503 3250 542 3292 ex
561 3236 689 3293 senatus
708 3226 851 3291 consulto
873 3227 967 3290 facta.
1011 3227 1118 3312 pluso

70 3322 203 3388 »mnibus
231 3330 285 3385 aut
310 3320 461 3385 nuntiatis
487 3343 619 3408 peregre
646 3330 701 3383 aut
722 3319 799 3383 visis
822 3319 908 3384 domi
931 3319 1083 3405 prodigiis

70 3416 167 3483 erruit
188 3415 310 3482 animos
328 3416 492 3481 hominurn
513 3415 597 3501 ignis
618 3414 651 3478 in
674 3413 752 3479 aede
774 3415 894 3480 Vestae
917 3413 1084 3508 extinctus,

70 3532 213 3595 seseque
239 3511 340 3597 flagro
367 3520 417 3576 est
432 3510 589 3588 Vestalis,
617 3509 704 3573 cuius
728 3507 871 3573 custodia
893 3507 960 3572 eius
983 3509 1084 3574 noctis

70 3616 172 3683 uerat,
200 3603 290 3671 iussu
315 3604 354 3670 P.
376 3604 484 3669 Licini
508 3603 685 3690 pontuficis.
729 3603 763 3666 id
790 3624 981 3686 quamquam
1006 3601 1084 3666 nihil
1104 3623 1118 3668 7

70 3698 317 3769 attendentibus
345 3699 412 3765 deis
440 3712 578 3764 ceterum
604 3699 805 3785 neglegentia
835 3699 973 3763 humana
1004 3697 1085 3762 acci-

70 3806 158 3874 erat,
188 3804 295 3859 tamen
318 3804 350 3859 et
371 3794 472 3860 hostis
494 3793 664 3860 maioribus
686 3793 847 3880 procurari
870 3804 902 3860 et
927 3791 1086 3880 supplica-

70 3912 176 3959 onem
194 3888 236 3954 ad
251 3889 372 3957 Vestae
390 3889 500 3953 haberi
516 3888 644 3975 placuit.

111 3982 311 4067 Priusquam
323 3983 596 4071 proficiscerentur
609 3983 754 4051 consules
770 3983 811 4050 sd
822 3982 956 4063 bellum,
974 3983 1085 4050 moniti
1102 4001 1119 4050 8
