2528 4514
144 256 185 322 18
388 265 507 322 LIBER
525 265 610 335 XXI,
629 266 672 319 21.
686 265 727 318 22.
748 267 785 333 [a.
796 281 823 319 u.
835 279 858 318 c.
869 261 932 332 536]

144 425 246 495 Gadis
263 422 424 514 profectus
440 422 573 490 Herculi
590 431 665 488 vota
682 423 816 489 exsolvit
835 421 990 506 novisque
1008 445 1014 485 ε

93 543 127 593 10
144 521 240 600 votis,
266 520 294 584 si
312 520 415 585 cetera
431 539 582 604 prospera
600 517 788 583 evenissent.
832 517 906 582 inde
929 517 1014 602 parti·

145 615 239 682 simul
263 612 286 702 [
310 610 326 701 ]
349 612 548 678 inserendum
568 620 661 696 atque
679 612 850 677 arcendum
868 611 1001 689 bellum,

144 713 214 798 ip'se
244 708 384 774 terrestri
408 731 464 794 per
489 707 680 793 Hispaniam
708 704 892 792 Galliasque
918 708 1014 772 itiner<

144 806 278 891 peteret,
303 803 389 868 nuda
406 811 576 888 apertaque
592 800 745 866 Romanis
763 799 877 866 Africa
894 800 934 866 ab
955 799 1014 868 Sis

94 904 126 968 11'
145 898 250 964 valido
274 897 430 984 praesidio
453 897 577 962 firmare
601 918 671 960 eam
695 895 812 960 statuit.
848 918 906 982 pro
925 919 962 961 eo
982 919 1014 961 su

145 1004 212 1058 tum
237 994 306 1080 ipse
329 991 369 1058 ex
390 991 503 1057 Africa
525 991 662 1056 maxime
683 989 904 1069 iactdatorum,
931 991 1014 1056 leviu

145 1085 258 1174 petiit,
276 1075 312 1152 dt
337 1085 412 1150 Afri
438 1085 471 1150 in
497 1082 670 1172 Hispania,
697 1083 836 1171 Hispani
861 1086 895 1149 in
916 1084 1014 1152 Afric:

144 1181 255 1268 p'r'o'cul
275 1180 326 1271 ⁸ab
358 1181 452 1246 domo
482 1179 607 1245 futurus
638 1189 770 1265 uterque
803 1179 907 1259 miles,
944 1182 1014 1245 velu

95 1295 127 1345 12
145 1270 328 1364 pi'g'msribtt's
355 1272 499 1362 obligati,
538 1274 694 1360 stipendia
723 1273 873 1341 facerent.
919 1276 1014 1340 treder

144 1370 342 1459 octingentos
362 1368 592 1454 quinquaginta
605 1366 728 1454 pedites
743 1377 878 1434 cetratos
892 1369 979 1434 misit
992 1370 1014 1433 ir

144 1454 184 1547 et
200 1462 376 1529 r'iihditores'
404 1462 555 1528 Baleares
582 1462 780 1550 octingentos
807 1463 1014 1550 septuaginta

93 1579 126 1628 la
144 1556 260 1625 mixtos
287 1581 328 1624 ex
354 1554 461 1622 multis
489 1555 636 1642 gentibus
664 1556 750 1621 mille
776 1555 937 1624 ducentos.
983 1554 1014 1622 ha

143 1654 259 1740 partim
287 1648 473 1738 Carthagini
495 1650 656 1736 praesidio
683 1668 768 1729 esse,
802 1652 917 1737 partim
948 1646 1014 1718 dist

143 1746 289 1813 Africam
310 1744 407 1811 iubet.
449 1744 543 1809 simul
565 1742 827 1829 conquisitoribus
851 1744 884 1810 ih
908 1746 1014 1812 civitat

145 1851 292 1925 quattuor
314 1838 402 1904 milia
426 1837 601 1923 conscripta
619 1838 758 1904 delectae
776 1839 963 1920 iuventutis,
989 1862 1014 1927 p:

145 1931 275 2000 eosdem
294 1941 325 1998 et
343 1929 484 2011 obsides,
504 1929 578 1997 duci
596 1930 822 2019 Carthaginem
841 1932 937 1999 iubet.

112 2042 126 2088 1
209 2019 329 2092 XXII.
369 2025 480 2111 Neque
498 2023 690 2112 Hispaniam
712 2026 941 2114 neglegendam
959 2039 1014 2094 rati

143 2118 178 2185 id
195 2137 233 2186 eo
252 2121 368 2200 minus,
388 2121 473 2204 quod
490 2119 576 2184 haud
593 2121 723 2206 ignarus
742 2130 822 2198 erat,
842 2122 1014 2188 circumita]

145 2216 248 2280 manis
280 2237 349 2280 eam
378 2214 491 2301 legatis
523 2215 563 2279 ad
596 2213 807 2280 sollicitandos
838 2217 1014 2302 principum

142 2309 340 2378 Hasdrubali
357 2310 459 2389 fratri,
485 2309 552 2375 viro
570 2309 709 2396 inpigro,
736 2332 805 2375 eam
827 2312 1014 2395 provinciam

108 2427 124 2475 2
142 2405 309 2490 firmatque
331 2427 403 2471 eum
422 2403 542 2469 Africis
566 2404 702 2469 maxime
719 2404 898 2490 praesidiis,
922 2407 1014 2491 pedit

142 2522 213 2565 rum
230 2499 378 2565 undecim
397 2496 525 2562 milibus
540 2498 728 2583 octingentis
743 2499 984 2586 quinquaginta,
1003 2501 1014 2565 ]

108 2615 124 2663 s
143 2593 304 2670 trecentis,
322 2590 502 2657 Baliaribus
522 2587 596 2676 [D].
634 2591 770 2657 adhaec
787 2593 928 2680 peditum
947 2598 1014 2660 aurs

144 2688 265 2771 equites
290 2685 564 2771 Libyphoenices,
600 2686 734 2751 mixtum
759 2686 918 2753 Punicum
944 2688 1014 2754 Afri

142 2779 362 2864 quadringenti
385 2788 417 2843 et
433 2777 589 2843 Numidae
610 2778 793 2864 Maurique,
822 2782 947 2848 accolae
972 2781 1014 2850 Or

142 2871 228 2936 mille
254 2872 424 2959 octingenti
448 2881 478 2937 et
500 2894 598 2958 parva
615 2873 786 2960 Ilergetum
810 2899 923 2941 manus
947 2879 1014 2942 ex]

143 2965 269 3031 ducenti
281 2966 412 3050 equites,
427 2976 468 3045 et,
483 2989 523 3031 ne
538 2968 623 3052 quod
637 2969 790 3034 terrestris
805 2970 931 3036 deesset
943 2973 1014 3036 auxi

107 3081 125 3129 4
142 3056 299 3146 elephanti
312 3060 425 3148 viginti
442 3083 534 3127 unus.
571 3062 681 3127 classis
699 3071 861 3148 praeterea
879 3065 953 3130 data
971 3066 1013 3131 ad

141 3154 340 3221 maritumam
357 3177 460 3234 oram,
485 3155 559 3241 quia
576 3177 640 3240 qua
660 3165 750 3242 parte
771 3157 846 3223 belli
868 3159 1010 3225 vicerant

141 3267 266 3336 quoque
278 3273 345 3317 rem
358 3259 504 3338 gesturos
518 3251 680 3317 Romanos
695 3250 780 3316 credi
792 3260 929 3338 poterat,
948 3255 1014 3340 quir

141 3342 396 3428 quitrqueremes,
420 3342 634 3430 quadriremes
652 3345 748 3424 duae,
771 3346 914 3412 triremes
939 3349 1014 3432 quin

141 3449 233 3529 aptae
250 3438 483 3524 instructaeque
500 3439 632 3526 remigio
650 3439 778 3526 triginta
796 3449 827 3505 et
839 3439 920 3507 duae
934 3442 1014 3525 quin

141 3541 230 3625 erant
247 3528 279 3600 et
296 3532 437 3599 triremes
455 3533 603 3619 quinque.

107 3645 123 3694 o
204 3625 260 3694 Ab
279 3624 424 3694 Gadibus
442 3625 669 3714 Carthaginem
693 3627 734 3692 ad
751 3627 882 3695 hiberna
899 3631 1014 3697 exercit

141 3731 236 3806 atque
257 3720 509 3807 inde'profectds
526 3731 650 3814 praeter
667 3722 866 3788 maritumam
885 3746 973 3790 oram
990 3724 1014 3790 E

107 3815 252 3883 turbem
274 3815 316 3881 ad
332 3815 490 3882 Hiberum
511 3816 606 3882 ducit.
642 3816 687 3882 ibi
708 3816 794 3884 fama
816 3828 864 3884 est
886 3819 920 3884 in
943 3821 1014 3905 quie

142 3908 182 3974 ab
200 3930 238 3976 eo
255 3909 402 3977 iuvenem
415 3909 521 3975 divina
536 3910 655 3996 specie,
673 3911 775 3997 quise
790 3913 829 3979 ab
839 3913 916 3979 Iove
930 3914 1014 3981 dicer

139 4003 174 4068 in
194 4001 320 4070 Italiam
341 4002 515 4071 Hannibali
537 4004 685 4072 missum:
711 4007 842 4094 proinde
865 4020 1014 4095 sequeret
