2528 4514
67 296 70 301 r
137 212 200 278 282
358 220 477 276 LIBER
495 220 608 288 XXVI,
628 219 726 274 15.16.
747 223 784 288 [a.
794 236 822 274 u.
832 235 857 276 c.
867 218 932 289 543]

104 404 120 452 5
138 403 361 468 oppressurum
387 378 669 461 extincturumque.
714 375 754 442 ab
776 375 837 441 hoc
859 397 1008 461 sermone
1028 397 1096 441 cum
1112 375 1144 441 di·

137 475 240 564 gressi
256 482 361 540 essent
379 480 410 538 et
427 471 554 558 Appius
572 471 716 555 quamvis
739 470 885 536 ferociter
906 470 1087 555 loquentem
1100 468 1146 535 col-

138 571 242 658 legam
259 591 323 633 non
340 566 495 632 dubitaret
510 575 617 631 tamen
629 565 747 631 litteras
762 587 856 651 super
869 573 960 631 tanta
972 587 1007 630 re
1019 563 1147 630 abRctm

104 685 120 733 o
140 672 389 751 expectaturum,
420 660 568 738 Fulvius,
598 682 638 725 ne
660 660 692 724 id
714 659 819 745 ipsum
842 659 1100 746 impedimentum
1114 657 1147 723 in·

29 768 32 772 '
140 767 231 844 cepto
261 756 360 835 foret,
396 755 554 820 dimittens
585 754 775 840 praetorium
806 754 943 819 tribunis
976 752 1103 818 militnm
1119 772 1146 817 sc

139 851 305 938 praesectis
324 850 444 915 socium
462 848 641 934 imperavit,
667 848 713 913 uti
735 847 859 913 duobus
881 846 1016 912 milibus
1036 846 1144 931 equitem

141 946 269 1012 delectis
299 943 534 1020 denuntiarent,
571 951 606 1007 ut
638 942 679 1007 ad
703 942 830 1028 tertiam
865 941 1021 1006 bucinam
1052 947 1145 1028 paea

106 1060 121 1106 7
142 1050 255 1106 essent.
296 1061 368 1104 cum
385 1038 446 1103 hoc
464 1036 604 1122 equitatu
621 1045 712 1102 nocte
730 1037 874 1102 Teanum
891 1036 1059 1122 profectus
1075 1034 1149 1121 prim

140 1137 210 1201 luce
227 1142 349 1220 portam
366 1133 493 1198 intravit
511 1141 604 1216 atque
621 1131 654 1195 in
667 1130 771 1196 forum
783 1132 936 1216 perrexit,
957 1148 1149 1212 concursuque

141 1230 181 1294 ad
206 1229 349 1338 prim-‘um
369 1227 509 1336 equitum
533 1225 711 1334 ingressum
736 1225 821 1291 facto
843 1224 963 1312 magist
963 1234 1071 1290 ratum
1090 1221 1151 1290 Sid-

141 1325 246 1389 cinum
264 1321 352 1387 citari
368 1321 460 1386 iussit
476 1319 717 1406 imperavitque,
737 1329 772 1383 ut
788 1319 979 1405 produceret
990 1318 1150 1428 Campamq

104 1434 123 1482 8
142 1439 221 1502 quos
238 1415 272 1480 in
290 1415 432 1480 custodia
448 1412 587 1479 haberet.
624 1413 772 1498 producti
785 1434 895 1479 omnes
914 1406 1152 1519 virgisqueou'

142 1533 180 1576 ac
198 1510 299 1576 securi
317 1507 467 1594 percussi.
507 1507 579 1572 inde
598 1506 692 1572 citato
711 1529 791 1590 equo
811 1505 906 1572 Cales
926 1500 1153 1593 perennitati

142 1628 215 1670 cum
239 1604 274 1668 in
300 1602 446 1668 tribunali
473 1600 667 1667 consedisset
655 1600 894 1687 tproductique
914 1600 1077 1687 Campani
1098 1596 1153 1665 dcli·

142 1707 291 1786 gerentur
308 1699 348 1762 ad
365 1696 486 1782 palum,
506 1715 601 1779 eques
621 1695 700 1760 citus
719 1694 759 1761 ab
768 1695 871 1760 Roma
889 1695 978 1760 venit
996 1694 1153 1777 litterssqm

143 1817 162 1856 a
190 1791 228 1857 O.
256 1790 427 1876 Calpurnio
456 1798 599 1874 praetore
628 1787 741 1854 Fulvio
773 1798 804 1853 et
835 1799 965 1854 senatus
1000 1787 1153 1855 consultum

107 1885 246 1954 stradit.
291 1906 431 1948 murmur
458 1881 497 1947 ab
525 1881 672 1948 tribunali
697 1892 795 1948 totam
821 1883 1005 1948 contionem
1028 1878 1152 1970 pervasit:

143 1978 261 2042 differri
278 1999 344 2041 rem
361 1977 515 2062 integram
534 1977 574 2041 ad
590 1988 695 2062 patres
714 1977 754 2041 de
773 1975 957 2062 Campanis.
996 1988 1031 2043 et
1046 1975 1152 2043 Fulvius

142 2072 176 2136 id
193 2071 237 2135 ita
254 2092 325 2136 esse
342 2079 427 2135 ratus
446 2079 591 2155 acceptas
613 2070 731 2135 litteras
753 2091 855 2154 neque
873 2070 1035 2137 resolutas
1056 2067 1153 2137 cumin

143 2164 262 2252 gremio
283 2164 489 2250 reposuisset,
521 2164 667 2249 praeconi
688 2164 866 2249 imperavit,
894 2174 930 2228 ut
946 2165 1088 2232 lictorem
1101 2163 1153 2248 loqu

143 2279 237 2346 agere
255 2257 383 2324 iuberet.
428 2258 472 2323 ita
490 2259 529 2322 dc
548 2258 585 2323 iis
609 2280 733 2342 quoquc
755 2258 811 2341 qui
828 2256 962 2323 Calibus
986 2269 1075 2326 erant
1090 2278 1153 2323 sun·

94 2373 126 2420 10
144 2364 233 2439 ptum
252 2353 450 2438 supplicium.
496 2361 562 2416 tum
580 2352 700 2417 litterae
718 2352 816 2418 lectae
839 2363 1037 2437 senatusque
1055 2348 1153 2419 consul·

143 2459 209 2512 tum
228 2469 332 2513 serum
350 2446 391 2510 ad
408 2446 639 2530 impediendam
657 2469 724 2510 rem
742 2455 858 2524 actam,
877 2469 960 2530 quae
980 2463 1151 2529 summaopt

76 2539 124 2607 ‘11
144 2542 349 2627 adproperata
367 2549 446 2617 erat,
469 2563 509 2605 nc
526 2541 671 2626 impediri
688 2550 804 2625 posset.
850 2554 1093 2629 consurgentem
1104 2540 1149 2604 im

142 2635 290 2700 Fulvium
305 2634 430 2699 Taurea
439 2633 594 2699 Vibellius
610 2633 807 2720 Campanus,
825 2657 882 2719 per
900 2637 1042 2702 mediam
1058 2634 1149 2701 vadens

144 2727 281 2804 turbam,
300 2727 426 2792 nomine
444 2727 624 2793 inclamavit
637 2737 681 2804 et,
700 2751 772 2793 cum
786 2728 1009 2809 mirabundus,
1029 2729 1149 2815 quidum

95 2841 126 2889 12
146 2842 216 2885 sese
232 2820 339 2898 vellet,
366 2822 535 2886 resedisset
550 2821 700 2901 Flaccus,
730 2828 794 2887 ‘me
812 2823 952 2906 quoque'
970 2824 1071 2909 inquit
1087 2818 1149 2886 ‘inlr

146 2913 259 2992 occidi,
286 2924 321 2978 ut
343 2914 469 3002 gloriari
490 2915 594 3001 possis
617 2915 715 2981 multo
739 2915 901 2981 fortiorem
924 2939 1024 3001 quam
1049 2917 1107 3005 ipse
1124 2932 1147 2976 tt

97 3030 128 3077 13
145 3008 247 3073 virum
269 3008 326 3073 abs
349 3020 380 3074 te
402 3011 542 3076 occisum
564 3010 656 3076 esse'.
701 3033 773 3075 cum
794 3010 930 3076 Flaccus
954 3020 1083 3099 negaret
1098 3027 1147 3095 pte

146 3103 229 3168 fecto
248 3103 323 3168 satis
342 3114 518 3190 compotem
540 3105 653 3170 mentis
677 3127 761 3182 esse,
789 3106 883 3170 modo
905 3106 1066 3192 prohiberi
1080 3103 1146 3170 cb'su

43 3270 47 3285 .
96 3217 128 3265 14
147 3219 195 3275 se,
223 3196 250 3262 si
270 3197 304 3261 id
326 3197 432 3277 vellet,
461 3207 588 3264 senatus
611 3200 753 3264 consulto
776 3199 905 3277 diceret,
934 3210 1005 3266 tum
1023 3195 1145 3267 Vibellius

27 3298 29 3302 ’
147 3291 286 3375 ‘quando
305 3245 444 3401 quideni’
461 3291 575 3401 inquit,
609 3299 715 3379 ‘capta
731 3293 842 3378 patria,
848 3293 1038 3379 propinquis
1055 3287 1146 3359 amicis·

146 3406 207 3468 que
234 3384 372 3464 amissis,
400 3408 472 3450 cum
498 3386 567 3472 ipse
593 3411 690 3452 manu
716 3411 787 3453 mea
809 3387 978 3476 coniugem
1001 3389 1145 3491 liberosqqr
1179 3394 1183 3407 ’

146 3476 368 3555 interfecerim,
395 3502 435 3545 ne
453 3480 529 3564 quid
551 3481 672 3567 indigni
693 3491 886 3568 paterentur,
914 3483 995 3548 mihi
1012 3507 1052 3550 ne
1066 3474 1144 3548 mortis

146 3573 273 3658 quidem
291 3575 385 3684 copia
399 3575 508 3640 eadem
527 3586 588 3655 est,
615 3599 696 3661 quae
717 3577 767 3642 his
786 3576 908 3644 civibus
932 3579 1029 3658 meis,
1054 3582 1145 3679 petatur
1182 3568 1184 3576 ’

97 3687 128 3733 15
148 3691 166 3732 a
188 3668 332 3733 virtute
322 3669 442 3734 mvisae
464 3669 625 3736 huiust
582 3680 625 3735 vrt
626 3693 664 3736 ae
686 3671 850 3750 vindicta',
878 3681 973 3756 atque
996 3673 1040 3739 ita
1059 3664 1142 3758 gladia
1183 3678 1184 3687 ’

147 3784 241 3847 quem
259 3772 346 3829 veste
365 3774 498 3842 texerat,
525 3788 581 3851 per
600 3766 766 3832 adversum
783 3776 895 3852 pectus
915 3767 1080 3833 transfixum
1094 3766 1142 3827 nult
1182 3816 1184 3829 .

147 3856 270 3939 pedes
261 3869 394 3944 rmperat
393 3857 456 3924 oris
475 3859 678 3926 moribundus
697 3860 873 3945 procubuit.

115 3959 128 4006 1
211 3947 306 4014 XVI.
352 3951 436 4034 Quia
454 3961 484 4017 et
502 3953 589 4038 quod-
604 3954 644 4019 ad
663 3955 850 4040 supplicium
868 3956 978 4023 attinet
997 3955 1142 4038 campus
