2528 4530
308 115 426 168 arnna
444 114 569 182 xxva,
589 113 631 167 44.
645 113 687 167 45.
708 112 861 183 [aoros]
1036 101 1100 166 375

77 295 171 339 annos
179 272 328 339 Romano
343 272 548 337 exercitatum
560 271 654 350 bello,
664 271 796 358 'gemina
805 270 935 337 victoria
943 270 1101 357 insignem

76 369 195 435 duobus
213 367 403 434 exercitibus
423 389 496 431 cum
514 366 697 432 clarissimis
717 366 850 431 ducibus
870 366 992 432 deletis.
1025 386 1133 434 namt

72 462 190 529 itineris
204 461 333 546 quidem
347 461 506 527 celeritate
520 482 560 525 ex
568 461 728 548 Hispania
741 472 774 525 et
787 460 949 526 concitatis
964 461 1005 524 ad
1014 484 1101 525 arma

76 555 205 623 Gallicis
228 555 376 641 gentibus
400 555 498 621 multo
522 554 624 640 magis
648 576 743 638 quam
760 553 975 619 Hannibalem
996 553 1101 640 ipsum

71 649 199 736 gloriari
219 672 330 736 posse:
358 649 476 736 quippe
497 648 531 713 in
552 648 590 713 iis
612 648 691 714 locis
714 648 797 712 hunc
821 648 964 734 coegisse
983 649 1101 713 exerci-
1118 666 1133 715 8

73 756 153 823 tum,
171 744 286 829 quibus
300 743 353 808 ille
368 743 520 809 maiorem
532 753 655 829 partem
667 742 802 805 militum
815 742 900 807 fame
918 764 955 807 ac
973 743 1100 829 frigore,

74 859 153 921 quae
169 836 347 902 miserrima
364 837 474 902 mortis
492 859 611 924 genera
629 835 705 913 sint,
724 835 892 900 amisisset.
924 837 1102 901 adiciebant
1119 858 1134 905 a

73 931 166 997 etiam
178 931 271 1017 periti
284 954 391 996 rerum
404 931 596 1018 Hispaniae,
615 930 701 995 haud
715 952 787 995 cum
804 930 912 1017 ignoto
931 953 1003 995 eum
1021 932 1100 995 duce

75 1023 113 1091 G.
133 1025 262 1091 Nerone
288 1047 548 1111 congressurum,
577 1025 634 1090 sed
662 1047 755 1109 quem
781 1025 815 1089 in
841 1024 924 1088 saltu
949 1024 1100 1110 impedito

76 1119 247 1206 deprensus
269 1119 351 1185 forte
373 1119 459 1184 haud
482 1141 574 1184 secus
597 1141 693 1203 quam
713 1140 847 1205 puerum
864 1116 1099 1183 conscribendis

75 1213 236 1279 fallacibus
255 1213 492 1280 condicionibus
511 1214 600 1301 pacis
618 1215 787 1279 frustratus
806 1213 962 1279 elusisset.
994 1213 1099 1279 omnia
1120 1235 1150 1282 10

75 1306 190 1373 maiora
211 1308 308 1373 ctiam
331 1330 407 1374 vero
424 1309 584 1396 praesidia
601 1308 754 1385 hostium,
778 1308 901 1373 minora
919 1330 990 1386 sua,
1013 1318 1099 1373 metu

10 1438 14 1461 :
76 1400 240 1489 interprete
258 1425 384 1489 semper
400 1403 435 1468 in
452 1403 608 1468 deteriora
624 1403 789 1480 inclinato,
808 1403 975 1467 ducebant.

12 1548 15 1553 -
133 1496 326 1567 XXXXV.
356 1499 442 1565 Nero
455 1508 624 1584 postquam
639 1507 761 1562 tantum
773 1496 930 1561 intervalli
948 1497 989 1561 ab
1006 1497 1098 1562 hoste
1119 1517 1131 1562 1

77 1590 202 1669 lecerat,
221 1602 256 1656 ut
270 1591 376 1679 detegi
394 1592 561 1658 consilium
579 1592 656 1657 satis
675 1601 778 1655 tutum
795 1601 894 1668 esset,
912 1589 1022 1677 paucis
1040 1590 1099 1654 mi-

78 1683 141 1751 lites
173 1685 351 1769 alloquitur.
400 1697 498 1772 negat
530 1685 622 1750 ullius
650 1685 816 1774 consilium
842 1684 1040 1771 imperatoris
1066 1684 1133 1750 ins

80 1778 209 1864 speciem
227 1779 393 1857 audacius,
416 1780 540 1867 reipsa
558 1780 655 1846 tutius
674 1779 774 1845 fuisse
793 1801 888 1865 quam
912 1801 1015 1844 suum.
1060 1778 1101 1843 ad
1118 1799 1133 1846 3

79 1883 189 1939 certam
211 1894 267 1938 eos
291 1895 327 1938 sc
345 1873 509 1938 victoriam
527 1874 657 1939 ducere:
685 1873 802 1961 quippe
821 1874 862 1938 ad
880 1874 965 1959 quod
982 1872 1101 1939 bellum

77 1967 192 2054 collega
208 1990 274 2033 non
292 1978 379 2045 ante,
402 1990 498 2051 quam
516 1969 557 2033 ad
576 1968 754 2033 satietatem
770 1968 871 2052 ipsius
888 1968 1032 2053 peditum
1054 1978 1101 2032 at-

76 2082 131 2145 que
152 2062 295 2146 equitum
318 2062 411 2128 datae
429 2064 470 2128 ab
489 2074 602 2128 senatu
619 2063 728 2148 copiae
746 2061 882 2127 fuissent
898 2060 1033 2127 maiores
1051 2061 1101 2127 in-

75 2156 316 2240 structioresque
339 2179 435 2240 quam
457 2158 486 2222 si
502 2158 656 2223 adversus
673 2157 780 2244 ipsum
798 2155 1013 2221 Hannibalem
1030 2155 1098 2233 iret,

73 2252 231 2338 profectus
250 2251 305 2328 sit,
328 2274 366 2318 eo
384 2251 488 2338 ipsos,
512 2265 800 2337 quantumcumque
822 2250 936 2314 virium
957 2271 1099 2315 momen-

71 2356 136 2411 tum
154 2346 348 2424 addiderint,
366 2369 433 2412 rem
451 2370 578 2413 omnem
594 2347 811 2412 inclinaturos.
848 2344 991 2410 auditum
1003 2344 1098 2410 modo
1116 2363 1133 2410 4

70 2442 102 2521 in
119 2441 188 2509 acie
204 2478 232 2490 -
248 2465 323 2507 nam
339 2464 381 2507 ne
399 2453 473 2508 ante
491 2442 660 2520 audiretur,
683 2441 831 2506 daturum
849 2462 978 2528 operam
995 2475 1031 2518 —,
1055 2439 1100 2505 al-

70 2554 172 2607 tarum
202 2537 365 2603 consulem
395 2548 428 2602 et
458 2537 591 2601 alterum
621 2534 794 2601 exercitum
820 2534 988 2601 advenisse
1014 2534 1100 2599 haud

68 2629 199 2695 dubiam
221 2629 385 2696 victoriam
406 2631 572 2695 facturum.
618 2629 736 2695 famam
758 2629 878 2696 bellum
895 2628 1049 2696 conficere
1068 2638 1100 2694 et
1118 2646 1133 2696 5

67 2747 170 2811 parva
198 2735 359 2791 momenta
387 2723 422 2789 in
449 2746 539 2811 spem
565 2736 746 2810 metumque
771 2724 933 2812 impellere
961 2724 1099 2790 animos:

64 2817 191 2904 gloriae
216 2818 344 2901 quidem
370 2840 411 2883 ex
436 2841 471 2883 re
493 2820 574 2885 bene
597 2830 689 2906 gesta
710 2830 820 2906 partae
842 2820 980 2884 fructum
1001 2841 1100 2905 prope

65 2934 199 2979 omnem
218 2912 306 2998 ipsos
323 2913 457 2991 laturos3
481 2935 606 3001 semper
623 2914 709 2998 quod
725 2925 922 3000 postremum
942 2912 1098 2977 adiectum
1118 2932 1133 2978 c

66 3007 125 3087 sit,
142 3005 179 3071 id
194 3029 263 3073 rem
280 3017 380 3073 totam
397 3006 498 3072 videri
516 3008 662 3074 traxisse.
693 3030 821 3074 cernere
839 3007 926 3094 ipsos
945 3027 1007 3089 quo
1026 3027 1101 3070 con-

65 3122 184 3178 cursu,
211 3123 274 3184 qua
295 3100 517 3180 admiratione,
544 3125 606 3187 quo
624 3103 734 3167 favore
751 3100 913 3167 hominum
931 3098 990 3165 iter
1008 3121 1100 3163 suum

66 3195 258 3275 celebretur.
302 3206 333 3261 et
356 3194 483 3260 hercule
504 3219 561 3283 per
578 3196 732 3261 instructa
749 3194 856 3261 omnia
873 3193 1035 3260 ordinibus
1054 3192 1100 3257 vi·
1119 3212 1133 3259 t

66 3310 180 3355 rorum
196 3288 425 3372 mulierumque
438 3289 577 3373 undique
592 3312 632 3355 ex
646 3289 730 3376 agris
746 3289 919 3355 effusorum
932 3287 1014 3353 inter
1027 3297 1101 3353 vota

68 3394 103 3449 et
126 3402 241 3470 preces
267 3394 301 3448 et
324 3383 435 3449 laudes
462 3383 565 3463 ibant;
595 3383 666 3449 illos
693 3383 852 3471 praesidia
876 3382 1099 3469 reipublicae,

68 3476 214 3543 vindices
237 3477 325 3544 urbis
342 3477 506 3544 Romanae
527 3479 712 3566 imperiique
735 3478 950 3567 appellabant:
977 3475 1010 3540 in
1030 3475 1101 3543 illo·

67 3594 143 3637 rum
164 3569 261 3637 armis
284 3571 466 3656 dextrisque
490 3594 595 3651 suam,
622 3574 792 3639 liberorum
814 3593 943 3638 suorum
966 3570 1099 3635 salutem

67 3688 108 3732 ac
129 3666 310 3733 libertatem
330 3667 503 3754 repositam
525 3690 606 3734 esse.
651 3669 728 3734 deos
751 3667 853 3735 omnis
873 3667 1011 3751 deasque
1028 3685 1134 3752 pre-8

68 3763 235 3840 cabantur,
258 3772 295 3826 ut
310 3762 372 3827 illis
391 3763 530 3828 fanetum
547 3761 717 3849 iter(que),
740 3761 817 3829 felix
833 3784 956 3851 pugna,
977 3771 1102 3827 matura

66 3878 111 3923 ex
132 3854 279 3925 hostibus
302 3856 433 3923 victoria
455 3868 541 3924 esset
563 3858 846 3944 damnarenturque
863 3855 926 3947 ipsi
944 3867 1099 3934 votorum,
