2528 4514
145 205 189 271 42
224 285 226 289 ,
381 213 499 270 nmen
516 210 742 282 xmo-51.
763 211 964 281 [sucossi

96 424 99 433 ·
147 384 233 442 esset
250 373 433 457 exitumque
450 371 584 437 liberum
602 392 620 435 e
637 379 731 454 portu
747 391 844 434 naves
861 367 1001 435 hostium
1016 370 1048 434 ba

99 489 131 538 13
149 491 222 535 nec.
233 466 371 534 Romani
396 467 608 532 detrectavere
633 485 775 550 pugnam
800 472 833 528 et
857 463 1008 530 memoria
1031 465 1048 528 c?

146 565 218 650 ipsa
238 563 309 629 loca
330 570 490 649 gestarum
512 581 618 624 rerum
634 559 708 624 freti
724 567 756 622 et
772 557 908 623 militum
925 557 1048 624 multitu

115 666 273 821 1mee
300 749 367 816 Ubi
397 751 431 814 in
456 749 555 816 altum
580 749 682 814 evecti
709 756 795 825 sunt,
825 746 991 815 Romanus
1017 770 1048 813 co

112 871 129 918 2
147 867 288 933 pugnam
306 854 337 909 et
355 867 395 909 ex
412 844 588 929 propinquo
606 843 690 908 vires
707 840 850 907 conferre
865 842 949 907 velle
954 867 964 922 ς
990 864 1048 907 con

147 941 221 1006 dere
239 939 367 1005 Poenus
385 953 417 1004 et
433 949 514 1016 arte,
532 959 596 1003 non
614 937 647 1002 vi
664 959 732 1002 rem
749 957 859 1024 gerere
876 937 1048 1021 naviumqu

109 1022 286 1108 arborum
315 1042 371 1099 aut
400 1055 559 1098 armorum
584 1031 678 1096 malle
704 1041 863 1097 certamen
888 1031 1002 1098 facere.
1042 1055 1048 1096 r

148 1129 242 1195 sociis
264 1127 429 1194 navalibus
452 1127 585 1193 adfatim
605 1126 792 1191 instructam
813 1126 964 1206 classem,
989 1128 1033 1191 ita

145 1223 245 1289 milite
266 1222 440 1301 habebant,
464 1231 495 1287 et
513 1220 615 1288 sicubi
632 1230 776 1286 conserta
793 1220 884 1286 navis
903 1231 1004 1300 esset,
1026 1221 1048 1285 lu

111 1340 130 1386 4
147 1340 243 1404 quam
260 1338 320 1403 par
336 1338 486 1382 numerus
505 1323 697 1381 armatorum
714 1337 756 1380 ex
773 1337 811 1380 ea
827 1315 1000 1402 pugnabat
1026 1337 1048 1399 q

146 1413 402 1478 animadversum
425 1420 487 1489 est,
515 1420 547 1476 et
563 1410 906 1477 Romanis-multitudo
929 1408 988 1477 sua
1010 1434 1048 1477 au

111 1530 236 1576 smum
263 1516 294 1572 et
319 1507 461 1592 paucitas
488 1505 550 1572 illis
576 1506 698 1570 minuit.
743 1505 900 1592 extemplo
932 1516 1048 1592 septem

146 1600 288 1667 Punicae
306 1601 550 1678 circumventae,
572 1599 685 1687 fugam
707 1608 829 1666 ceterae
850 1610 1012 1686 ceperunt.
1043 1623 1048 1664 1

147 1695 339 1782 septingenti
359 1694 449 1760 suere
470 1695 505 1759 in
525 1695 660 1760 navibus
683 1695 782 1780 captis
800 1695 916 1761 milites
933 1705 1048 1761 nautae

111 1790 198 1860 abis
224 1800 288 1854 tres
314 1788 437 1853 nobiles
465 1787 783 1875 Carthaginiensium.
824 1789 935 1855 classis
962 1789 1048 1856 Rom

148 1882 280 1948 columis
303 1904 367 1947 una
389 1891 510 1947 tantum
533 1882 697 1968 perforata
711 1884 800 1961 navi,
828 1885 885 1948 sed
907 1907 945 1950 ea
968 1906 1048 1969 quoq

146 1977 277 2054 reduce,
295 1976 329 2041 in
345 1985 471 2061 portum
488 1978 589 2042 rediit

112 2095 152 2146 s,
214 2068 397 2135 Secundum
427 2070 510 2135 hanc
540 2093 694 2158 pugnam,
726 2072 867 2137 nondum
897 2073 1004 2158 gnaris
1031 2094 1048 2137 e]

145 2165 318 2231 Messanae
336 2175 437 2244 erant,
457 2166 507 2231 Ti.
529 2165 734 2252 Sempronius
753 2166 863 2232 consul
881 2165 1048 2232 Messenen

109 2279 128 2328 8
148 2261 177 2325 ei
194 2260 310 2326 fretum
326 2261 454 2325 intranti
471 2283 528 2325 rex
545 2261 645 2325 Hiero
663 2261 798 2326 classem
815 2271 957 2327 ornatam
982 2259 1048 2347 [arn

146 2377 208 2438 que
223 2354 349 2421 obviam
364 2356 468 2432 duxit,
488 2365 765 2441 transgressusque
780 2377 820 2420 ex
836 2356 925 2442 regia
941 2357 975 2420 in
992 2379 1048 2441 pra

144 2471 273 2527 navem,
301 2449 476 2535 gratulatus
500 2451 650 2534 sospitem
672 2471 745 2514 cum
767 2451 907 2515 exercitu
925 2461 955 2514 et
973 2449 1048 2514 navil

31 2622 33 2627 A
144 2543 271 2608 venisse
300 2553 510 2628 precatusque
540 2565 728 2630 prosperum
758 2565 797 2608 ac
825 2544 951 2609 felicem
978 2545 1011 2608 in
1037 2541 1048 2608 Ε

109 2636 326 2713 stransitum,
363 2645 479 2701 statum
511 2636 624 2702 deinde
654 2636 776 2703 insrrlae
808 2647 839 2703 et
870 2637 1048 2725 Carthagini

145 2738 258 2793 conata
280 2730 439 2814 exposuit,
463 2730 684 2815 pollicitusque
702 2741 764 2810 est,
787 2734 851 2816 (ut)
874 2753 938 2816 quo
957 2735 1048 2797 anim(

144 2820 229 2885 bello
254 2823 408 2906 populum
430 2823 611 2889 Romanum
636 2826 761 2891 iuvenis
788 2826 975 2904 adiuvisset,
1008 2848 1043 2890 eo

94 2935 128 2983 10
145 2915 338 2993 adiuturum,
356 2915 549 2982 frumentum
562 2919 811 3004 vestimentaque
825 2941 896 2985 sese
908 2920 1048 3006 legionib·

145 3009 222 3075 sulis
241 3009 398 3095 sociisque
414 3012 580 3078 navalibus
597 3014 696 3100 gratis
713 3013 944 3100 praebiturum:
962 3014 1048 3101 gran(

90 3135 93 3138 ⁴
144 3103 251 3168 culum
267 3103 425 3190 Lilybaeo
447 3106 685 3191 maritumisque
708 3107 887 3174 civitatibus
910 3130 983 3175 esse
1001 3119 1048 3173 etr

93 3219 123 3266 11
144 3198 217 3264 dam
243 3197 422 3264 volentibus
449 3221 549 3265 novas
576 3222 627 3266 res
655 3200 732 3267 fore.
777 3201 818 3267 ob
844 3202 924 3267 haec
950 3225 1048 3268 consu

144 3293 356 3357 cunctandum
382 3293 501 3371 visum,
533 3295 609 3378 quin
630 3294 822 3381 Lilybaeum
849 3298 952 3362 classe
978 3307 1049 3383 pete

143 3408 200 3450 rex
216 3387 364 3472 regiaque
378 3387 489 3453 classis
502 3410 567 3453 una
579 3389 721 3475 profecti.
749 3393 937 3478 navigantes
948 3392 1039 3471 inde,

143 3489 212 3544 tum
229 3481 271 3544 ad
286 3480 479 3566 Lilybaeum
497 3482 654 3566 fusasque.
667 3493 699 3550 et
716 3494 824 3570 captas
846 3486 986 3552 hostium
1008 3510 1048 3551 na

143 3596 264 3662 cepere.

110 3689 124 3736 1
207 3669 267 3735 LI.
311 3668 346 3734 A
371 3669 528 3756 Lilybaeo
561 3672 671 3737 consul
696 3672 837 3740 Hierone
863 3696 936 3740 cum
963 3676 1047 3740 class

143 3761 275 3828 dimisso
291 3762 462 3847 relictoque
479 3773 621 3849 praetore
639 3767 681 3832 ad
693 3769 844 3833 tuendam
859 3767 987 3834 Siciliae
1006 3792 1048 3835 or:

142 3854 176 3917 in
191 3855 328 3920 insulam
345 3854 505 3935 Melitam,
528 3880 610 3942 quae
627 3884 647 3925 a
665 3859 981 3948 Carthaginiensibus
1006 3875 1048 3928 ter

110 3946 273 4015 atraiecit
314 3951 494 4021 advenienti
520 3951 685 4020 Hamilcar
709 3953 861 4043 Gisgonis
887 3958 971 4022 filius
1000 3980 1048 4044 prr
