<?xml version="1.0" encoding="UTF-8"?>
<!DOCTYPE html PUBLIC "-//W3C//DTD XHTML 1.0 Transitional//EN"
    "http://www.w3.org/TR/xhtml1/DTD/xhtml1-transitional.dtd">
<html xmlns="http://www.w3.org/1999/xhtml" xml:lang="en" lang="en">
 <head>
  <title>
</title>
<meta http-equiv="Content-Type" content="text/html;charset=utf-8" />
  <meta name='ocr-system' content='tesseract 3.04.00' />
  <meta name='ocr-capabilities' content='ocr_page ocr_carea ocr_par ocr_line ocrx_word'/>
</head>
<body>
  <div class='ocr_page' id='page_1' title='image "./titiliviaburbec00weisgoog_0160.png"; bbox 0 0 2528 4514; ppageno 0'>
   <div class='ocr_carea' id='block_1_1' title="bbox 33 185 916 339">
    <p class='ocr_par' dir='ltr' id='par_1_1' title="bbox 33 185 916 339">
     <span class='ocr_line' id='line_1_1' title="bbox 33 185 916 339; baseline -0.007 -52"><span class='ocrx_word' id='word_1_1' title='bbox 33 315 38 339; x_wconf 37' lang='grc' dir='ltr'>ι</span> <span class='ocrx_word' id='word_1_2' title='bbox 125 218 173 286; x_wconf 69' lang='lat' dir='ltr'>to</span> <span class='ocrx_word' id='word_1_3' title='bbox 371 187 490 289; x_wconf 79' lang='lat' dir='ltr'>ursus</span> <span class='ocrx_word' id='word_1_4' title='bbox 507 223 592 298; x_wconf 84' lang='lat' dir='ltr'>xx1,</span> <span class='ocrx_word' id='word_1_5' title='bbox 611 185 916 296; x_wconf 63' lang='lat' dir='ltr'>talamascas]</span> 
     </span>
    </p>
   </div>
   <div class='ocr_carea' id='block_1_2' title="bbox 92 384 1040 4058">
    <p class='ocr_par' dir='ltr' id='par_1_2' title="bbox 92 384 1040 4058">
     <span class='ocr_line' id='line_1_2' title="bbox 94 384 1040 478; baseline -0.01 -20"><span class='ocrx_word' id='word_1_6' title='bbox 94 385 269 478; x_wconf 78' lang='lat' dir='ltr'>sM&#39;agone</span> <span class='ocrx_word' id='word_1_7' title='bbox 288 389 407 475; x_wconf 86' lang='lat' dir='ltr'>equites</span> <span class='ocrx_word' id='word_1_8' title='bbox 425 388 643 474; x_wconf 82' lang='lat' dir='ltr'>Hispanorum</span> <span class='ocrx_word' id='word_1_9' title='bbox 662 385 825 472; x_wconf 89' lang='lat' dir='ltr'>expeditos</span> <span class='ocrx_word' id='word_1_10' title='bbox 843 384 1040 472; x_wconf 83' lang='lat' dir='ltr'>praemissos.</span> 
     </span>
     <span class='ocr_line' id='line_1_3' title="bbox 127 478 1040 567; baseline -0.011 -16"><span class='ocrx_word' id='word_1_11' title='bbox 127 485 305 561; x_wconf 77' lang='lat' dir='ltr'>Hannibal,</span> <span class='ocrx_word' id='word_1_12' title='bbox 334 484 416 548; x_wconf 88' lang='lat' dir='ltr'>eirea</span> <span class='ocrx_word' id='word_1_13' title='bbox 439 482 556 547; x_wconf 88' lang='lat' dir='ltr'>flumen</span> <span class='ocrx_word' id='word_1_14' title='bbox 579 479 788 567; x_wconf 79' lang='lat' dir='ltr'>legationibus</span> <span class='ocrx_word' id='word_1_15' title='bbox 808 478 974 546; x_wconf 77' lang='lat' dir='ltr'><strong>Gallorum</strong></span> <span class='ocrx_word' id='word_1_16' title='bbox 996 501 1040 544; x_wconf 69' lang='lat' dir='ltr'>aur</span> 
     </span>
     <span class='ocr_line' id='line_1_4' title="bbox 127 574 1038 662; baseline -0.007 -18"><span class='ocrx_word' id='word_1_17' title='bbox 127 590 281 654; x_wconf 83' lang='lat' dir='ltr'>moratus,</span> <span class='ocrx_word' id='word_1_18' title='bbox 309 578 413 641; x_wconf 79' lang='lat' dir='ltr'>traicit</span> <span class='ocrx_word' id='word_1_19' title='bbox 437 577 565 662; x_wconf 57' lang='lat' dir='ltr'>godus</span> <span class='ocrx_word' id='word_1_20' title='bbox 592 576 732 660; x_wconf 89' lang='lat' dir='ltr'>peditum</span> <span class='ocrx_word' id='word_1_21' title='bbox 759 597 888 662; x_wconf 85' lang='lat' dir='ltr'>agmen,</span> <span class='ocrx_word' id='word_1_22' title='bbox 915 574 1038 643; x_wconf 85' lang='lat' dir='ltr'>interim</span> 
     </span>
     <span class='ocr_line' id='line_1_5' title="bbox 128 668 1040 758; baseline -0.007 -19"><span class='ocrx_word' id='word_1_23' title='bbox 128 674 312 758; x_wconf 83' lang='lat' dir='ltr'>equitesque</span> <span class='ocrx_word' id='word_1_24' title='bbox 336 671 376 737; x_wconf 90' lang='lat' dir='ltr'>ab</span> <span class='ocrx_word' id='word_1_25' title='bbox 399 671 531 736; x_wconf 84' lang='lat' dir='ltr'>transitu</span> <span class='ocrx_word' id='word_1_26' title='bbox 554 670 693 734; x_wconf 78' lang='lat' dir='ltr'>{luminis</span> <span class='ocrx_word' id='word_1_27' title='bbox 715 671 766 735; x_wconf 88' lang='lat' dir='ltr'>die</span> <span class='ocrx_word' id='word_1_28' title='bbox 789 671 885 735; x_wconf 85' lang='lat' dir='ltr'>unius</span> <span class='ocrx_word' id='word_1_29' title='bbox 901 668 1040 734; x_wconf 83' lang='lat' dir='ltr'>itinere]</span> 
     </span>
     <span class='ocr_line' id='line_1_6' title="bbox 94 764 1034 850; baseline -0.011 -12"><span class='ocrx_word' id='word_1_30' title='bbox 94 791 110 838; x_wconf 85' lang='lat'>8</span> <span class='ocrx_word' id='word_1_31' title='bbox 129 769 204 834; x_wconf 83' lang='lat' dir='ltr'>tiam</span> <span class='ocrx_word' id='word_1_32' title='bbox 222 769 266 832; x_wconf 86' lang='lat' dir='ltr'>ad·</span> <span class='ocrx_word' id='word_1_33' title='bbox 280 767 387 832; x_wconf 85' lang='lat' dir='ltr'>hostes</span> <span class='ocrx_word' id='word_1_34' title='bbox 406 765 607 830; x_wconf 82' lang='lat' dir='ltr'>contendunt.</span> <span class='ocrx_word' id='word_1_35' title='bbox 651 764 817 830; x_wconf 86' lang='lat' dir='ltr'>Hannibal</span> <span class='ocrx_word' id='word_1_36' title='bbox 831 764 943 850; x_wconf 84' lang='lat' dir='ltr'>paucis</span> <span class='ocrx_word' id='word_1_37' title='bbox 959 773 1034 850; x_wconf 88' lang='lat' dir='ltr'>post</span> 
     </span>
     <span class='ocr_line' id='line_1_7' title="bbox 128 859 1040 945; baseline -0.007 -18"><span class='ocrx_word' id='word_1_38' title='bbox 128 884 185 928; x_wconf 88' lang='lat' dir='ltr'>sex</span> <span class='ocrx_word' id='word_1_39' title='bbox 203 861 289 926; x_wconf 90' lang='lat' dir='ltr'>milia</span> <span class='ocrx_word' id='word_1_40' title='bbox 307 885 327 926; x_wconf 89' lang='lat' dir='ltr'>a</span> <span class='ocrx_word' id='word_1_41' title='bbox 343 860 506 924; x_wconf 83' lang='lat' dir='ltr'>Placentia</span> <span class='ocrx_word' id='word_1_42' title='bbox 524 869 627 924; x_wconf 87' lang='lat' dir='ltr'>castra</span> <span class='ocrx_word' id='word_1_43' title='bbox 644 859 849 923; x_wconf 90' lang='lat' dir='ltr'>communivit</span> <span class='ocrx_word' id='word_1_44' title='bbox 867 867 898 924; x_wconf 91' lang='lat' dir='ltr'>et</span> <span class='ocrx_word' id='word_1_45' title='bbox 916 867 1040 945; x_wconf 89' lang='lat' dir='ltr'>postero</span> 
     </span>
     <span class='ocr_line' id='line_1_8' title="bbox 128 954 1034 1041; baseline -0.007 -18"><span class='ocrx_word' id='word_1_46' title='bbox 128 968 300 1041; x_wconf 87' lang='lat' dir='ltr'>conspectu</span> <span class='ocrx_word' id='word_1_47' title='bbox 317 954 456 1020; x_wconf 88' lang='lat' dir='ltr'>hostium</span> <span class='ocrx_word' id='word_1_48' title='bbox 474 954 541 1018; x_wconf 89' lang='lat' dir='ltr'>acie</span> <span class='ocrx_word' id='word_1_49' title='bbox 560 954 684 1018; x_wconf 86' lang='lat' dir='ltr'>derecta</span> <span class='ocrx_word' id='word_1_50' title='bbox 701 962 889 1038; x_wconf 83' lang='lat' dir='ltr'>potestatem</span> <span class='ocrx_word' id='word_1_51' title='bbox 906 974 1034 1039; x_wconf 81' lang='lat' dir='ltr'>pugnae</span> 
     </span>
     <span class='ocr_line' id='line_1_9' title="bbox 96 1037 1040 1132; baseline -0.012 -11"><span class='ocrx_word' id='word_1_52' title='bbox 96 1076 108 1121; x_wconf 92' lang='lat'>1</span> <span class='ocrx_word' id='word_1_53' title='bbox 193 1046 435 1116; x_wconf 76' lang='lat' dir='ltr'>xxxxvssu.</span> <span class='ocrx_word' id='word_1_54' title='bbox 473 1048 661 1132; x_wconf 79' lang='lat' dir='ltr'>Insequenti·</span> <span class='ocrx_word' id='word_1_55' title='bbox 675 1057 767 1114; x_wconf 91' lang='lat' dir='ltr'>nocte</span> <span class='ocrx_word' id='word_1_56' title='bbox 786 1049 898 1114; x_wconf 83' lang='lat' dir='ltr'>caedes</span> <span class='ocrx_word' id='word_1_57' title='bbox 917 1037 954 1112; x_wconf 74' lang='lat' dir='ltr'>iu</span> <span class='ocrx_word' id='word_1_58' title='bbox 969 1057 1040 1113; x_wconf 81' lang='lat' dir='ltr'>castr</span> 
     </span>
     <span class='ocr_line' id='line_1_10' title="bbox 128 1141 1040 1228; baseline -0.007 -16"><span class='ocrx_word' id='word_1_59' title='bbox 128 1147 244 1223; x_wconf 83' lang='lat' dir='ltr'>manis,</span> <span class='ocrx_word' id='word_1_60' title='bbox 272 1145 408 1210; x_wconf 83' lang='lat' dir='ltr'>tumultu</span> <span class='ocrx_word' id='word_1_61' title='bbox 434 1155 540 1210; x_wconf 88' lang='lat' dir='ltr'>tamen</span> <span class='ocrx_word' id='word_1_62' title='bbox 566 1164 668 1228; x_wconf 86' lang='lat' dir='ltr'>quarn</span> <span class='ocrx_word' id='word_1_63' title='bbox 688 1164 722 1207; x_wconf 88' lang='lat' dir='ltr'>re</span> <span class='ocrx_word' id='word_1_64' title='bbox 748 1143 857 1221; x_wconf 78' lang='lat' dir='ltr'>maior,</span> <span class='ocrx_word' id='word_1_65' title='bbox 889 1141 930 1213; x_wconf 82' lang='lat' dir='ltr'>ab</span> <span class='ocrx_word' id='word_1_66' title='bbox 957 1143 1040 1208; x_wconf 70' lang='lat' dir='ltr'>auxil</span> 
     </span>
     <span class='ocr_line' id='line_1_11' title="bbox 94 1236 1022 1323; baseline -0.008 -16"><span class='ocrx_word' id='word_1_67' title='bbox 94 1261 109 1307; x_wconf 80' lang='lat'><strong>2</strong></span> <span class='ocrx_word' id='word_1_68' title='bbox 130 1239 231 1308; x_wconf 78' lang='lat' dir='ltr'>Gallis</span> <span class='ocrx_word' id='word_1_69' title='bbox 250 1241 335 1305; x_wconf 82' lang='lat' dir='ltr'>facta</span> <span class='ocrx_word' id='word_1_70' title='bbox 352 1248 409 1304; x_wconf 83' lang='lat' dir='ltr'>est.</span> <span class='ocrx_word' id='word_1_71' title='bbox 441 1239 482 1304; x_wconf 86' lang='lat' dir='ltr'>ad</span> <span class='ocrx_word' id='word_1_72' title='bbox 500 1239 564 1303; x_wconf 88' lang='lat' dir='ltr'>duo</span> <span class='ocrx_word' id='word_1_73' title='bbox 582 1236 669 1302; x_wconf 87' lang='lat' dir='ltr'>milia</span> <span class='ocrx_word' id='word_1_74' title='bbox 686 1237 829 1323; x_wconf 83' lang='lat' dir='ltr'>peditum·</span> <span class='ocrx_word' id='word_1_75' title='bbox 845 1247 876 1302; x_wconf 87' lang='lat' dir='ltr'>et</span> <span class='ocrx_word' id='word_1_76' title='bbox 894 1237 1022 1302; x_wconf 84' lang='lat' dir='ltr'>ducenti</span> 
     </span>
     <span class='ocr_line' id='line_1_12' title="bbox 126 1326 1040 1422; baseline -0.008 -21"><span class='ocrx_word' id='word_1_77' title='bbox 126 1334 277 1422; x_wconf 87' lang='lat' dir='ltr'>vigilibus</span> <span class='ocrx_word' id='word_1_78' title='bbox 295 1334 460 1418; x_wconf 83' lang='lat' dir='ltr'>adportas</span> <span class='ocrx_word' id='word_1_79' title='bbox 479 1332 642 1397; x_wconf 82' lang='lat' dir='ltr'>trucidetis</span> <span class='ocrx_word' id='word_1_80' title='bbox 655 1326 696 1396; x_wconf 85' lang='lat' dir='ltr'>ad</span> <span class='ocrx_word' id='word_1_81' title='bbox 708 1330 928 1396; x_wconf 68' lang='lat' dir='ltr'>Hannibalem</span> <span class='ocrx_word' id='word_1_82' title='bbox 938 1330 1040 1396; x_wconf 81' lang='lat' dir='ltr'>transi</span> 
     </span>
     <span class='ocr_line' id='line_1_13' title="bbox 127 1422 1040 1514; baseline -0.004 -20"><span class='ocrx_word' id='word_1_83' title='bbox 127 1450 212 1513; x_wconf 89' lang='lat' dir='ltr'>quos·</span> <span class='ocrx_word' id='word_1_84' title='bbox 220 1428 350 1494; x_wconf 88' lang='lat' dir='ltr'>Poenus</span> <span class='ocrx_word' id='word_1_85' title='bbox 363 1425 500 1514; x_wconf 82' lang='lat' dir='ltr'>benigne</span> <span class='ocrx_word' id='word_1_86' title='bbox 513 1425 677 1491; x_wconf 80' lang='lat' dir='ltr'>adlocutus</span> <span class='ocrx_word' id='word_1_87' title='bbox 691 1435 725 1491; x_wconf 86' lang='lat' dir='ltr'>et</span> <span class='ocrx_word' id='word_1_88' title='bbox 740 1444 798 1511; x_wconf 86' lang='lat' dir='ltr'>spe·</span> <span class='ocrx_word' id='word_1_89' title='bbox 813 1422 991 1511; x_wconf 85' lang='lat' dir='ltr'>ingentium</span> <span class='ocrx_word' id='word_1_90' title='bbox 1010 1425 1040 1490; x_wconf 83' lang='lat' dir='ltr'>dt</span> 
     </span>
     <span class='ocr_line' id='line_1_14' title="bbox 128 1519 1040 1604; baseline -0.005 -16"><span class='ocrx_word' id='word_1_91' title='bbox 128 1544 277 1588; x_wconf 88' lang='lat' dir='ltr'>accensos</span> <span class='ocrx_word' id='word_1_92' title='bbox 295 1523 328 1586; x_wconf 88' lang='lat' dir='ltr'>in</span> <span class='ocrx_word' id='word_1_93' title='bbox 347 1521 489 1586; x_wconf 68' lang='lat' dir='ltr'>civitates</span> <span class='ocrx_word' id='word_1_94' title='bbox 507 1540 665 1604; x_wconf 86' lang='lat' dir='ltr'>quemque</span> <span class='ocrx_word' id='word_1_95' title='bbox 682 1542 757 1585; x_wconf 87' lang='lat' dir='ltr'>suas</span> <span class='ocrx_word' id='word_1_96' title='bbox 775 1520 819 1587; x_wconf 89' lang='lat' dir='ltr'>ad</span> <span class='ocrx_word' id='word_1_97' title='bbox 835 1519 1040 1584; x_wconf 82' lang='lat' dir='ltr'>sollicitandor</span> 
     </span>
     <span class='ocr_line' id='line_1_15' title="bbox 94 1613 1040 1701; baseline -0.006 -17"><span class='ocrx_word' id='word_1_98' title='bbox 94 1616 239 1684; x_wconf 83' lang='lat' dir='ltr'>elarium</span> <span class='ocrx_word' id='word_1_99' title='bbox 261 1616 385 1681; x_wconf 85' lang='lat' dir='ltr'>animos</span> <span class='ocrx_word' id='word_1_100' title='bbox 406 1615 533 1681; x_wconf 84' lang='lat' dir='ltr'>dimisit.</span> <span class='ocrx_word' id='word_1_101' title='bbox 580 1613 687 1700; x_wconf 83' lang='lat' dir='ltr'>Scipio</span> <span class='ocrx_word' id='word_1_102' title='bbox 714 1614 842 1679; x_wconf 84' lang='lat' dir='ltr'>eaedem</span> <span class='ocrx_word' id='word_1_103' title='bbox 865 1632 937 1680; x_wconf 83' lang='lat' dir='ltr'>eam</span> <span class='ocrx_word' id='word_1_104' title='bbox 959 1615 1040 1701; x_wconf 73' lang='lat' dir='ltr'>signi</span> 
     </span>
     <span class='ocr_line' id='line_1_16' title="bbox 128 1707 1040 1775; baseline -0.009 0"><span class='ocrx_word' id='word_1_105' title='bbox 128 1711 272 1775; x_wconf 85' lang='lat' dir='ltr'>fectionis</span> <span class='ocrx_word' id='word_1_106' title='bbox 300 1709 440 1774; x_wconf 85' lang='lat' dir='ltr'>omnium</span> <span class='ocrx_word' id='word_1_107' title='bbox 468 1707 632 1774; x_wconf 78' lang='lat' dir='ltr'>Gallorum</span> <span class='ocrx_word' id='word_1_108' title='bbox 660 1730 730 1774; x_wconf 87' lang='lat' dir='ltr'>esse</span> <span class='ocrx_word' id='word_1_109' title='bbox 757 1717 844 1773; x_wconf 87' lang='lat' dir='ltr'>ratus</span> <span class='ocrx_word' id='word_1_110' title='bbox 873 1718 1040 1774; x_wconf 81' lang='lat' dir='ltr'>contactos</span> 
     </span>
     <span class='ocr_line' id='line_1_17' title="bbox 94 1801 1040 1886; baseline -0.006 -14"><span class='ocrx_word' id='word_1_111' title='bbox 94 1805 246 1873; x_wconf 86' lang='lat' dir='ltr'>4scelere</span> <span class='ocrx_word' id='word_1_112' title='bbox 273 1803 359 1867; x_wconf 86' lang='lat' dir='ltr'>velut</span> <span class='ocrx_word' id='word_1_113' title='bbox 384 1803 499 1867; x_wconf 87' lang='lat' dir='ltr'>iniecta</span> <span class='ocrx_word' id='word_1_114' title='bbox 523 1801 610 1867; x_wconf 84' lang='lat' dir='ltr'>rabie</span> <span class='ocrx_word' id='word_1_115' title='bbox 636 1803 677 1867; x_wconf 91' lang='lat' dir='ltr'>ad</span> <span class='ocrx_word' id='word_1_116' title='bbox 703 1824 790 1867; x_wconf 84' lang='lat' dir='ltr'>arma</span> <span class='ocrx_word' id='word_1_117' title='bbox 820 1803 933 1880; x_wconf 88' lang='lat' dir='ltr'>ituros,</span> <span class='ocrx_word' id='word_1_118' title='bbox 970 1824 1040 1886; x_wconf 83' lang='lat' dir='ltr'>quar</span> 
     </span>
     <span class='ocr_line' id='line_1_18' title="bbox 128 1897 1040 1985; baseline -0.002 -22"><span class='ocrx_word' id='word_1_119' title='bbox 128 1899 235 1985; x_wconf 85' lang='lat' dir='ltr'>gravis</span> <span class='ocrx_word' id='word_1_120' title='bbox 261 1898 366 1962; x_wconf 86' lang='lat' dir='ltr'>adhuc</span> <span class='ocrx_word' id='word_1_121' title='bbox 391 1898 520 1962; x_wconf 84' lang='lat' dir='ltr'>vulnere</span> <span class='ocrx_word' id='word_1_122' title='bbox 547 1907 627 1974; x_wconf 88' lang='lat' dir='ltr'>erat,</span> <span class='ocrx_word' id='word_1_123' title='bbox 659 1907 764 1962; x_wconf 85' lang='lat' dir='ltr'>tamen</span> <span class='ocrx_word' id='word_1_124' title='bbox 789 1907 902 1981; x_wconf 84' lang='lat' dir='ltr'>quarta</span> <span class='ocrx_word' id='word_1_125' title='bbox 926 1897 1040 1983; x_wconf 78' lang='lat' dir='ltr'>vigilia</span> 
     </span>
     <span class='ocr_line' id='line_1_19' title="bbox 127 1990 1040 2077; baseline -0.001 -20"><span class='ocrx_word' id='word_1_126' title='bbox 127 1992 321 2076; x_wconf 87' lang='lat' dir='ltr'>insequentis</span> <span class='ocrx_word' id='word_1_127' title='bbox 345 1991 439 2056; x_wconf 86' lang='lat' dir='ltr'>tacito</span> <span class='ocrx_word' id='word_1_128' title='bbox 463 1991 588 2077; x_wconf 85' lang='lat' dir='ltr'>agmine</span> <span class='ocrx_word' id='word_1_129' title='bbox 609 1991 771 2077; x_wconf 86' lang='lat' dir='ltr'>proiectus</span> <span class='ocrx_word' id='word_1_130' title='bbox 793 1992 834 2056; x_wconf 86' lang='lat' dir='ltr'>ad</span> <span class='ocrx_word' id='word_1_131' title='bbox 857 1990 1008 2057; x_wconf 80' lang='lat' dir='ltr'>Trebiam</span> <span class='ocrx_word' id='word_1_132' title='bbox 1030 1995 1040 2056; x_wconf 88' lang='lat' dir='ltr'>l</span> 
     </span>
     <span class='ocr_line' id='line_1_20' title="bbox 127 2085 1033 2176; baseline 0 -26"><span class='ocrx_word' id='word_1_133' title='bbox 127 2088 191 2151; x_wconf 90' lang='lat' dir='ltr'>iam</span> <span class='ocrx_word' id='word_1_134' title='bbox 221 2086 254 2150; x_wconf 92' lang='lat' dir='ltr'>in</span> <span class='ocrx_word' id='word_1_135' title='bbox 283 2086 354 2151; x_wconf 89' lang='lat' dir='ltr'>loca</span> <span class='ocrx_word' id='word_1_136' title='bbox 383 2085 494 2151; x_wconf 88' lang='lat' dir='ltr'>altiora</span> <span class='ocrx_word' id='word_1_137' title='bbox 519 2085 671 2168; x_wconf 89' lang='lat' dir='ltr'>collisque</span> <span class='ocrx_word' id='word_1_138' title='bbox 695 2086 913 2176; x_wconf 86' lang='lat' dir='ltr'>impeditiores·</span> <span class='ocrx_word' id='word_1_139' title='bbox 936 2087 1033 2170; x_wconf 86' lang='lat' dir='ltr'>equiti</span> 
     </span>
     <span class='ocr_line' id='line_1_21' title="bbox 95 2180 1040 2264; baseline -0.008 -16"><span class='ocrx_word' id='word_1_140' title='bbox 95 2204 110 2250; x_wconf 79' lang='lat' dir='ltr'>o</span> <span class='ocrx_word' id='word_1_141' title='bbox 128 2192 243 2246; x_wconf 89' lang='lat' dir='ltr'>movet.</span> <span class='ocrx_word' id='word_1_142' title='bbox 280 2181 385 2245; x_wconf 90' lang='lat' dir='ltr'>minus</span> <span class='ocrx_word' id='word_1_143' title='bbox 403 2202 497 2264; x_wconf 87' lang='lat' dir='ltr'>quam</span> <span class='ocrx_word' id='word_1_144' title='bbox 516 2181 556 2244; x_wconf 90' lang='lat' dir='ltr'>ad</span> <span class='ocrx_word' id='word_1_145' title='bbox 574 2180 721 2244; x_wconf 85' lang='lat' dir='ltr'>Ticinum</span> <span class='ocrx_word' id='word_1_146' title='bbox 739 2180 864 2257; x_wconf 80' lang='lat' dir='ltr'>fefellit3</span> <span class='ocrx_word' id='word_1_147' title='bbox 884 2181 1040 2264; x_wconf 79' lang='lat' dir='ltr'>missisqn</span> 
     </span>
     <span class='ocr_line' id='line_1_22' title="bbox 128 2274 1039 2360; baseline -0.001 -21"><span class='ocrx_word' id='word_1_148' title='bbox 128 2274 215 2339; x_wconf 87' lang='lat' dir='ltr'>nibal</span> <span class='ocrx_word' id='word_1_149' title='bbox 237 2276 374 2360; x_wconf 90' lang='lat' dir='ltr'>primum</span> <span class='ocrx_word' id='word_1_150' title='bbox 395 2274 555 2351; x_wconf 76' lang='lat' dir='ltr'>Numidia,</span> <span class='ocrx_word' id='word_1_151' title='bbox 584 2275 697 2338; x_wconf 87' lang='lat' dir='ltr'>deinde</span> <span class='ocrx_word' id='word_1_152' title='bbox 724 2275 809 2339; x_wconf 91' lang='lat' dir='ltr'>omni</span> <span class='ocrx_word' id='word_1_153' title='bbox 835 2275 977 2358; x_wconf 87' lang='lat' dir='ltr'>equitatu</span> <span class='ocrx_word' id='word_1_154' title='bbox 1005 2287 1039 2337; x_wconf 89' lang='lat' dir='ltr'>tu</span> 
     </span>
     <span class='ocr_line' id='line_1_23' title="bbox 127 2369 1040 2455; baseline -0.002 -21"><span class='ocrx_word' id='word_1_155' title='bbox 127 2370 236 2454; x_wconf 83' lang='lat' dir='ltr'>utique</span> <span class='ocrx_word' id='word_1_156' title='bbox 256 2370 464 2436; x_wconf 87' lang='lat' dir='ltr'>novissimum</span> <span class='ocrx_word' id='word_1_157' title='bbox 488 2391 616 2455; x_wconf 82' lang='lat' dir='ltr'>agmen,</span> <span class='ocrx_word' id='word_1_158' title='bbox 640 2370 673 2432; x_wconf 93' lang='lat' dir='ltr'>ni</span> <span class='ocrx_word' id='word_1_159' title='bbox 691 2370 838 2434; x_wconf 87' lang='lat' dir='ltr'>aviditate</span> <span class='ocrx_word' id='word_1_160' title='bbox 855 2369 993 2454; x_wconf 88' lang='lat' dir='ltr'>praedae</span> <span class='ocrx_word' id='word_1_161' title='bbox 1011 2370 1040 2432; x_wconf 88' lang='lat' dir='ltr'>in</span> 
     </span>
     <span class='ocr_line' id='line_1_24' title="bbox 94 2463 1039 2548; baseline -0.004 -18"><span class='ocrx_word' id='word_1_162' title='bbox 94 2463 272 2531; x_wconf 84' lang='lat' dir='ltr'>oRomana</span> <span class='ocrx_word' id='word_1_163' title='bbox 295 2474 398 2529; x_wconf 87' lang='lat' dir='ltr'>castra</span> <span class='ocrx_word' id='word_1_164' title='bbox 418 2463 574 2528; x_wconf 87' lang='lat' dir='ltr'>Numidae</span> <span class='ocrx_word' id='word_1_165' title='bbox 598 2463 814 2529; x_wconf 67' lang='lat' dir='ltr'>devenissent.</span> <span class='ocrx_word' id='word_1_166' title='bbox 852 2463 996 2527; x_wconf 88' lang='lat' dir='ltr'>ibidum</span> <span class='ocrx_word' id='word_1_167' title='bbox 1019 2486 1039 2548; x_wconf 94' lang='lat' dir='ltr'>p</span> 
     </span>
     <span class='ocr_line' id='line_1_25' title="bbox 127 2557 1040 2643; baseline 0 -21"><span class='ocrx_word' id='word_1_168' title='bbox 127 2568 230 2623; x_wconf 88' lang='lat' dir='ltr'>tautes</span> <span class='ocrx_word' id='word_1_169' title='bbox 247 2557 317 2623; x_wconf 87' lang='lat' dir='ltr'>loca</span> <span class='ocrx_word' id='word_1_170' title='bbox 335 2559 440 2623; x_wconf 90' lang='lat' dir='ltr'>omnia</span> <span class='ocrx_word' id='word_1_171' title='bbox 459 2567 632 2621; x_wconf 87' lang='lat' dir='ltr'>castrorum</span> <span class='ocrx_word' id='word_1_172' title='bbox 652 2557 737 2622; x_wconf 92' lang='lat' dir='ltr'>nullo</span> <span class='ocrx_word' id='word_1_173' title='bbox 757 2557 832 2622; x_wconf 90' lang='lat' dir='ltr'>satis</span> <span class='ocrx_word' id='word_1_174' title='bbox 851 2557 949 2643; x_wconf 88' lang='lat' dir='ltr'>digno</span> <span class='ocrx_word' id='word_1_175' title='bbox 967 2580 1040 2622; x_wconf 84' lang='lat' dir='ltr'>mor.</span> 
     </span>
     <span class='ocr_line' id='line_1_26' title="bbox 126 2651 1024 2736; baseline -0.001 -20"><span class='ocrx_word' id='word_1_176' title='bbox 126 2652 171 2716; x_wconf 86' lang='lat' dir='ltr'>tio</span> <span class='ocrx_word' id='word_1_177' title='bbox 190 2663 314 2736; x_wconf 89' lang='lat' dir='ltr'>tempus</span> <span class='ocrx_word' id='word_1_178' title='bbox 332 2661 447 2728; x_wconf 90' lang='lat' dir='ltr'>terunt,</span> <span class='ocrx_word' id='word_1_179' title='bbox 469 2652 603 2716; x_wconf 88' lang='lat' dir='ltr'>emissus</span> <span class='ocrx_word' id='word_1_180' title='bbox 621 2651 720 2716; x_wconf 90' lang='lat' dir='ltr'>hostis</span> <span class='ocrx_word' id='word_1_181' title='bbox 740 2662 788 2717; x_wconf 90' lang='lat' dir='ltr'>est</span> <span class='ocrx_word' id='word_1_182' title='bbox 806 2652 846 2715; x_wconf 84' lang='lat' dir='ltr'>de</span> <span class='ocrx_word' id='word_1_183' title='bbox 859 2651 1024 2730; x_wconf 85' lang='lat' dir='ltr'>manibus,</span> 
     </span>
     <span class='ocr_line' id='line_1_27' title="bbox 126 2744 1031 2831; baseline 0.002 -23"><span class='ocrx_word' id='word_1_184' title='bbox 126 2746 191 2809; x_wconf 85' lang='lat' dir='ltr'>iam</span> <span class='ocrx_word' id='word_1_185' title='bbox 218 2756 432 2831; x_wconf 87' lang='lat' dir='ltr'>transgressos</span> <span class='ocrx_word' id='word_1_186' title='bbox 461 2744 609 2810; x_wconf 85' lang='lat' dir='ltr'>Trebiam</span> <span class='ocrx_word' id='word_1_187' title='bbox 632 2744 796 2810; x_wconf 80' lang='lat' dir='ltr'>Romanos</span> <span class='ocrx_word' id='word_1_188' title='bbox 820 2747 1031 2830; x_wconf 84' lang='lat' dir='ltr'>metantisque</span> 
     </span>
     <span class='ocr_line' id='line_1_28' title="bbox 128 2837 1028 2923; baseline 0.002 -21"><span class='ocrx_word' id='word_1_189' title='bbox 128 2837 380 2922; x_wconf 81' lang='lat' dir='ltr'>conspexissent,</span> <span class='ocrx_word' id='word_1_190' title='bbox 404 2859 523 2923; x_wconf 87' lang='lat' dir='ltr'>paucos</span> <span class='ocrx_word' id='word_1_191' title='bbox 542 2848 731 2904; x_wconf 89' lang='lat' dir='ltr'>moratorum</span> <span class='ocrx_word' id='word_1_192' title='bbox 750 2839 935 2904; x_wconf 86' lang='lat' dir='ltr'>occiderunt·</span> <span class='ocrx_word' id='word_1_193' title='bbox 949 2841 1028 2905; x_wconf 86' lang='lat' dir='ltr'>eitra</span> 
     </span>
     <span class='ocr_line' id='line_1_29' title="bbox 94 2929 1039 3018; baseline 0.001 -20"><span class='ocrx_word' id='word_1_194' title='bbox 94 2953 107 2998; x_wconf 80' lang='lat'><strong>7</strong></span> <span class='ocrx_word' id='word_1_195' title='bbox 127 2932 326 3016; x_wconf 85' lang='lat' dir='ltr'>interceptos.</span> <span class='ocrx_word' id='word_1_196' title='bbox 360 2929 468 3018; x_wconf 86' lang='lat' dir='ltr'>Scipio</span> <span class='ocrx_word' id='word_1_197' title='bbox 486 2954 545 2998; x_wconf 90' lang='lat' dir='ltr'>nec</span> <span class='ocrx_word' id='word_1_198' title='bbox 562 2935 760 2998; x_wconf 84' lang='lat' dir='ltr'>vexationem</span> <span class='ocrx_word' id='word_1_199' title='bbox 777 2933 916 2998; x_wconf 69' lang='lat' dir='ltr'>uulneris</span> <span class='ocrx_word' id='word_1_200' title='bbox 934 2935 968 2998; x_wconf 91' lang='lat' dir='ltr'>in</span> <span class='ocrx_word' id='word_1_201' title='bbox 986 2936 1039 2999; x_wconf 85' lang='lat' dir='ltr'>via</span> 
     </span>
     <span class='ocr_line' id='line_1_30' title="bbox 126 3024 1040 3114; baseline 0.002 -24"><span class='ocrx_word' id='word_1_202' title='bbox 126 3024 209 3090; x_wconf 85' lang='lat' dir='ltr'>ultra</span> <span class='ocrx_word' id='word_1_203' title='bbox 233 3027 356 3111; x_wconf 76' lang='lat' dir='ltr'>patiens</span> <span class='ocrx_word' id='word_1_204' title='bbox 382 3037 414 3092; x_wconf 92' lang='lat' dir='ltr'>et</span> <span class='ocrx_word' id='word_1_205' title='bbox 439 3027 593 3114; x_wconf 86' lang='lat' dir='ltr'>collegam</span> <span class='ocrx_word' id='word_1_206' title='bbox 614 3029 726 3092; x_wconf 92' lang='lat' dir='ltr'>-iam</span> <span class='ocrx_word' id='word_1_207' title='bbox 752 3029 836 3093; x_wconf 87' lang='lat' dir='ltr'>enim</span> <span class='ocrx_word' id='word_1_208' title='bbox 863 3038 894 3093; x_wconf 90' lang='lat' dir='ltr'>et</span> <span class='ocrx_word' id='word_1_209' title='bbox 914 3040 1040 3094; x_wconf 85' lang='lat' dir='ltr'>revocat</span> 
     </span>
     <span class='ocr_line' id='line_1_31' title="bbox 128 3118 1040 3209; baseline -0.001 -21"><span class='ocrx_word' id='word_1_210' title='bbox 128 3118 238 3188; x_wconf 81' lang='lat' dir='ltr'>Sicilia</span> <span class='ocrx_word' id='word_1_211' title='bbox 255 3122 398 3187; x_wconf 87' lang='lat' dir='ltr'>audierat</span> <span class='ocrx_word' id='word_1_212' title='bbox 413 3154 441 3170; x_wconf 53' lang='grc' dir='ltr'>-ι</span> <span class='ocrx_word' id='word_1_213' title='bbox 456 3132 543 3188; x_wconf 89' lang='lat' dir='ltr'>ratus</span> <span class='ocrx_word' id='word_1_214' title='bbox 567 3123 809 3209; x_wconf 88' lang='lat' dir='ltr'>expectandum,</span> <span class='ocrx_word' id='word_1_215' title='bbox 837 3123 957 3200; x_wconf 87' lang='lat' dir='ltr'>locum,</span> <span class='ocrx_word' id='word_1_216' title='bbox 985 3124 1040 3206; x_wconf 91' lang='lat' dir='ltr'>qui</span> 
     </span>
     <span class='ocr_line' id='line_1_32' title="bbox 126 3215 1038 3295; baseline 0.002 -15"><span class='ocrx_word' id='word_1_217' title='bbox 126 3215 242 3280; x_wconf 90' lang='lat' dir='ltr'>flumen</span> <span class='ocrx_word' id='word_1_218' title='bbox 266 3217 441 3282; x_wconf 84' lang='lat' dir='ltr'>tutissimus</span> <span class='ocrx_word' id='word_1_219' title='bbox 461 3218 583 3283; x_wconf 87' lang='lat' dir='ltr'>stativis</span> <span class='ocrx_word' id='word_1_220' title='bbox 602 3227 650 3281; x_wconf 91' lang='lat' dir='ltr'>est</span> <span class='ocrx_word' id='word_1_221' title='bbox 668 3217 768 3295; x_wconf 88' lang='lat' dir='ltr'>visus,</span> <span class='ocrx_word' id='word_1_222' title='bbox 791 3217 947 3282; x_wconf 89' lang='lat' dir='ltr'>delectum</span> <span class='ocrx_word' id='word_1_223' title='bbox 967 3240 1038 3282; x_wconf 90' lang='lat' dir='ltr'>eom</span> 
     </span>
     <span class='ocr_line' id='line_1_33' title="bbox 92 3312 1040 3396; baseline 0.001 -20"><span class='ocrx_word' id='word_1_224' title='bbox 92 3328 107 3376; x_wconf 86' lang='lat'>8</span> <span class='ocrx_word' id='word_1_225' title='bbox 126 3330 184 3374; x_wconf 91' lang='lat' dir='ltr'>nec</span> <span class='ocrx_word' id='word_1_226' title='bbox 198 3312 307 3396; x_wconf 89' lang='lat' dir='ltr'>procul</span> <span class='ocrx_word' id='word_1_227' title='bbox 320 3312 394 3376; x_wconf 89' lang='lat' dir='ltr'>inde</span> <span class='ocrx_word' id='word_1_228' title='bbox 403 3312 565 3378; x_wconf 81' lang='lat' dir='ltr'>Hannibal</span> <span class='ocrx_word' id='word_1_229' title='bbox 579 3334 651 3378; x_wconf 90' lang='lat' dir='ltr'>cum</span> <span class='ocrx_word' id='word_1_230' title='bbox 666 3312 874 3390; x_wconf 82' lang='lat' dir='ltr'>consedisset,</span> <span class='ocrx_word' id='word_1_231' title='bbox 893 3323 1040 3396; x_wconf 86' lang='lat' dir='ltr'>quantun</span> 
     </span>
     <span class='ocr_line' id='line_1_34' title="bbox 126 3405 1040 3495; baseline 0.004 -27"><span class='ocrx_word' id='word_1_232' title='bbox 126 3405 173 3468; x_wconf 88' lang='lat' dir='ltr'>ria</span> <span class='ocrx_word' id='word_1_233' title='bbox 186 3406 324 3488; x_wconf 84' lang='lat' dir='ltr'>equestri</span> <span class='ocrx_word' id='word_1_234' title='bbox 338 3406 447 3485; x_wconf 87' lang='lat' dir='ltr'>elatus,</span> <span class='ocrx_word' id='word_1_235' title='bbox 467 3418 588 3472; x_wconf 85' lang='lat' dir='ltr'>tantum</span> <span class='ocrx_word' id='word_1_236' title='bbox 602 3409 714 3472; x_wconf 89' lang='lat' dir='ltr'>anxius</span> <span class='ocrx_word' id='word_1_237' title='bbox 729 3408 845 3495; x_wconf 90' lang='lat' dir='ltr'>inopia,</span> <span class='ocrx_word' id='word_1_238' title='bbox 864 3429 947 3490; x_wconf 85' lang='lat' dir='ltr'>quae</span> <span class='ocrx_word' id='word_1_239' title='bbox 955 3409 1040 3493; x_wconf 89' lang='lat' dir='ltr'>perh</span> 
     </span>
     <span class='ocr_line' id='line_1_35' title="bbox 126 3501 1040 3589; baseline 0.002 -25"><span class='ocrx_word' id='word_1_240' title='bbox 126 3520 219 3586; x_wconf 85' lang='lat' dir='ltr'>agros</span> <span class='ocrx_word' id='word_1_241' title='bbox 234 3510 359 3564; x_wconf 89' lang='lat' dir='ltr'>euntem</span> <span class='ocrx_word' id='word_1_242' title='bbox 377 3524 534 3586; x_wconf 88' lang='lat' dir='ltr'>nusquam</span> <span class='ocrx_word' id='word_1_243' title='bbox 551 3503 745 3589; x_wconf 87' lang='lat' dir='ltr'>praeparatis</span> <span class='ocrx_word' id='word_1_244' title='bbox 763 3501 992 3567; x_wconf 88' lang='lat' dir='ltr'>commeatibus</span> <span class='ocrx_word' id='word_1_245' title='bbox 1012 3526 1040 3566; x_wconf 91' lang='lat' dir='ltr'>m</span> 
     </span>
     <span class='ocr_line' id='line_1_36' title="bbox 92 3594 1040 3683; baseline 0.002 -24"><span class='ocrx_word' id='word_1_246' title='bbox 92 3612 106 3659; x_wconf 83' lang='grc'>9</span> <span class='ocrx_word' id='word_1_247' title='bbox 126 3594 193 3660; x_wconf 87' lang='lat' dir='ltr'>(lies</span> <span class='ocrx_word' id='word_1_248' title='bbox 212 3595 401 3680; x_wconf 88' lang='lat' dir='ltr'>excipiebat,</span> <span class='ocrx_word' id='word_1_249' title='bbox 425 3597 465 3660; x_wconf 86' lang='lat' dir='ltr'>ad</span> <span class='ocrx_word' id='word_1_250' title='bbox 484 3595 672 3661; x_wconf 81' lang='lat' dir='ltr'>Clastidium</span> <span class='ocrx_word' id='word_1_251' title='bbox 690 3596 809 3675; x_wconf 81' lang='lat' dir='ltr'>vicum,</span> <span class='ocrx_word' id='word_1_252' title='bbox 833 3619 896 3681; x_wconf 91' lang='lat' dir='ltr'>quo</span> <span class='ocrx_word' id='word_1_253' title='bbox 918 3619 1040 3683; x_wconf 85' lang='lat' dir='ltr'>magnu</span> 
     </span>
     <span class='ocr_line' id='line_1_37' title="bbox 125 3689 1040 3777; baseline 0.004 -25"><span class='ocrx_word' id='word_1_254' title='bbox 125 3689 222 3753; x_wconf 87' lang='lat' dir='ltr'>menti</span> <span class='ocrx_word' id='word_1_255' title='bbox 249 3711 414 3754; x_wconf 89' lang='lat' dir='ltr'>numerum</span> <span class='ocrx_word' id='word_1_256' title='bbox 441 3700 664 3777; x_wconf 85' lang='lat' dir='ltr'>congesserant</span> <span class='ocrx_word' id='word_1_257' title='bbox 689 3689 839 3770; x_wconf 85' lang='lat' dir='ltr'>Romani,</span> <span class='ocrx_word' id='word_1_258' title='bbox 866 3691 971 3755; x_wconf 86' lang='lat' dir='ltr'>mittit.</span> <span class='ocrx_word' id='word_1_259' title='bbox 1017 3691 1040 3756; x_wconf 92' lang='lat' dir='ltr'>il</span> 
     </span>
     <span class='ocr_line' id='line_1_38' title="bbox 126 3781 1012 3870; baseline 0.006 -26"><span class='ocrx_word' id='word_1_260' title='bbox 126 3781 191 3844; x_wconf 91' lang='lat' dir='ltr'>vim</span> <span class='ocrx_word' id='word_1_261' title='bbox 216 3793 377 3867; x_wconf 75' lang='lat' dir='ltr'>pararent,</span> <span class='ocrx_word' id='word_1_262' title='bbox 409 3806 482 3870; x_wconf 86' lang='lat' dir='ltr'>spes</span> <span class='ocrx_word' id='word_1_263' title='bbox 509 3785 597 3849; x_wconf 81' lang='lat' dir='ltr'>facta</span> <span class='ocrx_word' id='word_1_264' title='bbox 617 3784 816 3870; x_wconf 84' lang='lat' dir='ltr'>proditionis,</span> <span class='ocrx_word' id='word_1_265' title='bbox 848 3807 907 3850; x_wconf 90' lang='lat' dir='ltr'>nec</span> <span class='ocrx_word' id='word_1_266' title='bbox 934 3807 1012 3850; x_wconf 88' lang='lat' dir='ltr'>sane</span> 
     </span>
     <span class='ocr_line' id='line_1_39' title="bbox 125 3874 1040 3964; baseline 0.005 -27"><span class='ocrx_word' id='word_1_267' title='bbox 125 3874 242 3959; x_wconf 88' lang='lat' dir='ltr'>pretio,</span> <span class='ocrx_word' id='word_1_268' title='bbox 268 3877 406 3944; x_wconf 90' lang='lat' dir='ltr'>nummis</span> <span class='ocrx_word' id='word_1_269' title='bbox 432 3878 535 3942; x_wconf 88' lang='lat' dir='ltr'>aureis</span> <span class='ocrx_word' id='word_1_270' title='bbox 560 3878 813 3964; x_wconf 81' lang='lat' dir='ltr'>quadringentis,</span> <span class='ocrx_word' id='word_1_271' title='bbox 839 3879 943 3944; x_wconf 88' lang='lat' dir='ltr'>Dasio</span> <span class='ocrx_word' id='word_1_272' title='bbox 965 3879 1040 3945; x_wconf 87' lang='lat' dir='ltr'>Bru</span> 
     </span>
     <span class='ocr_line' id='line_1_40' title="bbox 124 3967 1039 4058; baseline 0.007 -25"><span class='ocrx_word' id='word_1_273' title='bbox 124 3967 285 4054; x_wconf 82' lang='lat' dir='ltr'>praefecto</span> <span class='ocrx_word' id='word_1_274' title='bbox 302 3972 439 4055; x_wconf 75' lang='lat' dir='ltr'>praesidi</span> <span class='ocrx_word' id='word_1_275' title='bbox 456 3984 601 4058; x_wconf 81' lang='lat' dir='ltr'>corrupto</span> <span class='ocrx_word' id='word_1_276' title='bbox 620 3972 751 4038; x_wconf 85' lang='lat' dir='ltr'>traditur·</span> <span class='ocrx_word' id='word_1_277' title='bbox 767 3973 943 4038; x_wconf 90' lang='lat' dir='ltr'>Hannibali</span> <span class='ocrx_word' id='word_1_278' title='bbox 958 3973 1039 4039; x_wconf 86' lang='lat' dir='ltr'>Clas</span> 
     </span>
    </p>
   </div>
   <div class='ocr_carea' id='block_1_3' title="bbox 0 0 1268 4514">
    <p class='ocr_par' dir='ltr' id='par_1_3' title="bbox 0 0 1268 4514">
     <span class='ocr_line' id='line_1_41' title="bbox 0 0 1268 4514; baseline 0 0"><span class='ocrx_word' id='word_1_279' title='bbox 0 0 1268 4514; x_wconf 95' lang='lat' dir='ltr'> </span> 
     </span>
    </p>
   </div>
  </div>
 </body>
</html>
