2528 4514
316 217 436 272 arasa
453 217 538 286 xxr.
557 220 598 276 ao.
613 220 654 277 ar.
675 224 712 290 [a.
724 218 827 292 cara]
1051 211 1092 285 17.

122 381 161 464 put
179 394 215 458 pro
236 373 382 441 Romanis
415 385 470 441 aut
500 377 652 443 adversus
678 377 803 445 Poenos
837 390 963 446 sumant
994 406 1090 450 arma.

77 506 88 545 p
123 470 346 547 muaaudire
365 493 449 551 sese,
473 473 577 560 gentis
596 494 672 538 suae
695 473 839 540 homines
862 498 939 562 agro
960 477 1126 559 finibus-e

128 560 246 650 puellulae
262 565 336 651 pelli
354 589 373 630 a
390 568 509 652 populo
521 565 667 632 Romano
685 568 937 654 stipendiumque
955 574 1092 657 pendere

86 654 227 743 'tdtctera
245 660 373 746 indigna
398 661 473 746 pati.
510 662 621 727 eadem
647 661 746 726 ferme
772 663 805 728 in
831 665 941 730 ceteris
968 661 1125 735 Galliaes

77 789 95 821 l
124 747 213 819 meilis
229 754 304 820 dicta
327 754 513 840 auditaque3
541 776 600 821 nec
621 754 776 841 hospitale
802 757 971 842 quicquam
997 783 1092 845 paca·

77 880 92 920 a
118 864 192 913 <ruo
206 845 264 921 satis
285 850 372 935 prius
397 851 539 918 auditum
562 873 658 935 quam
680 850 858 916 Massiliam
881 875 1004 921 venere.
1048 854 1126 922 ibis

86 981 93 1013 2
161 934 183 991 ·'=
200 941 228 1008 ab
243 944 333 1009 sociis
352 943 501 1027 inquisita
518 967 591 1010 cum
609 968 684 1012 cura
701 967 739 1012 ac
757 945 820 1010 fide
839 949 978 1034 cognita,
1002 972 1092 1036 prae-

113 1049 158 1083 ···
169 1042 232 1116 potos
246 1037 307 1103 iam
326 1047 398 1102 ante
416 1038 457 1105 ab
475 1038 656 1104 Hannibale
676 1037 842 1106 Gallorum
860 1042 982 1111 animos
1006 1067 1091 1110 esse:

77 1160 95 1200 r
115 1145 120 1204 3
135 1151 150 1177 ·
169 1148 195 1195 ne
211 1130 247 1196 illi
268 1132 396 1217 quidem
418 1133 480 1218 ipsi
498 1133 574 1200 satis
594 1135 703 1200 mitem
720 1144 848 1221 gentem
866 1136 934 1203 fore
951 1173 996 1185 -
1012 1140 1092 1204 adeo

77 1277 84 1303 ,.
113 1215 155 1296 3⁴²·
170 1220 286 1310 batque
303 1226 456 1293 indomita
473 1228 600 1314 ingenia
620 1251 691 1296 esse
708 1267 765 1307 -,
791 1229 826 1295 ni
849 1229 982 1296 subinde
1005 1253 1090 1312 auro,

85 1310 171 1422 -cc'os
187 1320 355 1387 avidissima
376 1344 456 1408 gens
480 1333 543 1401 est,
567 1323 746 1411 principum
764 1324 860 1389 animi
879 1325 1090 1390 concilientur.

146 1415 291 1501 peragratis
309 1414 489 1503 Hispaniae
508 1425 539 1482 et
558 1413 681 1483 Galliae
699 1416 825 1504 populis
843 1417 940 1505 legati
955 1418 1091 1491 Romam
1110 1441 1125 1489 a

96 1518 196 1580 ,cunt
214 1509 296 1575 haud
317 1509 363 1576 ita
380 1511 478 1577 multo
497 1518 683 1598 postquam
700 1512 847 1579 consules
865 1513 898 1578 in
914 1513 1091 1599 provincias

131 1627 135 1648 ·
149 1603 196 1669 ati
222 1613 317 1670 erant.
362 1605 522 1673 civitatem
554 1627 680 1671 omnem
710 1606 744 1670 in
775 1607 991 1692 expectatione
1017 1606 1093 1673 belli

125 1722 191 1755 :aa
218 1699 418 1780 invenerunt,
446 1701 528 1768 satis
546 1710 709 1768 constante
735 1700 822 1768 fama
846 1702 911 1767 iam
932 1700 1091 1769 Hiberum

91 1795 122 1870 ,’·
133 1819 136 1827 ·
147 1814 189 1859 os
206 1793 387 1861 tramisisse.

77 1896 90 1965 ,ἱ
135 1885 224 1954 XXL
266 1888 431 1954 Hannibal
449 1888 594 1977 Sagunto
617 1899 709 1977 capto
729 1888 954 1979 Carthaginem
977 1913 1125 1960 novaml

77 1974 243 2061 iuhibema
266 1994 465 2051 concesserat
486 1984 593 2070 ibique
615 1985 731 2051 auditis
753 2007 834 2070 quae
851 1987 973 2057 Romae
994 2008 1091 2073 quae-

77 2090 132 2169 Igne
148 2075 332 2164 Cartbagine
351 2088 421 2143 acta
439 2080 626 2164 decretaque
644 2079 761 2157 forent,
781 2103 878 2164 seque
896 2104 960 2146 non
978 2083 1091 2166 ducem

78 2167 167 2239 tolum
183 2174 237 2238 sed
254 2172 350 2238 etiarn
368 2194 496 2237 causam
515 2195 586 2238 esse
603 2173 691 2253 belli,
714 2175 837 2259 partitis
857 2174 1025 2240 divenditis
1042 2196 1092 2241 re-
1110 2195 1125 2242 2

77 2258 171 2346 bquiis
194 2268 328 2352 praedae
359 2265 438 2331 nihil
469 2267 552 2332 ultra
583 2268 791 2333 differendum
822 2277 923 2347 ratus,
954 2268 1093 2355 Hispani

78 2358 187 2443 generis
200 2361 314 2426 milites
334 2370 495 2427 convocat.
542 2363 649 2426 ‘credo
673 2384 733 2447 ego
756 2361 838 2436 vos‚'
864 2360 965 2443 inquit
989 2366 998 2396 ‘
1005 2361 1091 2437 socii,
1111 2383 1126 2437 3

77 2449 193 2537 etipsos
214 2477 356 2531 cernere,
383 2455 504 2540 pacatis
527 2455 673 2521 omnibus
691 2454 868 2540 Hispaniae
890 2454 1015 2539 populis
1039 2463 1093 2518 aut

77 2540 227 2639 finiendam
257 2548 348 2614 nobis
376 2548 519 2614 militiam
547 2549 766 2632 exercitusque
792 2548 994 2612 dimittendos
1022 2569 1092 2613 esse

77 2648 120 2715 sut
140 2640 273 2708 in-alias
300 2652 399 2708 terras
422 2642 675 2710 transferendum
700 2643 832 2709 bellum:
860 2643 904 2707 ita
927 2641 1011 2706 enim
1032 2641 1127 2707 haer

77 2748 169 2823 gentes
190 2759 255 2804 non
275 2736 363 2822 pacis
389 2737 505 2816 solum,
535 2737 591 2802 sed
614 2736 708 2802 etiam
726 2736 874 2801 victoriae
892 2736 985 2802 bonis
1003 2737 1094 2802 flore-

77 2824 151 2910 bunt,
169 2832 197 2897 si
215 2854 256 2896 ex
273 2832 342 2896 aliis
361 2832 508 2918 gentibus
528 2831 676 2918 praedam
695 2840 726 2896 et
743 2832 877 2918 gloriam
891 2853 1089 2915 quaeremus.

76 2921 165 3008 ltaque
182 2948 255 2990 cum
271 2926 444 3012 longinqua
466 2949 486 2991 a
509 2926 601 2991 domo
624 2925 721 2990 instet
742 2925 861 2991 militia.
875 2925 1091 3009 incertumque
1111 2945 1126 2991 5

77 3015 119 3096 sit,
143 3020 267 3105 quando
291 3021 401 3087 domos
424 3030 545 3085 vestras
570 3030 601 3087 et
624 3041 705 3105 quae
728 3021 841 3104 cuique
862 3020 909 3086 ibi
930 3030 1093 3086 cerasum

77 3111 159 3179 sauri
179 3114 262 3192 sitis,
287 3114 315 3179 si
337 3115 407 3199 quis
426 3124 567 3181 vestrum
585 3136 661 3183 suos
678 3114 814 3180 invisere
833 3114 913 3194 volt,
938 3135 1094 3179 commea

77 3208 191 3275 tundo.
226 3209 328 3296 primo
342 3231 416 3276 vere
431 3210 520 3277 edico
538 3209 664 3287 adsitis,
684 3218 720 3273 ut
737 3209 797 3275 diis
816 3207 896 3274 bene
913 3205 1093 3272 iuvantibus
1113 3227 1128 3274 e

77 3294 178 3374 bellum
195 3303 332 3391 ingentis
350 3304 469 3391 gloriae
489 3304 688 3390 praedaeque
706 3303 848 3369 futurum
865 3299 1073 3386 incipiamus?

130 3395 287 3465 Omnibus
300 3397 367 3466 fere
381 3397 504 3464 visendi
518 3399 628 3464 domos
642 3396 748 3463 oblata
761 3396 842 3463 ultro
855 3405 995 3483 potestas
1005 3403 1095 3482 grata
1113 3416 1127 3460 s

77 3500 142 3570 arat,
160 3503 191 3556 et
204 3492 268 3558 iam
282 3493 532 3559 desiderantibus
548 3514 622 3558 suos
637 3501 669 3558 et
684 3491 809 3579 longius
823 3491 856 3557 in
869 3491 1010 3555 futurum
1023 3511 1095 3574 pro-

77 3584 240 3652 videntibus
266 3587 467 3655 desiderium.
513 3609 571 3675 per
596 3596 697 3654 totum
724 3596 847 3673 tempus
869 3584 982 3649 hiemis
1005 3583 1128 3667 quiess

77 3676 144 3745 inter
153 3680 277 3749 labores
292 3693 348 3749 aut
362 3683 428 3748 iam
445 3682 617 3750 exhaustos
636 3690 690 3748 aut
708 3703 782 3748 mox
800 3678 1028 3747 exhauriendos
1046 3698 1095 3743 re·

77 3776 189 3841 roravit
207 3798 339 3870 corpora
356 3778 542 3862 animosque
559 3778 601 3842 ad
618 3774 723 3842 omnia
741 3775 781 3841 de
799 3775 920 3861 integro
937 3773 1094 3859 patienda.

77 3888 136 3935 rere
153 3870 256 3956 primo
274 3870 316 3938 ad
334 3872 472 3940 edictum
490 3892 674 3938 convenere.

123 3964 304 4047 Hannibal,
328 3989 401 4034 cum
418 3967 627 4036 recensuisset
646 3965 786 4033 omnium
802 3964 945 4050 gentium
968 3962 1092 4039 auxilia,
1113 3978 1127 4026 s

109 4081 161 4126 lr'ct
174 4084 217 4126 ool.
233 4082 261 4128 ll.
906 4064 924 4118 2
