2528 4530
169 222 259 298 ,148
425 233 543 289 umus
560 231 676 304 xxm,
694 231 793 288 saec
812 228 997 306 [aestas]

196 392 385 478 deductique
411 390 453 455 ad
469 388 633 456 Valerium
654 389 833 454 Laevinum
859 400 1035 477 praetorem
1058 393 1143 459 circa
1164 395 1234 461 Lu-

162 514 177 561 6
196 487 312 554 ceriam
329 495 432 550 castra
453 483 630 548 habentem.
671 481 716 547 ibi
737 482 890 569 intrepide
907 484 1129 572 Xenophanes
1146 488 1233 577 lega-

196 581 289 646 tionis
311 579 457 664 prinoeps
480 576 665 661 aPhilippo
687 598 762 663 rege
785 599 819 641 se
841 578 975 645 missum
997 579 1042 645 ait
1064 578 1106 645 ad
1125 582 1233 647 amici-

195 674 272 740 tiam
307 673 551 754 societatemque
585 671 778 756 iungendam
813 693 885 736 oum
918 673 1037 760 populo
1073 673 1231 751 Romano,

195 767 344 834 mandata
372 765 488 830 habere
519 764 560 829 ad
590 764 735 829 consules
767 787 804 830 ao
835 776 980 833 senatum
1014 768 1231 854 populumque

162 889 176 934 r
195 863 385 928 Romanum.
433 857 585 946 [praetor]
604 858 685 924 inter
702 859 893 927 defectiones
912 871 1054 927 veterum
1072 863 1230 930 sociorum

195 979 278 1022 nova
296 956 445 1021 societate
463 963 528 1018 tam
547 952 621 1018 clari
639 953 722 1039 regis
740 953 842 1020 laetus
857 956 1027 1021 admodum
1044 956 1155 1023 hostes
1173 978 1227 1044 pro

161 1073 176 1122 8
195 1049 373 1138 hospitibus
393 1049 521 1115 comiter
538 1048 672 1133 accepit3
700 1049 754 1111 dat
772 1050 825 1131 qui
847 1061 1092 1134 prosequantur,
1119 1052 1227 1118 itinera

195 1169 268 1212 cum
286 1167 361 1210 cura
378 1144 607 1217 demonstrent,
631 1163 711 1224 quae
729 1141 799 1206 loca
816 1164 959 1228 quosque
978 1142 1077 1211 saltus
1097 1155 1153 1212 aut
1164 1146 1226 1213 Ro-

160 1261 307 1312 ,omanus
334 1247 387 1302 aut
414 1237 521 1301 hostes
549 1245 684 1301 teneant.
737 1233 955 1321 Xenophanes
986 1259 1044 1323 per
1072 1240 1225 1324 praesidia

193 1334 339 1399 Romana
356 1332 390 1395 in
400 1329 621 1415 Campaniam,
640 1329 713 1393 inde
731 1351 794 1413 qua
811 1330 989 1414 proximum
1006 1331 1068 1397 suit
1081 1334 1116 1398 in
1128 1343 1223 1401 caah-a

194 1424 384 1493 Hannibalis
410 1423 553 1511 pervenit
578 1423 754 1506 foedusque
780 1445 853 1489 oum
880 1446 917 1489 eo
940 1435 1034 1508 atque
1060 1428 1222 1494 amicitiam

144 1546 177 1595 10
194 1523 297 1608 iungit
313 1520 437 1608 legibus
455 1518 520 1597 his,
547 1527 582 1582 ut
599 1517 766 1604 Philippus
785 1540 841 1583 rex
858 1540 953 1602 quam
971 1521 1112 1586 maxima
1128 1523 1222 1590 classe

193 1654 220 1666 -
237 1618 387 1682 ducentas
406 1624 512 1680 autem
529 1634 627 1678 naves
645 1612 810 1678 videbatur
828 1613 996 1679 effecturus
1013 1651 1041 1662 —
1057 1616 1093 1680 in
1104 1614 1219 1681 Italiam

195 1711 339 1776 traiceret
362 1718 393 1774 et
416 1716 553 1774 vastaret
575 1707 763 1772 maritimam
786 1730 887 1785 oram,
915 1708 1031 1773 bellum
1057 1733 1116 1795 pro
1140 1720 1258 1805 perte-J

144 1828 176 1876 11
197 1828 254 1870 sua
272 1815 354 1869 terra
370 1802 511 1885 marique
528 1811 664 1888 gereret3
683 1801 738 1866 ubi
751 1801 941 1867 debellatum
955 1814 1040 1869 esset
1052 1800 1213 1893 insstalisl,
1244 1849 1247 1866 ι

194 1897 287 1962 Italia
309 1895 411 1962 omnis
435 1895 599 1980 cumipse
621 1894 698 1959 urbe
719 1895 824 1962 Roma
847 1894 1156 1984 Carthaginiensium
1175 1906 1215 1963 et·
1263 1971 1264 1974 Ἴ

195 2013 257 2075 que
275 1988 465 2055 Hannibalis
484 1997 568 2054 esset
584 1990 763 2074 praedaque
782 1992 883 2056 omnis
897 1991 1072 2057 Hannibali
1091 1994 1210 2059 cederet:
1261 1989 1264 2044 l

145 2108 176 2156 12
195 2083 370 2172 perdomita
391 2083 484 2149 Italia
506 2083 691 2169 navigarent
712 2085 746 2148 in
764 2082 931 2151 Graeciam
952 2086 1134 2171 bellumque
1152 2080 1228 2152 cum
1246 2051 1264 2136 l

195 2179 310 2264 quibus
332 2178 400 2265 regi
421 2178 558 2263 placeret
579 2188 736 2264 gererent;
768 2201 849 2263 quae
871 2180 1013 2246 civitates
1040 2179 1209 2247 continentia
1257 2143 1264 2258 l

194 2296 337 2359 quaeque
363 2274 484 2339 insulae
510 2274 551 2339 ad
576 2271 798 2340 Macedoniam
824 2286 971 2362 vergunt,
1004 2298 1060 2342 eae
1089 2270 1210 2362 Philippi

194 2370 346 2454 regnique
365 2369 431 2433 eius
451 2378 566 2433 essent

162 2486 176 2533 1
259 2461 450 2527 XXXHH.
495 2462 535 2526 In
551 2461 609 2527 has
627 2462 726 2528 ferme
742 2462 830 2550 leges
853 2464 933 2529 inter
949 2462 1097 2530 Poenum
1114 2466 1209 2530 ducem
1259 2519 1264 2538 ,

161 2578 176 2625 2
194 2559 377 2645 legatosque
386 2555 598 2622 Macedonum
612 2557 710 2621 ictum
727 2557 854 2637 foedus,
874 2558 1024 2643 missique
1040 2582 1114 2624 cum
1130 2552 1210 2624 iiiut
1229 2556 1232 2561 ’
1257 2549 1264 2699 ι

194 2652 278 2738 regis
301 2650 400 2736 ipsius
423 2649 608 2715 firmandam
629 2651 724 2716 fidem
746 2651 855 2739 legati,
885 2651 987 2740 Gisgo
1010 2664 1042 2719 et
1058 2654 1211 2720 Bostarct

193 2745 309 2830 Mago,
337 2744 446 2808 eodem
465 2745 505 2809 ad
523 2745 654 2810 Iunonis
672 2745 838 2823 Laciniae,
866 2745 921 2812 ubi
942 2748 1032 2813 navis
1055 2744 1210 2815 occultaiu

162 2862 177 2909 3
197 2839 329 2904 statione
347 2846 425 2916 erat,
452 2839 646 2923 perveniunt.
691 2839 764 2904 inde
785 2841 918 2926 profecti
935 2862 1007 2906 oum
1026 2842 1125 2907 altum
1141 2851 1210 2906 teno-

194 2943 273 3011 rent,
293 2933 450 3018 conspecti
464 2930 513 3020 [a]
528 2932 628 2998 classe
641 2933 882 3014 Romanasunt,
902 2937 1209 3021 quaepraesioioent
1235 3023 1236 3028 ἵ
1258 2907 1264 3006 l

161 3026 363 3094 rCalabriae
388 3027 539 3092 litoribus.
588 3027 730 3093 Valerius
756 3028 890 3095 Flaccus
918 3052 1063 3116 cercyros
1091 3032 1132 3098 ad
1153 3048 1209 3116 per·
1259 3017 1264 3170 ¹

195 3123 389 3206 sequendam
413 3122 692 3206 retrahendamque
714 3147 827 3188 navem
851 3148 923 3190 cum
945 3126 1100 3206 misisset,
1125 3125 1207 3212 prino
1262 3176 1264 3200 ff

194 3218 304 3304 fugere
321 3217 401 3304 regii
419 3218 533 3296 conati3
553 3218 680 3296 deinde,
700 3217 756 3283 ubi
773 3219 930 3284 celeritate
948 3221 1033 3285 vinci
1051 3224 1205 3290 senserunt
1263 3205 1264 3229 l

161 3312 322 3380 stradunt
348 3332 383 3376 se
409 3309 574 3389 Romanis,
612 3321 643 3376 et
668 3313 710 3376 ad
734 3313 929 3398 praefectum
955 3314 1066 3380 classis
1089 3307 1206 3381 adduct,

195 3426 267 3468 cum
295 3416 471 3488 quaereret,
508 3406 560 3489 qui
587 3414 618 3469 et
643 3406 727 3471 unde
754 3417 785 3472 et
810 3429 874 3491 quo
900 3409 1064 3474 tenderent
1090 3424 1206 3475 cursum
1263 3396 1264 3474 l

193 3498 412 3584 Xenophanes
447 3498 548 3584 primo
584 3499 658 3564 satis
693 3499 756 3565 iam
793 3503 889 3566 semel
920 3503 997 3567 felix
1027 3501 1208 3569 mendacium
1262 3483 1264 3532 l

195 3603 328 3672 struere,
359 3617 379 3659 a
400 3592 548 3680 Philippo
570 3617 603 3660 se
625 3595 666 3659 ad
687 3595 848 3662 Romanos
872 3597 1006 3663 missum
1031 3600 1074 3664 ad
1093 3597 1141 3664 lt
1156 3590 1208 3661 vr

192 3689 323 3767 lerium,
359 3690 400 3755 ad
426 3712 520 3774 quem
550 3712 646 3754 unum
672 3691 731 3756 iter
756 3700 859 3756 tutum
884 3692 997 3772 suerit,
1034 3690 1210 3780 perveniam

195 3781 403 3869 Campaniam
416 3807 563 3870 superare
580 3785 727 3869 nequisse
745 3797 886 3872 saeptam
900 3787 1038 3853 hostium
1051 3782 1222 3875 praesidiis·

161 3876 307 3945 odeinde
334 3887 369 3942 ut
394 3877 534 3944 Punicus
562 3879 662 3945 cultus
689 3879 878 3967 habitusque
908 3892 1074 3968 suspectos
1104 3882 1215 3969 legato·

161 3969 270 4037 tfecit
299 3971 489 4038 Hannibahs
522 3973 790 4062 interrogatosque
821 3999 925 4043 sermo
958 3977 1116 4064 prodidit,
1156 3982 1219 4041 bum
