2528 4530
317 235 434 290 ursus
452 234 537 303 xxr,
556 235 598 289 ss.
612 236 654 290 49.
675 234 826 309 [acere]
946 282 950 287 .
1048 227 1088 294 41

88 397 257 463 toloneum
274 392 335 458 fuit
352 391 469 458 Poenis
488 392 670 459 sedentibus
688 393 728 458 ad
746 393 904 460 Trebiam.
941 397 975 461 in
992 400 1090 485 capti·
1109 422 1143 471 10

86 504 126 557 'ros
141 489 312 557 extranta·
324 486 495 574 praesidio,
519 496 555 552 ut
572 487 657 553 fama
679 488 861 555 elementiae
883 492 916 554 in
936 492 1090 580 principio

82 608 171 653 rerum·
183 582 389 670 colligeretur,
408 582 489 646 nihil
504 582 658 647 saevitum
676 593 733 649 est.

126 677 385 745 XXXXVIIII.
423 676 506 742 Cum
520 678 561 741 ad
575 676 723 743 Trebiam
737 688 881 744 terrestre
899 682 1089 748 constitisset
1109 707 1122 752 1

80 775 189 852 bellum,
209 773 333 838 interim
351 768 589 838 circa-Siciliam
607 772 788 857 insulasque
801 774 912 840 Italiae
925 775 1090 843 imminen-

80 892 113 936 :ea
128 880 158 934 et
178 890 204 934 a¹
220 866 408 953 Sempronio
430 865 561 931 consule
581 876 612 932 et
635 876 707 932 ante
730 869 898 934 adventum
921 870 989 935 eius
1007 881 1090 938 term

80 965 204 1048 rarique·
220 984 273 1028 res
295 971 413 1050 gestae
449 961 566 1048 uiginti·
583 961 823 1045 quinqueremes
847 985 919 1028 cum
936 965 1021 1030 mille
1040 987 1124 1047 ar-,e

80 1059 151 1124 ratis
167 1058 210 1123 ad
227 1055 482 1142 depopulandam
500 1077 587 1120 oram
604 1055 715 1120 Italiae
737 1080 756 1121 a
775 1055 1088 1144 Carthaginiensibus

80 1153 186 1230 nissae3
213 1173 335 1216 novem
347 1150 497 1236 Lipsius,
522 1159 593 1214 octo
611 1149 809 1215 ad¹insulam
823 1150 959 1217 Vulcani
980 1162 1089 1220 tenue-

80 1257 139 1325 unt,
162 1245 281 1312 tresin
299 1245 415 1310 irenam
433 1244 566 1309 aduertit
583 1255 699 1310 aestus.
737 1246 778 1310 ad
795 1267 853 1310 eas
868 1257 1052 1333 conspectas
1069 1272 1089 1314 a
1106 1271 1124 1317 a

80 1342 210 1408 lessam
226 1340 403 1419 duodecim.
413 1337 567 1404 navesab·
578 1338 719 1405 Hierone
731 1362 807 1427 rege
818 1339 1088 1426 Syracusanorum

80 1438 184 1514 siesse,
203 1435 348 1520 quitum
365 1433 450 1498 forte
463 1433 639 1499 Messanae·
652 1443 718 1499 erat
736 1436 898 1500 consulem·
909 1436 1088 1502 Romanum

80 1532 236 1618 medens,
267 1529 354 1594 nullo
376 1537 570 1615 repugnante
593 1538 701 1614 captas
723 1552 821 1595 naves
843 1530 1028 1596 Messanam
1053 1533 1088 1597 in

80 1638 182 1691 ortum
198 1625 405 1690 dedunennrt.
437 1624 598 1709 cognitum
616 1640 656 1687 ex
674 1624 820 1709 captivis,
839 1636 962 1710 praeter
974 1626 1087 1714 viginti
1104 1647 1122 1693 4

80 1742 170 1798 avesa
184 1719 277 1785 cuius
294 1718 356 1807 ipsi
374 1717 485 1783 classis
500 1725 619 1795 essent,
638 1716 671 1782 in
683 1717 807 1782 Italiam
822 1719 939 1785 missas
949 1720 1087 1804 quinque

80 1816 236 1904 ttriginta
259 1813 336 1880 alias
360 1813 602 1898 quinqueremes
620 1809 760 1881 Siciliam
781 1824 888 1899 petere
911 1816 952 1880 ad
975 1815 1088 1880 solliei-

80 1913 165 1978 mdos
197 1919 321 1975 veteres
354 1909 472 1988 socios3
502 1907 650 1994 Lilybaei
681 1909 856 1994 occupandi
885 1910 1125 1995 praecipuamo

80 2029 162 2071 uram
186 2027 274 2083 esse3
302 2002 428 2069 credere
450 2003 561 2068 eadem
583 2012 783 2089 tempestate,
807 2025 870 2087 qua·
885 2005 948 2090 ipsi
966 2005 1088 2070 disiecti

80 2111 170 2178 orent,
190 2121 261 2165 eam
279 2119 406 2182 quoque
423 2097 557 2162 classem
576 2097 617 2161 ad
634 2095 769 2184 Aegatis
786 2098 905 2164 insulas
924 2100 1086 2164 deiectam.

80 2216 132 2260 see
158 2194 241 2260 siout
267 2192 378 2258 audita·
401 2200 488 2257 erant
509 2212 566 2255 rex
587 2190 635 2255 M.
659 2189 798 2256 Aemilio
820 2193 968 2277 praetori,
997 2193 1121 2261 euiuse

80 2287 164 2355 licilia
181 2288 345 2375 provincia
363 2296 442 2363 erat,
460 2285 624 2372 perscribit
643 2296 824 2369 monetque,
843 2296 878 2351 ut
895 2287 1087 2373 Lilybaeum
1117 2321 1120 2329 ·

80 2384 143 2450 lrmo
165 2392 288 2448 teneret
309 2381 476 2468 praesidio.
513 2381 669 2466 extemplo
693 2389 723 2444 et
746 2381 828 2445 circa
850 2391 1028 2466 apraetore
1046 2382 1087 2445 ad
1106 2401 1121 2446 t

80 2478 196 2545 ivitates
218 2477 308 2542 missi
329 2477 425 2564 legati
447 2475 625 2560 tribunique
649 2497 723 2540 suos
741 2476 781 2539 ad
800 2497 907 2539 curam
925 2475 1087 2540 custodiae

80 2575 230 2652 ntendere3
263 2582 334 2637 ante
361 2571 466 2636 omnia
491 2570 683 2656 Eilybaeum
710 2570 808 2635 teneri
833 2578 977 2655 paratum
1004 2567 1087 2633 bello

80 2666 156 2734 elicto
173 2666 350 2755 proposito,
376 2677 409 2729 ut
428 2665 505 2731 socii
522 2665 655 2730 navales·
671 2664 780 2729 decem
798 2664 920 2728 dierum
938 2673 1027 2729 cocta
1044 2662 1088 2727 ci-

80 2760 150 2828 laria
163 2763 205 2828 ad
221 2783 321 2828 naves
340 2760 500 2826 deferrent
514 2769 559 2837 et,
582 2759 638 2824 ubi
657 2760 782 2846 signum
801 2760 909 2824 datum
927 2768 1024 2837 esset,
1047 2778 1087 2823 ne
1106 2777 1122 2825 8

80 2856 128 2938 pris
151 2879 273 2922 moram
296 2855 527 2943 conscendendi
548 2854 680 2932 faceret3
710 2875 828 2939 perque
851 2875 977 2919 omnem
999 2876 1086 2919 oram

80 2950 116 3033 qui
138 2973 177 3017 ex
204 2949 343 3037 speculis
365 2949 584 3036 prospicerent·
602 2948 824 3013 adventantem
845 2949 983 3015 hostium
1007 2949 1087 3015 clas·

80 3064 126 3109 tem
148 3045 247 3110 missi.
285 3045 405 3129 itaque,
433 3064 625 3127 quamquam
648 3043 687 3107 de
708 3043 861 3108 industria
882 3045 995 3108 morati
1017 3059 1121 3107 cur-9

80 3158 129 3204 uun
143 3141 272 3205 navium
286 3148 374 3205 erant
384 3134 676 3224 Carthaginienses,
695 3147 730 3202 ut
748 3147 820 3202 ante
837 3138 940 3202 lucem
959 3138 1087 3202 aecede-

80 3245 127 3298 ent
136 3234 342 3321 Lilybaeum,
360 3255 569 3319 praesensum·
584 3242 689 3298 tamen
707 3242 768 3310 est,
788 3231 862 3315 quia
880 3241 910 3296 et
926 3231 1002 3295 luna
1018 3252 1089 3317 per-

80 3339 197 3395 rexerat
211 3340 244 3394 et
257 3328 390 3394 sublatis
405 3328 605 3393 armamentis
615 3327 792 3404 veniebant,
808 3324 964 3412 extemplo
979 3325 1087 3390 datum
1106 3341 1139 3389 10

80 3444 101 3488 n
116 3424 256 3511 speculis·
270 3425 396 3511 signum
414 3433 445 3489 et
462 3423 496 3488 i'n
509 3423 629 3509 oppido.
639 3422 681 3487 ad
693 3444 780 3487 arma
793 3421 1022 3486 conclamatum
1040 3431 1088 3486 est

81 3519 135 3584 tin
151 3541 251 3586 naves
269 3538 486 3584 conscensum.
513 3540 587 3602 pars
600 3517 734 3582 militum
747 3517 780 3581 in
797 3514 896 3581 muris
913 3524 1088 3601 portarum-

81 3636 117 3678 ue
135 3615 169 3680 in
192 3613 394 3692 stationibus,
421 3636 495 3699 pars
518 3613 552 3677 in
572 3611 706 3678 navibus
730 3619 827 3676 erant.
867 3620 899 3677 et
921 3608 1088 3696 Carthagi·
1106 3626 1138 3674 11
1255 3600 1259 3611 ¹

80 3708 194 3788 ienses,
227 3709 395 3794 quierem
421 3707 488 3775 fore
517 3708 595 3774 haut
625 3729 697 3772 cum
728 3706 877 3793 inparatis
909 3703 1086 3784 cernebant,
1114 3705 1117 3708 ”

80 3827 152 3890 sque
181 3804 224 3871 ad
244 3804 349 3870 lucem
371 3813 463 3890 portu
487 3825 521 3870 se
543 3803 774 3880 abstinuerunt,
802 3799 963 3866 demendis
987 3822 1088 3879 arma7

80 3903 165 3967 tentis
181 3922 220 3966 eo
235 3908 374 3986 tempore
388 3900 585 3986 aptandaque
595 3898 636 3963 ad
644 3919 785 3984 pugnam
794 3895 895 3962 classe
909 3894 1086 3982 absumpto.

80 3995 103 4062 ri
119 3993 254 4072 inluxit,
273 4016 418 4081 recepere
436 3994 570 4060 classem
583 3994 616 4058 in
630 3992 741 4070 altum,
760 4001 796 4057 ut
810 3991 947 4078 spatium
960 4012 1086 4079 pugnae
1105 4008 1139 4056 12
