2528 4514
318 250 435 307 manu
452 250 633 323 xxv,5.e
653 251 807 322 [acam]
1015 238 1082 305 219

86 420 167 479 atus
195 407 354 477 absistere
380 432 435 475 eos
458 409 583 496 incepto
609 410 709 475 vetuit
730 420 762 476 et
787 410 966 476 triumviros
989 409 1080 477 binos
1099 434 1115 481 e

86 504 265 582 mliussit,
293 503 408 569 alteros
427 505 482 589 qui
499 505 591 583 citra,
619 504 733 571 alteros
755 506 811 589 qui
827 506 910 570 ultra
927 505 1081 590 quinqua-

86 600 221 669 mdmum
234 598 373 685 lapidem
386 600 420 663 in
432 600 524 685 pagis
538 599 679 684 forisque
690 610 722 665 et
731 600 945 666 conciliabulis
954 623 1081 666 omnem
1168 630 1171 635 ·

86 696 164 785 q'nm
179 696 393 783 ingenuorum
415 696 605 781 inspicerent
627 705 659 760 et
680 696 708 761 si
730 696 785 780 qui
805 695 927 761 roboris
945 695 1021 760 satis
1038 695 1080 761 ad
1100 716 1115 764 t

86 790 172 857 rende
187 812 278 855 arma
295 788 412 854 habere
430 789 624 868 viderentur,
652 789 776 854 etiamsi
797 790 938 854 nondum
955 789 1082 853 militari

86 892 145 951 late
161 894 284 962 essent,
304 883 419 949 milites
436 882 585 948 facerent
630 882 881 969 tribuniplebis,
904 884 932 948 si
948 886 977 948 ls
995 883 1081 948 vide-
1100 904 1116 951 8

86 986 142 1058 tur,
164 978 205 1043 ad
222 978 377 1063 populum
395 977 528 1055 ferrent,
551 987 600 1055 ut,
623 978 677 1061 qui
694 977 832 1042 minores
851 978 1081 1062 septemdecem

86 1070 135 1137 nis
152 1082 349 1138 sacramento
368 1071 532 1149 dixissent,
550 1071 589 1135 iis
607 1070 737 1157 perinde
756 1070 913 1156 stipendia
928 1072 1082 1157 procede-

86 1174 167 1247 ’μω
183 1166 212 1231 si
231 1165 463 1251 septemdecem
481 1188 635 1230 annorum
653 1175 708 1230 aut
725 1166 860 1230 maiores
874 1166 988 1229 milites
1005 1166 1081 1230 facti

86 1262 157 1339 emt
192 1282 235 1326 ex
251 1260 313 1325 hoc
332 1270 460 1325 senatus
479 1261 623 1325 consulto
641 1260 738 1325 creati
752 1260 906 1324 triumviri
923 1258 990 1324 bini
1007 1281 1081 1324 con·
1100 1280 1115 1327 9

86 1352 243 1433 fillonem
260 1355 471 1440 ingenuorum
489 1377 546 1440 per
564 1376 657 1440 agros
677 1353 864 1419 habuerunt.

86 1444 234 1527 ,todem
256 1458 396 1533 tempore
419 1470 460 1513 ex
484 1447 594 1513 Sicilia
615 1447 737 1511 litterae
754 1446 858 1511 Marci
875 1446 1021 1511 Marcelli
1041 1448 1081 1512 de
1101 1468 1133 1515 ιο

99 1618 102 1623 ,
180 1542 188 1558 ”
226 1542 377 1619 militum,
396 1544 452 1625 qui
470 1563 542 1607 cum
560 1541 599 1607 P.
614 1541 755 1607 Lentulo
772 1541 963 1619 militabant,
981 1541 1015 1605 in
1032 1563 1083 1607 se·

110 1630 114 1635 ’
146 1637 289 1701 recitatae
313 1646 396 1700 sunt.
434 1635 612 1702 Cannensis
634 1636 785 1720 reliquiae
803 1635 901 1701 cladis
923 1636 1132 1702 hicexer-11

148 1741 223 1809 emt,
240 1731 399 1817 relegatus
417 1731 450 1795 in
461 1729 617 1808 Siciliam,
637 1731 720 1795 sicut
737 1741 809 1795 ante
827 1730 946 1795 dictum
964 1740 1021 1808 est,
1041 1752 1080 1795 ne

142 1822 246 1889 Punici
264 1824 339 1890 belli
356 1825 451 1889 finem
469 1824 503 1888 in
520 1824 645 1889 Italiam
662 1834 904 1910 reportarentur.

106 1912 171 1989 ll,
202 1917 249 1983 Hi
267 1919 425 2004 permissu
441 1918 573 1983 Lentuli
595 1920 748 2005 primores
767 1919 907 2002 equitum
926 1917 1114 1985 centurio-1

108 2088 111 2094 ¹
196 2023 227 2077 et
238 2011 353 2078 robora
368 2034 407 2077 ex
420 2011 597 2099 legionibus
611 2014 753 2098 peditum
766 2012 888 2099 legatos
901 2013 935 2076 in
950 2011 1082 2077 hiberna

102 2184 106 2194 Ι
130 2098 356 2171 [Marcellum
379 2107 546 2184 miserunt,
573 2106 728 2189 equibus
752 2129 834 2171 unus
857 2115 1012 2190 potestate
1033 2105 1082 2170 di·

162 2196 250 2265 lecta:
280 2202 456 2267 ‘consulem
473 2212 520 2279 te,
546 2199 595 2264 M.
613 2199 781 2277 Marcelle,
802 2200 836 2264 in
854 2199 979 2263 Italiam
997 2200 1115 2268 adis-2

85 2293 178 2369 Ἢ,
194 2316 266 2361 cum
292 2295 428 2380 primum
455 2296 494 2360 de
521 2294 613 2360 nobis
640 2295 700 2359 etsi
721 2316 785 2358 non
807 2294 965 2376 iniquum,
997 2302 1080 2358 certe

100 2376 125 2461 ,⁸
163 2399 274 2454 matus
292 2390 471 2453 consultum
484 2390 605 2454 factum
622 2398 684 2466 est,
703 2388 765 2452 nisi
778 2388 839 2452 hoc
852 2408 1079 2472 sperassemus,

122 2480 287 2561 romeiam
305 2505 364 2547 nos
382 2493 483 2548 morte
500 2506 613 2570 regum
627 2482 786 2548 turbatam
799 2482 840 2546 ad
852 2502 949 2567 grave
963 2480 1080 2545 bellum

85 2564 197 2643 flletus
215 2575 342 2644 Siculos
367 2578 460 2642 simul
478 2577 668 2662 Poenosque
690 2577 773 2642 mitti
796 2586 828 2641 et
849 2575 1003 2662 sanguine
1023 2596 1116 2643 noa

85 2666 131 2757 {lt
145 2674 381 2760 vulneribusque
407 2697 466 2739 nos
494 2675 618 2739 senatui
645 2673 861 2761 satisfacturos
884 2693 969 2749 esse,
1001 2671 1082 2737 sicut

84 2752 172 2840 ΠΜ
184 2770 336 2834 memoria
358 2770 414 2854 qui
436 2769 520 2854 capti
542 2792 562 2833 a
578 2768 703 2854 Pyrrho
725 2768 768 2832 ad
783 2766 974 2831 Heracleam
992 2775 1081 2831 erant

84 2846 194 2931 *nus
207 2863 368 2949 Pyrrhum
385 2864 490 2948 ipsum
507 2872 686 2950 pugnantes
706 2861 935 2927 satisfecerunt.
970 2882 1082 2944 quam-
1098 2879 1115 2926 4

84 2952 147 3036 hl
158 2959 241 3042 quod
259 2957 300 3023 ob
314 2958 461 3022 meritum
474 2968 618 3022 nostrum
632 2956 865 3034 suscensuistis,
884 2964 989 3040 patres
1006 2976 1081 3020 con-

84 3044 166 3133 tlpb',
192 3051 286 3116 nobis
313 3062 368 3117 aut
394 3052 609 3117 suscensetis?
652 3050 747 3116 ambo
772 3049 851 3115 mihi
877 3048 1022 3113 consules
1049 3058 1114 3112 ete

84 3140 226 3213 Eversum
246 3157 391 3211 senatum
408 3147 523 3211 intueri
539 3147 663 3224 videor,
682 3168 755 3211 cum
772 3155 818 3222 te,
840 3142 1006 3218 Marcelle,
1032 3140 1080 3204 in-

84 3250 148 3317 Uur,
165 3263 262 3325 quem
280 3240 308 3304 si
325 3240 366 3304 ad
385 3238 514 3306 Cannas
533 3239 695 3304 consulem
712 3238 948 3313 habuissemus,
972 3234 1082 3299 melior

84 3333 147 3399 lai
170 3335 318 3421 publicae
346 3343 377 3398 et
401 3343 508 3399 nostra
535 3334 662 3398 fortuna
687 3343 780 3400 esset
834 3331 916 3408 sine,
951 3350 1079 3413 quaes0,
1099 3346 1115 3393 6

84 3422 229 3513 n'usquam
247 3429 287 3494 de
305 3428 488 3493 condicione
506 3438 614 3493 nostra
631 3448 758 3512 queror,
785 3448 901 3490 noxam
924 3424 1013 3488 cuius
1032 3446 1081 3488 ar·

84 3519 170 3588 timur
197 3545 256 3588 nos
282 3544 427 3609 purgare.
474 3521 501 3586 si
527 3543 591 3586 non
616 3522 712 3586 deum
733 3522 780 3585 ira
801 3539 860 3583 nec
882 3518 962 3595 fato,
990 3517 1080 3581 cuius

84 3636 116 3700 gc
131 3615 303 3681 immobilis
321 3637 426 3681 rerum
443 3614 652 3679 humanarum
671 3615 747 3680 ordo
767 3614 893 3690 seritur,
914 3612 971 3676 sed
988 3610 1081 3694 culpa

84 3710 195 3776 eiimus
208 3711 251 3775 ad
262 3709 406 3788 Cannas,
425 3710 514 3774 cuius
532 3710 660 3774 tandem
678 3730 715 3773 ea
733 3708 826 3793 culpa
842 3705 921 3770 fuit?
946 3704 1081 3769 militum

99 3806 350 3893 imperatorum?
385 3805 530 3888 equidem
548 3804 640 3868 miles
657 3803 736 3866 nihil
752 3823 903 3885 umquam
920 3799 1022 3864 dicam
1040 3798 1080 3862 de
1099 3818 1115 3865 ⁷

83 3911 232 3988 peratore
253 3921 339 3976 meo,
368 3899 418 3964 cui
440 3898 625 3984 praesertim
647 3897 764 3982 gratias
788 3895 885 3959 sciam
907 3892 947 3957 ab
970 3902 1082 3957 senatu

83 4019 142 4074 as,
171 3994 259 4079 quod
276 4015 340 4059 non
358 3992 571 4078 desperaverit
592 3992 684 4056 dere
705 3988 846 4076 publica,
873 3986 924 4053 cui
941 3997 1014 4073 post
1030 3986 1082 4050 fu-
