2528 4514
137 242 201 307 498
399 246 518 303 LIBER
534 244 633 314 XXX,
651 243 693 298 15.
713 246 788 312 [nn.
798 259 821 297 e.
831 242 896 311 551]

106 432 119 480 1
202 409 281 476 XV.
332 404 525 470 Masinissae
556 402 635 467 haec
665 400 804 465 audienti
839 422 906 466 non
935 400 1032 466 rubor
1064 398 1145 466 solun

140 503 295 579 suffusus,
319 500 377 565 sed
398 496 545 563 lacrimae
563 495 658 560 etiam
676 495 818 573 obortae3
846 505 972 559 etcum
989 494 1146 580 sequidem

138 599 172 662 in
188 604 345 682 potestate
363 593 504 656 firturum
520 588 717 675 imperatoris
735 587 869 653 dixisset
885 599 1070 674 orassetque
1081 612 1145 667 eun,

140 701 176 754 ut
192 697 343 772 quantum
359 708 411 750 res
430 684 546 749 sineret
566 682 641 747 fidei
663 704 740 747 suae
762 693 880 747 temere
903 683 1071 749 obstrictae
1089 703 1147 748 con·

108 806 123 853 a
143 784 260 849 suleret
275 818 302 829 -
317 779 501 866 promisisse
524 777 608 843 enim
634 799 669 842 se
690 776 724 840 in
745 777 863 842 nullius
885 788 1075 864 potestatem
1091 800 1144 844 ean

142 875 328 942 traditurum
344 911 384 952 —,
412 895 452 938 ex
478 870 634 959 praetorio
660 870 693 935 in
720 871 959 936 tabernaculum
982 894 1073 937 suum
1088 893 1145 937 con-

111 993 125 1040 3
144 971 234 1034 fusus
258 966 423 1033 concessit.
467 966 512 1030 ibi
538 963 661 1030 arbitris
683 965 812 1031 remotis
836 986 910 1031 cum
935 966 1047 1033 crebro
1066 966 1147 1053 suspi-

142 1064 205 1128 ritu
227 1071 259 1126 et
280 1061 415 1147 gemitu,
442 1060 528 1143 quod
549 1059 642 1123 facile
665 1059 705 1123 ab
727 1059 1005 1126 circumstantibus
1026 1062 1147 1127 abens

109 1180 125 1227 4
143 1156 249 1222 culum
267 1153 408 1220 exaudiri
424 1163 547 1240 posset,
575 1152 770 1237 aliquantum
787 1154 939 1241 temporis
957 1154 1150 1242 consumpsis-

144 1263 207 1329 set,
232 1249 353 1335 ingenti
376 1248 417 1312 ad
441 1257 637 1334 postremum
659 1248 746 1312 edito
765 1247 886 1334 gemitu
908 1249 1010 1314 lidum
1031 1272 1048 1315 e
1068 1248 1149 1314 servis

143 1355 249 1422 vocat,
273 1344 332 1408 sub
351 1342 438 1407 cuius
457 1342 601 1407 custodia
617 1341 706 1427 regio
722 1364 811 1407 more
830 1342 871 1407 ad
888 1342 1013 1409 incerta
1028 1343 1149 1409 fortunae

143 1460 301 1504 venenum
318 1447 398 1513 erat,
418 1447 450 1500 et
466 1436 600 1500 mixtum
616 1436 649 1500 in
666 1436 780 1521 poculo
796 1436 880 1501 ferre
897 1436 939 1501 ad
954 1434 1148 1524 Sophonibsn
1168 1462 1171 1467 ·

110 1555 125 1600 s
144 1532 231 1597 iubet
252 1553 290 1596 ac
311 1531 405 1595 simul
422 1530 581 1608 nuntiare,
607 1529 816 1595 Masinissam
833 1529 970 1596 libenter
991 1528 1150 1619 primatui¹

143 1626 240 1691 fidem
268 1635 502 1711 praestaturum
532 1624 650 1701 fuisse,
686 1646 781 1708 quam
811 1625 859 1689 vir
891 1626 985 1691 uxori
1015 1623 1160 1691 debueriti-

144 1719 293 1803 quoniam
314 1719 382 1784 eius
405 1718 567 1783 arbitrium
588 1718 643 1802 qui
664 1718 788 1804 possint
813 1718 969 1798 adimant,
1002 1719 1148 1786 secsmdan
1184 1784 1189 1799 ,,

143 1814 239 1878 fidem
260 1823 436 1899 praestare,
463 1835 504 1877 ne
526 1813 600 1878 viva
620 1812 653 1876 in
674 1822 864 1898 potestatem
882 1813 1094 1880 Romanorum
1106 1832 1146 1877 sc·
1183 1808 1189 1817 ”

112 1907 219 1974 anian
263 1928 384 1970 memor
409 1906 522 1992 patris,
549 1902 746 1991 imperatoris
772 1907 959 1993 patriaeque
986 1919 1019 1975 et
1039 1910 1143 1974 duorum

144 2023 269 2086 regum,
292 2000 406 2084 quibus
424 2011 524 2086 nupta
540 2001 667 2079 fuisset,
691 2001 839 2088 sibiipsa
855 2004 1046 2070 consuleret.
1083 2003 1144 2067 lun

144 2094 288 2158 nuntium
311 2116 348 2158 ac
371 2093 464 2158 simul
484 2117 642 2160 venenum
664 2095 770 2160 ferens
792 2095 936 2162 minister
959 2120 1032 2163 cum
1051 2096 1088 2163 ad
1101 2093 1143 2160 So

113 2210 125 2256 7
143 2188 316 2275 phonibam
333 2189 486 2267 venisset,
506 2189 654 2274 ‘accipio’
672 2190 775 2274 inquit
792 2191 950 2276 ‘nuptiale
968 2215 1091 2269 munus,
1104 2211 1142 2254 ne
1177 2236 1189 2275 ,-

145 2305 205 2367 que
223 2283 395 2368 ingratum,
427 2283 454 2349 si
475 2284 552 2348 nihil
574 2284 676 2348 maius
694 2284 742 2348 vir
763 2285 854 2349 uxori
876 2297 1040 2371 praestare
1055 2283 1143 2372 potuit:
1178 2276 1189 2294 ⁴

144 2376 205 2442 hoe
226 2389 331 2443 tamen
353 2379 476 2455 nuntia,
505 2378 617 2443 melius
640 2402 691 2444 me
713 2379 897 2444 morituram
920 2381 1037 2459 fuisse,
1062 2379 1143 2446 unct
1182 2445 1189 2451 .

111 2489 125 2536 8
144 2471 177 2535 in
194 2471 304 2536 funere
322 2495 393 2537 meo
411 2471 610 2557 nupsissem.'
651 2495 715 2537 non
732 2473 837 2538 locuta
854 2485 904 2539 est
920 2474 1058 2540 ferocius
1075 2492 1143 2558 quw
1183 2476 1189 2484 “

145 2576 308 2651 acceptum
334 2566 482 2651 poculum
508 2566 593 2631 nullo
620 2566 837 2652 trepidationis
866 2569 961 2654 signo
989 2570 1061 2634 dato
1080 2568 1144 2653 inps·
1181 2634 1189 2645 ,

111 2659 216 2723 avide
238 2659 353 2724 hausit.
398 2661 482 2744 quod
503 2660 558 2724 ubi
583 2662 760 2726 nuntiatum
781 2673 831 2727 est
849 2660 1009 2748 Scipioni,
1036 2656 1144 2746 nequii
1181 2662 1189 2674 ⁴

144 2774 240 2837 aeger
266 2753 362 2817 animi
387 2755 477 2820 ferox
502 2754 625 2820 iuvenis
652 2756 779 2842 gravius
807 2758 1003 2836 consuleret,
1040 2757 1145 2822 accitum
1184 2762 1189 2771 '

94 2863 126 2909 10
144 2867 216 2906 eum
234 2846 391 2930 extemplo
409 2870 493 2912 nunc
511 2848 643 2926 solatur,
670 2871 768 2927 nunc,
795 2850 881 2934 quod
898 2853 1103 2917 temeritatem
1115 2859 1146 2912 te-

144 2937 286 3002 meritate
314 2938 375 3003 alia
400 2940 507 3020 luerit,
543 2943 774 3027 tristioremque
799 2967 881 3021 rem,
918 2966 1017 3028 quam
1043 2960 1147 3009 necesse
1184 2944 1186 2949 ’

95 3051 123 3096 11
145 3031 251 3108 fuerit,
279 3033 401 3112 feeerit,
429 3035 540 3101 leniter
562 3038 705 3122 castigat.
748 3051 876 3123 postero
899 3039 968 3118 die,
994 3052 1030 3104 ut
1047 3057 1148 3125 apres-

145 3125 226 3190 senti
253 3139 341 3192 motu
368 3142 521 3195 averteret
544 3132 683 3195 animum
705 3132 786 3209 eins,
813 3132 847 3195 in
870 3133 1012 3198 tribunal
1034 3128 1147 3199 escendit

144 3230 175 3282 et
202 3220 379 3285 contionem
407 3224 553 3288 advocari
578 3224 680 3290 iussit.
724 3225 768 3290 ibi
784 3225 1012 3306 Masinissam,
1039 3227 1147 3314 primm

143 3335 252 3398 regem
279 3315 470 3399 appellatum
497 3317 682 3401 eximiisque
709 3329 854 3384 ornatum
881 3321 1048 3400 laudibus,
1078 3336 1148 3385 aurat

144 3427 273 3484 corona,
310 3432 404 3474 aurea
429 3422 551 3495 patera,
588 3413 666 3477 sella
692 3413 792 3476 curuli
819 3426 850 3478 et
878 3415 1022 3500 scipione
1044 3416 1148 3483 eburno

94 3519 125 3565 12
144 3511 219 3585 toga
240 3502 325 3586 picta
347 3513 377 3567 et
399 3505 538 3589 palmata
560 3507 666 3571 tunica
688 3507 792 3572 donat.
838 3508 927 3572 addit
951 3510 1056 3574 verbis
1073 3509 1149 3572 hom·

142 3616 224 3658 rem:
251 3618 352 3678 neque
371 3598 620 3683 magnificentius
640 3600 807 3683 quicquam
824 3601 987 3688 triumpho
1006 3602 1088 3689 apud
1102 3599 1150 3665 Ro

142 3709 253 3752 manos
277 3711 378 3773 neque
400 3691 664 3777 triumphantibus
689 3695 874 3780 ampliorem
896 3717 936 3760 eo
960 3708 1072 3763 ornatu
1088 3711 1150 3763 esst

143 3803 205 3863 quo
228 3805 325 3846 unum
348 3785 487 3848 oinnium
510 3797 712 3853 externorum
734 3789 865 3874 dignum
883 3788 1093 3855 Masinissam
1109 3805 1148 3873 pt

93 3893 122 3940 13
142 3876 235 3959 pulus
253 3876 416 3942 Romanus
444 3880 547 3944 ducat.
591 3881 738 3946 Laelium
765 3882 880 3947 deinde
907 3895 941 3948 et
966 3884 1072 3970 ipsum
1095 3899 1151 3945 coc·

141 3966 302 4032 laudatum
320 3994 415 4036 aurea
434 3994 550 4039 corona
563 3974 668 4040 donat.
705 3988 736 4040 et
750 3975 806 4042 alii¹
820 3976 974 4042 militares
988 3977 1061 4055 viri,
1077 3980 1152 4062 prout
