2528 4514
133 234 206 301 -336
356 242 474 299 LIBER
492 241 620 312 XXVII,
639 240 737 296 10.11.
758 244 795 310 [a
806 240 943 311 nablb]

142 416 174 471 et
195 402 362 469 Aesernini
388 410 420 467 et
442 397 596 485 Spoletini
622 408 654 463 et
673 397 850 465 Placentini
875 406 910 465 et
931 396 1141 471 Cremonenses

108 520 123 569 s
142 500 254 567 harum
270 496 462 565 coloniarum
480 493 621 563 subsidio
638 503 705 563 tum
721 493 889 579 imperium
911 494 1025 580 populi
1038 493 1143 567 Md

144 595 230 661 stetit
252 593 355 677 iisque
380 591 499 678 gratiae
525 592 559 655 in
585 599 696 656 senatu
725 599 757 657 et
782 591 869 676 apud
894 590 1051 676 populum
1072 600 1142 657 eolat

94 707 126 755 ιο
142 687 309 754 duodecim
334 685 464 752 aliarum
490 684 695 760 coloniarum,
727 704 809 767 quae
834 684 1086 759 delrettwofflel
1103 685 1142 749 im

142 782 278 868 perium,
313 779 503 845 mentionem
535 778 604 845 fieri
636 786 741 864 patres
771 787 948 851 adtremat,
972 798 1072 864 neque
1093 774 1142 851 illos

143 875 257 941 dimitti
281 895 383 957 neque
408 873 533 939 retineri
553 894 655 956 neque
677 871 828 958 appellari
852 896 875 941 a
899 868 1085 945 oonsrdibua
1113 892 1141 937 ea

143 969 239 1034 tacita
271 966 435 1054 cutiam
471 966 605 1033 maxim
637 987 677 1031 ex
711 966 864 1053 dignitato
898 968 1014 1054 populi
1041 964 1139 1035 maai

143 1062 213 1128 visa
230 1072 287 1128 est.

94 1178 123 1224 11
208 1155 322 1223 Cetera
339 1152 576 1240 expedientibus
594 1174 674 1238 quae
691 1153 734 1221 ed
750 1153 870 1227 bellura
890 1177 975 1240 opus
993 1163 1075 1227 erant
1089 1174 1137 1225 aaa

144 1251 266 1317 sulrbus
289 1273 399 1317 aurum
428 1248 673 1326 uicesimarium,
700 1248 785 1332 qnod
809 1248 845 1317 in
871 1250 1031 1323 sedatiore
1052 1244 1135 1319 send
1166 1263 1168 1271 ⁴

93 1365 125 1412 12
143 1345 185 1411 ad
200 1345 327 1410 ultimos
345 1364 437 1409 oasus
456 1341 653 1420 servabatur,
679 1342 782 1427 promi
797 1342 928 1428 plaeuit.
973 1338 1132 1430 prompbsl
1167 1396 1169 1405 r

143 1450 290 1524 quattuor
313 1437 400 1504 milia
424 1437 529 1522 pondo
555 1436 631 1501 auri
683 1436 757 1503 inde
782 1437 945 1525 quingena
970 1437 1069 1524 pondo
1087 1435 1138 1505 (Μ
1164 1432 1167 1440 Α

143 1533 325 1599 oonsulibus
342 1540 374 1597 et
389 1530 438 1597 Μ.
451 1529 604 1596 Marcello
621 1539 653 1595 et
668 1529 708 1597 P.
724 1528 865 1616 Sulpicio
883 1531 1129 1617 prooonsrdibutd

143 1628 184 1693 L.
194 1626 325 1693 Veturio
343 1625 491 1712 praetori,
510 1625 564 1709 qui
583 1622 719 1691 Galbam
736 1626 932 1710 provinciam
950 1636 1017 1695 erat
1031 1624 1126 1729 σαψ
1155 1632 1169 1667 ’-

93 1740 125 1788 rs
144 1720 347 1804 additumque
376 1719 476 1787 Fabio
507 1719 628 1785 eonsuli
657 1728 783 1787 eentum
811 1721 918 1806 ponda
953 1721 1021 1789 auri
1048 1736 1127 1806 preti·
1158 1755 1169 1763 ·

130 1838 257 1900 -puum,
283 1815 368 1898 quod
390 1814 423 1879 in
440 1836 544 1880 arcem
562 1813 764 1881 Tarentinam
785 1824 975 1900 portaretun
1001 1804 1126 1883 eamd
1165 1848 1169 1869 ι

145 1919 218 1973 sunt
244 1909 285 1974 ad
306 1908 491 1977 vestimenta
515 1909 673 1993 praesenti
693 1908 828 1993 pecunia
852 1909 988 1977 locanda
1010 1900 1124 1979 asold

144 2001 199 2086 qui
233 2001 267 2066 in
291 2001 448 2088 Hispania
481 2002 598 2069 bellum
633 2002 771 2071 secunda
805 2026 865 2071 sua
899 2003 987 2071 fama
1017 2001 1123 2083 dudm
1155 2024 1169 2083 q

146 2095 283 2162 verebat.
1159 2116 1169 2156 2

112 2148 166 2256 1⁶
208 2189 273 2255 XI.
315 2189 466 2277 Prodigia
490 2211 628 2274 quoque,
655 2191 838 2277 priusquam
863 2190 904 2257 ab
926 2191 1004 2261 urba
1023 2183 1123 2257 sontdfl

109 2305 126 2352 2
145 2284 422 2371 proficiscerentur,
439 2285 599 2369 procurari
615 2284 741 2370 placuit.
777 2283 948 2353 inAlbano
964 2294 1062 2353 monte
1074 2286 1124 2349 art

143 2379 183 2444 de
204 2379 294 2445 eaelo
313 2387 401 2445 erant
423 2379 549 2464 signum
565 2379 650 2445 Iovis
673 2379 825 2463 arborque
846 2381 965 2465 templo
986 2377 1123 2469 propinq*
1167 2420 1169 2425 -

143 2482 174 2538 et
193 2470 305 2540 Ostiae
319 2472 422 2550 heus,
450 2482 481 2538 et
500 2470 630 2557 Capuae
646 2495 754 2539 murus
773 2473 994 2558 Fortunaeque
1010 2470 1125 2545 aeditrd

107 2587 125 2634 a
144 2565 315 2632 Sinuessae
336 2589 445 2631 murus
467 2575 632 2651 portaque:
657 2565 736 2633 haee
757 2566 798 2633 de
819 2567 908 2634 eaelo
924 2577 1017 2635 taeta
1055 2578 1125 2631 aa*

129 2668 207 2723 -tam
241 2660 334 2725 etiam
368 2658 498 2725 fluxisse
533 2681 648 2743 aquam
672 2657 832 2725 Albanam
867 2660 998 2745 quidam
1025 2666 1125 2727 auom

144 2762 244 2818 erant:
271 2765 302 2817 et
322 2753 444 2818 Romae
464 2754 549 2819 intus
572 2753 684 2819 oellam
709 2754 796 2819 aedis
817 2753 923 2821 Fortis
945 2744 1126 2825 Fortunati·
1158 2748 1168 2789 '¹

144 2846 245 2931 eapite
270 2846 409 2933 signum,
437 2849 522 2931 qnod
547 2848 580 2912 in
602 2869 717 2913 corona
742 2857 821 2927 erat,
848 2849 882 2914 in
903 2872 1032 2917 manum
1054 2848 1128 2934 sps*
1165 2884 1169 2893 .

107 2960 126 3006 4
144 2962 202 3004 sua
218 2941 412 3026 prolapsum3
447 2952 479 3006 et
499 2941 643 3006 Priverni
665 2942 740 3007 satis
763 2941 929 3009 constabat
950 2943 1060 3010 bovem
1076 2941 1129 3005 loe

143 3044 224 3111 tum,
250 3035 480 3119 volturiumque
497 3036 652 3120 frequenti
673 3035 743 3101 foro
759 3035 792 3100 in
815 3035 980 3103 tabernam
996 3034 1129 3105 devolant

143 3137 175 3192 et
197 3126 369 3194 Sinuessae
395 3140 504 3194 natum
530 3129 678 3216 ambiguo
703 3129 786 3195 inter
812 3153 933 3196 marem
960 3155 998 3199 ae
1022 3129 1131 3197 frana

109 3244 125 3290 o
143 3246 222 3288 sexu
238 3223 404 3301 infantem,
423 3246 501 3308 quos
520 3224 720 3311 androgynos
738 3224 866 3312 volgus,
884 3235 920 3291 ut
938 3217 1132 3313 pleraqualt·

143 3317 247 3382 oiliore
265 3317 306 3382 ad
324 3318 512 3403 duplicanda
528 3317 625 3383 verba
643 3316 766 3384 Graeoo
784 3341 944 3400 sermone,
968 3316 1132 3409 appellebd
1164 3350 1169 3411 3

107 3429 125 3476 s
143 3411 223 3474 laete
241 3411 395 3496 pluvisse,
414 3422 534 3477 etcum
552 3412 709 3499 elephanti
727 3414 828 3500 eapite
840 3437 978 3500 puerum
990 3424 1134 3483 naun·

142 3507 286 3592 prodigia
306 3507 416 3572 hostiis
443 3508 612 3573 maioribus
634 3519 801 3594 procurata
822 3519 854 3574 et
880 3511 1066 3597 supplieatio
1082 3506 1135 3573 dtu

142 3601 249 3666 omnia
264 3602 452 3687 pulvinaria,
471 3603 645 3670 obsecratio
666 3605 700 3668 in
716 3627 815 3669 uuum
832 3604 916 3670 diem
934 3606 1053 3672 indiota
1067 3598 1136 3669 etta·

143 3705 276 3774 eretum,
303 3707 338 3761 ut
357 3696 394 3762 O.
413 3697 568 3763 Hostilius
591 3709 716 3785 praetor
736 3700 828 3765 ludos
844 3699 1005 3786 Apollini,
1031 3690 1136 3769 dentis

143 3789 233 3854 annis
250 3790 316 3855 voti
333 3791 469 3875 factique
487 3802 588 3870 erant,
607 3802 736 3860 voveret
752 3794 944 3879 sederetque.

111 3899 125 3943 7
206 3882 269 3947 Per
286 3907 339 3950 eos
358 3886 424 3952 dies
444 3895 475 3952 et
492 3887 674 3955 censoribus
692 3888 835 3955 creandis
853 3887 894 3972 Q.
909 3888 1044 3957 Fulvius
1059 3872 1139 3953 eund

144 3976 268 4042 eomitia
284 3978 402 4047 habuit.
446 3983 542 4048 creati
559 4005 718 4061 censores,
745 3984 840 4051 ambo
861 3984 918 4068 qui
938 3984 1076 4053 nondum
1088 3994 1139 4045 ω*
