2528 4514
144 249 208 313 340
366 257 484 312 ιιιιι
501 256 630 327 xxvn,
649 256 691 309 13.
708 254 750 308 ιι.
771 254 955 326 [sassa]

142 441 226 495 rum,
249 438 381 501 quorum
400 415 491 501 signa
508 415 626 480 amissa
642 411 781 491 fuerant,
805 412 964 479 destrictis
982 412 1088 500 gladiis
1102 415 1145 480 dia

142 511 260 576 cinctos
287 509 414 574 destitui
439 508 532 572 iussit
557 516 589 572 et
613 515 649 570 ut
674 515 800 591 postero
827 507 879 571 die
901 529 1028 584 omnes,
1055 509 1145 591 equita

93 627 126 674 10
142 605 278 690 pedites,
297 602 408 667 armati
426 601 573 667 adessent
591 601 696 666 edixit.
741 600 785 664 ita
802 601 908 666 contio
926 601 1058 668 dimissa
1072 602 1145 667 latua

143 699 236 776 tium,
262 698 329 762 inre
348 719 384 761 ac
402 696 512 760 merito
532 717 601 760 sese
622 695 790 786 increpitos
808 717 913 780 neque
934 696 992 762 illo
1010 697 1059 762 die
1073 697 1145 763 ιὶιιιι

143 814 333 876 quemquam
354 792 388 854 in
410 791 476 855 acie
494 791 639 855 Romana
660 789 760 856 fuisse
785 801 911 875 practer
932 815 1035 857 unum
1054 792 1145 871 ducen,

143 886 195 950 cui
216 896 270 951 aut
291 893 390 952 morte
418 885 675 951 satisfaciendum
702 895 757 949 aut
779 885 909 972 egregia
931 886 1063 952 victoria
1078 895 1144 951 aret

93 1002 124 1049 11
143 989 269 1066 postero
296 980 346 1044 die
373 980 474 1044 ornati
500 980 672 1063 armatique
698 981 739 1044 ad
765 980 905 1045 edictum
931 981 1069 1046 aderant
1104 981 1145 1044 in·

142 1084 267 1159 perator
284 1097 338 1140 eos
357 1073 524 1139 conlaudat
511 1074 798 1159 tpronuntiatque,
817 1074 976 1158 aquibus
996 1087 1061 1141 orta
1075 1073 1145 1184 ptidr

143 1169 221 1254 suga
247 1179 331 1232 esset
357 1167 581 1251 cohortesque,
617 1189 698 1252 quae
725 1168 816 1253 signa
846 1168 1048 1248 amisissent,
1079 1168 1145 1245 seh,

93 1290 124 1338 12
142 1262 274 1347 primam
301 1262 400 1327 aciem
426 1261 643 1325 inducturum:
679 1261 836 1326 edicere
826 1284 891 1326 ram
913 1285 1001 1342 sese,
1032 1285 1090 1328 ou·
1109 1293 1139 1324 a.

142 1355 348 1441 pugnandum
374 1377 412 1419 ac
437 1355 626 1419 vincendum
653 1376 724 1420 esse
754 1365 786 1419 et
773 1356 1067 1422 tadnitendum
1043 1380 1139 1433 sug«)

142 1449 374 1533 universisque,
402 1471 442 1513 ne
465 1449 553 1534 prius
579 1449 743 1514 hesternae
765 1449 862 1536 fugae
884 1473 984 1534 quam
1009 1450 1086 1515 hodi

95 1563 126 1613 ιι
144 1542 292 1607 victoriae
314 1542 401 1607 sama
416 1542 553 1607 Romam
575 1543 746 1628 perveniat.
789 1544 864 1609 inde
887 1544 961 1611 cibo
978 1567 1112 1630 corpora

142 1658 229 1701 mare
245 1636 338 1715 iussi,
356 1646 405 1714 ut,
424 1659 453 1702 ιι
442 1636 592 1722 longior
608 1659 716 1722 pugna
733 1647 832 1716 esset,
805 1638 972 1704 tviribus
987 1639 1085 1704 suffice

143 1729 198 1795 ubi
215 1730 320 1794 omnia
338 1730 421 1795 dicta
442 1730 588 1814 factaque
611 1740 685 1796 sunt
710 1730 824 1814 quibus
848 1733 1055 1798 excitarentur
1076 1728 1106 1787 ι’)

142 1823 318 1901 militum,
309 1847 341 1888 m
360 1825 459 1888 aciem
477 1825 1131 1909 procedunt,

111 1937 124 1983 1
206 1915 324 1981 ΧΙΙΠ.
369 1915 465 1999 Quod
483 1919 538 1984 ubi
555 1917 729 1983 Hannibali
746 1918 925 1984 nuntiatum
943 1930 1004 2004 ιιι,
1030 1925 1094 1984 ‘cun
1128 1951 1129 1954 ι

143 2009 304 2075 nimirum'
321 2010 423 2094 inquit
441 2012 545 2078 ‘hoste
561 2035 613 2077 res
631 2021 693 2089 est,
712 2012 767 2096 qui
781 2034 840 2077 nec
853 2011 972 2078 bonam
987 2035 1042 2079 neo
1058 2042 1082 2068 ι
1094 2040 1106 2057 ι’

143 2103 224 2167 serre
251 2102 408 2169 fortunam
434 2105 550 2191 possitl
587 2128 644 2171 seu
670 2106 758 2184 vicit,
784 2105 932 2172 ferociter
952 2108 1041 2173 instat
1058 2127 1126 2168 ιιιΙ

111 2218 126 2264 2
146 2219 203 2261 seu
219 2197 321 2261 victus
340 2208 400 2275 est,
423 2199 576 2264 instaurat
594 2221 667 2263 cum
684 2199 855 2265 victoribus
873 2199 1043 2265 certamen?
1072 2226 1121 2271 ι
1142 2242 1145 2267 2

143 2291 217 2355 inde
244 2313 354 2356 canere
380 2293 485 2370 iussit,
514 2295 619 2378 copias
647 2292 759 2358 educit.
816 2305 992 2380 pugnatum
1016 2317 1035 2358 u
1057 2291 1141 2346 ..ιώ

144 2386 302 2469 aliquanto
321 2408 416 2470 quam
437 2387 537 2472 pridie
555 2388 657 2452 acrius
676 2398 738 2466 est,
764 2387 884 2453 Poenis
908 2389 949 2453 ad
972 2388 1095 2453 obtines·
1133 2420 1136 2435 ι

142 2482 325 2547 hesternum
351 2483 448 2548 decus
475 2482 704 2559 adnitentibus,
740 2480 893 2548 Romanis
921 2485 962 2548 ad
987 2484 1099 2546 denen

110 2575 356 2661 aignominiam.
403 2576 528 2641 sinistra
550 2576 600 2640 ala
622 2576 662 2641 ab
684 2577 891 2642 Romaniset
878 2577 1084 2652 tcohortes,q
1088 2595 1113 2619 ι’

143 2669 311 2734 amiserant
330 2669 433 2754 signa,
460 2670 494 2733 in
511 2670 612 2754 prima
629 2671 696 2734 acie
713 2668 899 2755 pugnabant
922 2681 953 2735 ιι
969 2663 1075 2756 legio
1109 2683 1110 2686 ’
1133 2695 1135 2701 ι

110 2763 225 2826 asima
248 2761 288 2827 ab
310 2763 419 2828 dextro
442 2786 539 2829 cornu
559 2764 720 2828 instructa.
764 2763 805 2829 L
827 2763 992 2830 Cornelius
1012 2764 1099 2827 Lem
1134 2795 1139 2803 <-

144 2865 175 2918 et
194 2852 232 2918 0.
253 2854 405 2920 Claudius
422 2856 505 2922 Nero
523 2857 619 2942 legati
637 2857 783 2922 cornibus
801 2869 979 2944 praeerant,
999 2853 1094 2921 Haut
1130 2880 1136 2899 ι

110 2948 279 3014 ιιιιιᾶίιιιι
301 2950 400 3013 aciem
422 2949 525 3015 hortat
513 2960 561 3015 tor
583 2960 629 3015 tes
631 2950 733 3034 tisque
754 2973 904 3036 praesens
931 2949 1064 3016 firmabat
1107 2943 1108 2948 ’
1136 2950 1145 3011 ἰ

143 3041 324 3106 Hannibale
341 3043 480 3129 Hispani
498 3045 630 3128 primam
649 3044 831 3110 obtinebant
818 3046 997 3123 tsrontem,
1022 3051 1047 3108 ιι
1057 3035 1079 3102 tl
1137 3065 1145 3094 ι

110 3155 124 3202 6
143 3135 254 3200 boris'
245 3159 278 3199 ιιι
296 3137 380 3201 omni
399 3138 537 3202 exercitu
555 3147 629 3202 erat.
658 3160 729 3202 cum
747 3161 863 3224 anceps
881 3140 938 3203 diu
954 3159 1050 3225 pugna

144 3228 305 3294 Hannibal
332 3229 514 3315 elephantos
541 3232 574 3295 in
600 3232 733 3316 primam
759 3232 859 3297 aciem
884 3232 991 3296 induci
1010 3223 1087 3297 iussit,

111 3344 237 3406 rquem
262 3323 377 3387 inicere
404 3346 442 3388 ιι
467 3345 517 3387 ιιι
545 3324 658 3389 tumult
646 3334 712 3389 tum
739 3347 776 3390 ac
801 3347 953 3410 pavorem
977 3327 1073 3411 posset

143 3416 244 3499 primo
271 3415 435 3480 turbarunt
422 3416 552 3502 tsigna
578 3418 780 3502 ordinesque,
808 3427 839 3482 et
865 3420 980 3504 partim
1004 3437 1060 3482 occ
1078 3437 1101 3463 ι’
1138 3453 1140 3456 -

143 3510 257 3594 partim
275 3510 479 3595 dissupatist
481 3533 582 3576 errore
605 3513 659 3596 qui
681 3513 763 3577 circa
785 3523 873 3577 erant
894 3515 1070 3578 nudaverant
1088 3522 1115 3607 ἰ’
1138 3506 1140 3513 ’

109 3613 231 3690 aparte
257 3604 370 3681 aciem,
400 3605 556 3689 latiusque
582 3607 661 3692 fuga
686 3617 859 3685 manasset,
891 3607 984 3673 nio.
1005 3599 1098 3670 Dea

142 3697 261 3762 Flavus
284 3697 425 3763 tribunus
449 3699 528 3763 milit
517 3709 583 3763 tum
607 3701 698 3786 signo
716 3710 838 3786 arrepto
856 3702 950 3787 primi
972 3693 1069 3764 hastati
1082 3702 1117 3753 m·
1143 3700 1145 3759 ἶ

143 3792 330 3878 nipulum
303 3815 371 3856 erus
391 3793 479 3877 sequi
498 3816 532 3859 se
549 3794 702 3860 iussisset.
730 3795 820 3859 duxit
838 3795 893 3861 ubi
910 3815 1040 3860 maxime
1049 3772 1119 3853 ιιιῦ

144 3895 211 3949 tum
237 3886 442 3973 conglobatae
468 3886 580 3952 beluae
607 3888 765 3954 faciebant
752 3889 950 3974 ptilaque
941 3913 974 3953 ιιι
995 3910 1044 3953 ιιι
1060 3870 1120 3945 Μ

111 3978 244 4044 aiussit
288 3981 417 4048 haesere
436 3983 541 4048 omnia
562 3982 624 4048 tela
645 3983 731 4047 haud
753 3984 873 4050 difficili
893 4007 932 4049 ex
948 3963 1126 4071 propinqw'!
