<?xml version="1.0" encoding="UTF-8"?>
<!DOCTYPE html PUBLIC "-//W3C//DTD XHTML 1.0 Transitional//EN"
    "http://www.w3.org/TR/xhtml1/DTD/xhtml1-transitional.dtd">
<html xmlns="http://www.w3.org/1999/xhtml" xml:lang="en" lang="en">
 <head>
  <title>
</title>
<meta http-equiv="Content-Type" content="text/html;charset=utf-8" />
  <meta name='ocr-system' content='tesseract 3.04.00' />
  <meta name='ocr-capabilities' content='ocr_page ocr_carea ocr_par ocr_line ocrx_word'/>
</head>
<body>
  <div class='ocr_page' id='page_1' title='image "./titiliviaburbec00weisgoog_0429.png"; bbox 0 0 2528 4530; ppageno 0'>
   <div class='ocr_carea' id='block_1_1' title="bbox 316 103 1099 182">
    <p class='ocr_par' dir='ltr' id='par_1_1' title="bbox 316 103 1099 182">
     <span class='ocr_line' id='line_1_1' title="bbox 316 103 1099 182; baseline 0.004 -18"><span class='ocrx_word' id='word_1_1' title='bbox 316 110 433 164; x_wconf 75' lang='lat' dir='ltr'>arnna</span> <span class='ocrx_word' id='word_1_2' title='bbox 451 109 567 181; x_wconf 77' lang='lat' dir='ltr'>xxm,</span> <span class='ocrx_word' id='word_1_3' title='bbox 584 110 627 164; x_wconf 84' lang='lat' dir='ltr'>ao</span> <span class='ocrx_word' id='word_1_4' title='bbox 641 111 857 182; x_wconf 80' lang='lat' dir='ltr'>39.[a.0.210]</span> <span class='ocrx_word' id='word_1_5' title='bbox 1036 103 1099 167; x_wconf 82' lang='grc'>307</span> 
     </span>
    </p>
   </div>
   <div class='ocr_carea' id='block_1_2' title="bbox 10 266 1147 3839">
    <p class='ocr_par' dir='ltr' id='par_1_2' title="bbox 10 266 1147 1738">
     <span class='ocr_line' id='line_1_2' title="bbox 86 266 1098 376; baseline 0.008 -46.236"><span class='ocrx_word' id='word_1_6' title='bbox 86 266 197 344; x_wconf 83' lang='lat' dir='ltr'>adferri,</span> <span class='ocrx_word' id='word_1_7' title='bbox 224 267 324 376; x_wconf 71' lang='lat' dir='ltr'>quod,</span> <span class='ocrx_word' id='word_1_8' title='bbox 351 267 426 352; x_wconf 88' lang='lat' dir='ltr'>quia</span> <span class='ocrx_word' id='word_1_9' title='bbox 450 275 562 333; x_wconf 88' lang='lat' dir='ltr'>testem</span> <span class='ocrx_word' id='word_1_10' title='bbox 588 266 703 334; x_wconf 88' lang='lat' dir='ltr'>habere</span> <span class='ocrx_word' id='word_1_11' title='bbox 729 291 793 334; x_wconf 90' lang='lat' dir='ltr'>non</span> <span class='ocrx_word' id='word_1_12' title='bbox 818 278 940 355; x_wconf 89' lang='lat' dir='ltr'>posset,</span> <span class='ocrx_word' id='word_1_13' title='bbox 969 271 1098 338; x_wconf 89' lang='lat' dir='ltr'>liberius</span> 
     </span>
     <span class='ocr_line' id='line_1_3' title="bbox 10 360 1147 469; baseline 0.011 -46.847"><span class='ocrx_word' id='word_1_14' title='bbox 10 360 198 469; x_wconf 87' lang='lat' dir='ltr'>&#39;fingenti</span> <span class='ocrx_word' id='word_1_15' title='bbox 215 360 265 426; x_wconf 80' lang='lat' dir='ltr'>sit.</span> <span class='ocrx_word' id='word_1_16' title='bbox 309 360 354 429; x_wconf 90' lang='lat' dir='ltr'>ita</span> <span class='ocrx_word' id='word_1_17' title='bbox 369 361 444 426; x_wconf 88' lang='lat' dir='ltr'>inde</span> <span class='ocrx_word' id='word_1_18' title='bbox 462 360 584 427; x_wconf 81' lang='lat' dir='ltr'>dimissi</span> <span class='ocrx_word' id='word_1_19' title='bbox 602 371 684 428; x_wconf 83' lang='lat' dir='ltr'>sunt.</span> <span class='ocrx_word' id='word_1_20' title='bbox 724 384 783 428; x_wconf 86' lang='lat' dir='ltr'>nec</span> <span class='ocrx_word' id='word_1_21' title='bbox 799 362 935 429; x_wconf 80' lang='lat' dir='ltr'>Blattius</span> <span class='ocrx_word' id='word_1_22' title='bbox 954 374 1025 430; x_wconf 87' lang='lat' dir='ltr'>ante</span> <span class='ocrx_word' id='word_1_23' title='bbox 1043 365 1098 432; x_wconf 92' lang='lat' dir='ltr'>ab·</span> <span class='ocrx_word' id='word_1_24' title='bbox 1118 389 1147 437; x_wconf 87' lang='grc' dir='ltr'>ιι</span> 
     </span>
     <span class='ocr_line' id='line_1_4' title="bbox 10 454 1097 541; baseline 0.007 -23.111"><span class='ocrx_word' id='word_1_25' title='bbox 10 460 36 531; x_wconf 73' lang='grc'>,</span> <span class='ocrx_word' id='word_1_26' title='bbox 10 454 147 524; x_wconf 71' lang='lat' dir='ltr'>untur</span> <span class='ocrx_word' id='word_1_27' title='bbox 162 463 268 519; x_wconf 83' lang='lat' dir='ltr'>tamen</span> <span class='ocrx_word' id='word_1_28' title='bbox 290 463 355 520; x_wconf 90' lang='lat' dir='ltr'>tam</span> <span class='ocrx_word' id='word_1_29' title='bbox 377 455 489 520; x_wconf 82' lang='lat' dir='ltr'><strong>audaci</strong></span> <span class='ocrx_word' id='word_1_30' title='bbox 510 455 649 541; x_wconf 89' lang='lat' dir='ltr'>incepto,</span> <span class='ocrx_word' id='word_1_31' title='bbox 676 476 773 541; x_wconf 89' lang='lat' dir='ltr'>quam</span> <span class='ocrx_word' id='word_1_32' title='bbox 793 457 878 523; x_wconf 90' lang='lat' dir='ltr'>idem</span> <span class='ocrx_word' id='word_1_33' title='bbox 897 457 1097 525; x_wconf 89' lang='lat' dir='ltr'>obtundendo</span> 
     </span>
     <span class='ocr_line' id='line_1_5' title="bbox 10 547 1096 658; baseline 0.006 -46"><span class='ocrx_word' id='word_1_34' title='bbox 10 552 33 637; x_wconf 62' lang='lat' dir='ltr'>d,</span> <span class='ocrx_word' id='word_1_35' title='bbox 84 547 284 658; x_wconf 76' lang='lat' dir='ltr'>docendoque,</span> <span class='ocrx_word' id='word_1_36' title='bbox 312 570 407 633; x_wconf 89' lang='lat' dir='ltr'>quam</span> <span class='ocrx_word' id='word_1_37' title='bbox 425 571 463 614; x_wconf 91' lang='lat' dir='ltr'>ea</span> <span class='ocrx_word' id='word_1_38' title='bbox 478 571 529 615; x_wconf 87' lang='lat' dir='ltr'>res</span> <span class='ocrx_word' id='word_1_39' title='bbox 546 550 624 636; x_wconf 90' lang='lat' dir='ltr'>ipsis</span> <span class='ocrx_word' id='word_1_40' title='bbox 642 550 822 637; x_wconf 80' lang='lat' dir='ltr'>patriaeque</span> <span class='ocrx_word' id='word_1_41' title='bbox 841 551 985 618; x_wconf 87' lang='lat' dir='ltr'>salutaris</span> <span class='ocrx_word' id='word_1_42' title='bbox 1003 564 1096 632; x_wconf 86' lang='lat' dir='ltr'>esset,</span> 
     </span>
     <span class='ocr_line' id='line_1_6' title="bbox 10 641 1097 734; baseline 0.008 -28"><span class='ocrx_word' id='word_1_43' title='bbox 10 652 31 691; x_wconf 75' lang='lat'>·³</span> <span class='ocrx_word' id='word_1_44' title='bbox 84 642 211 726; x_wconf 79' lang='lat' dir='ltr'>pervicit,</span> <span class='ocrx_word' id='word_1_45' title='bbox 228 652 264 708; x_wconf 91' lang='lat' dir='ltr'>ut</span> <span class='ocrx_word' id='word_1_46' title='bbox 280 643 473 729; x_wconf 84' lang='lat' dir='ltr'>praesidium</span> <span class='ocrx_word' id='word_1_47' title='bbox 481 643 638 708; x_wconf 92' lang='lat' dir='ltr'>Punicum</span> <span class='ocrx_word' id='word_1_48' title='bbox 654 679 681 691; x_wconf 89' lang='lat'><em>—</em></span> <span class='ocrx_word' id='word_1_49' title='bbox 699 641 892 734; x_wconf 79' lang='lat' dir='ltr'>[quingenti]</span> <span class='ocrx_word' id='word_1_50' title='bbox 911 657 1016 714; x_wconf 88' lang='lat' dir='ltr'>autem</span> <span class='ocrx_word' id='word_1_51' title='bbox 1029 647 1097 714; x_wconf 87' lang='lat' dir='ltr'>Nu-</span> 
     </span>
     <span class='ocr_line' id='line_1_7' title="bbox 10 735 1146 824; baseline 0.01 -24"><span class='ocrx_word' id='word_1_52' title='bbox 10 746 31 793; x_wconf 62' lang='lat' dir='ltr'>U·</span> <span class='ocrx_word' id='word_1_53' title='bbox 84 735 169 801; x_wconf 86' lang='lat' dir='ltr'>midae</span> <span class='ocrx_word' id='word_1_54' title='bbox 188 748 319 802; x_wconf 88' lang='lat' dir='ltr'>erant-</span> <span class='ocrx_word' id='word_1_55' title='bbox 338 735 528 824; x_wconf 88' lang='lat' dir='ltr'>Salapiaque</span> <span class='ocrx_word' id='word_1_56' title='bbox 550 737 723 802; x_wconf 87' lang='lat' dir='ltr'>traderetur</span> <span class='ocrx_word' id='word_1_57' title='bbox 739 737 902 805; x_wconf 89' lang='lat' dir='ltr'>Marcello.</span> <span class='ocrx_word' id='word_1_58' title='bbox 946 764 1006 807; x_wconf 87' lang='lat' dir='ltr'>nec</span> <span class='ocrx_word' id='word_1_59' title='bbox 1028 742 1146 811; x_wconf 81' lang='lat' dir='ltr'>sinc12</span> 
     </span>
     <span class='ocr_line' id='line_1_8' title="bbox 10 829 1095 918; baseline 0.007 -25.089"><span class='ocrx_word' id='word_1_60' title='bbox 10 846 27 877; x_wconf 66' lang='grc' dir='ltr'>ι</span> <span class='ocrx_word' id='word_1_61' title='bbox 51 829 163 894; x_wconf 86' lang='lat' dir='ltr'>caede</span> <span class='ocrx_word' id='word_1_62' title='bbox 185 831 284 895; x_wconf 89' lang='lat' dir='ltr'>multa</span> <span class='ocrx_word' id='word_1_63' title='bbox 306 831 387 895; x_wconf 84' lang='lat' dir='ltr'>tradi</span> <span class='ocrx_word' id='word_1_64' title='bbox 407 832 516 916; x_wconf 92' lang='lat' dir='ltr'>potuit.</span> <span class='ocrx_word' id='word_1_65' title='bbox 568 831 663 918; x_wconf 88' lang='lat' dir='ltr'>longe</span> <span class='ocrx_word' id='word_1_66' title='bbox 685 831 848 897; x_wconf 78' lang='lat' dir='ltr'>fortissimi</span> <span class='ocrx_word' id='word_1_67' title='bbox 870 832 957 916; x_wconf 85' lang='lat' dir='ltr'>equit</span> <span class='ocrx_word' id='word_1_68' title='bbox 957 857 1011 899; x_wconf 92' lang='lat' dir='ltr'>um</span> <span class='ocrx_word' id='word_1_69' title='bbox 1028 845 1095 902; x_wconf 91' lang='lat' dir='ltr'>toto</span> 
     </span>
     <span class='ocr_line' id='line_1_9' title="bbox 10 920 1094 1012; baseline 0.008 -26"><span class='ocrx_word' id='word_1_70' title='bbox 10 930 28 993; x_wconf 73' lang='grc' dir='ltr'>Ξ,</span> <span class='ocrx_word' id='word_1_71' title='bbox 84 920 188 988; x_wconf 90' lang='lat' dir='ltr'>Pmico</span> <span class='ocrx_word' id='word_1_72' title='bbox 210 924 349 990; x_wconf 87' lang='lat' dir='ltr'>exercitu</span> <span class='ocrx_word' id='word_1_73' title='bbox 374 933 471 989; x_wconf 89' lang='lat' dir='ltr'>erant.</span> <span class='ocrx_word' id='word_1_74' title='bbox 515 924 622 1009; x_wconf 89' lang='lat' dir='ltr'>itaque</span> <span class='ocrx_word' id='word_1_75' title='bbox 643 947 834 1010; x_wconf 88' lang='lat' dir='ltr'>quamquam</span> <span class='ocrx_word' id='word_1_76' title='bbox 859 925 1020 1012; x_wconf 88' lang='lat' dir='ltr'>inprovisa</span> <span class='ocrx_word' id='word_1_77' title='bbox 1043 952 1094 995; x_wconf 90' lang='lat' dir='ltr'>res</span> 
     </span>
     <span class='ocr_line' id='line_1_10' title="bbox 10 1014 1096 1102; baseline 0.006 -22"><span class='ocrx_word' id='word_1_78' title='bbox 10 1029 26 1067; x_wconf 77' lang='lat'>²=</span> <span class='ocrx_word' id='word_1_79' title='bbox 84 1014 130 1080; x_wconf 83' lang='lat' dir='ltr'>tuit</span> <span class='ocrx_word' id='word_1_80' title='bbox 152 1038 212 1085; x_wconf 89' lang='lat' dir='ltr'>nec</span> <span class='ocrx_word' id='word_1_81' title='bbox 236 1039 314 1083; x_wconf 87' lang='lat' dir='ltr'>usus</span> <span class='ocrx_word' id='word_1_82' title='bbox 338 1038 489 1102; x_wconf 86' lang='lat' dir='ltr'>equorum</span> <span class='ocrx_word' id='word_1_83' title='bbox 510 1018 545 1082; x_wconf 87' lang='lat' dir='ltr'>in</span> <span class='ocrx_word' id='word_1_84' title='bbox 565 1017 644 1084; x_wconf 85' lang='lat' dir='ltr'>urbe</span> <span class='ocrx_word' id='word_1_85' title='bbox 666 1029 746 1097; x_wconf 90' lang='lat' dir='ltr'>erat,</span> <span class='ocrx_word' id='word_1_86' title='bbox 773 1030 877 1083; x_wconf 91' lang='lat' dir='ltr'>tamen</span> <span class='ocrx_word' id='word_1_87' title='bbox 899 1020 993 1085; x_wconf 89' lang='lat' dir='ltr'>armis</span> <span class='ocrx_word' id='word_1_88' title='bbox 1015 1021 1096 1087; x_wconf 90' lang='lat' dir='ltr'>inter</span> 
     </span>
     <span class='ocr_line' id='line_1_11' title="bbox 84 1111 1145 1198; baseline 0.009 -26"><span class='ocrx_word' id='word_1_89' title='bbox 84 1111 235 1176; x_wconf 88' lang='lat' dir='ltr'>tumultum</span> <span class='ocrx_word' id='word_1_90' title='bbox 261 1111 360 1198; x_wconf 87' lang='lat' dir='ltr'>captis</span> <span class='ocrx_word' id='word_1_91' title='bbox 391 1122 423 1177; x_wconf 89' lang='lat' dir='ltr'>et</span> <span class='ocrx_word' id='word_1_92' title='bbox 453 1112 647 1197; x_wconf 82' lang='lat' dir='ltr'>emptionem</span> <span class='ocrx_word' id='word_1_93' title='bbox 677 1121 907 1198; x_wconf 89' lang='lat' dir='ltr'>temptaverunt</span> <span class='ocrx_word' id='word_1_94' title='bbox 937 1123 987 1191; x_wconf 92' lang='lat' dir='ltr'>et,</span> <span class='ocrx_word' id='word_1_95' title='bbox 1022 1135 1145 1185; x_wconf 78' lang='lat' dir='ltr'>eumne</span> 
     </span>
     <span class='ocr_line' id='line_1_12' title="bbox 10 1205 1094 1315; baseline 0 -43"><span class='ocrx_word' id='word_1_96' title='bbox 10 1214 22 1272; x_wconf 68' lang='grc' dir='ltr'><strong><em>ἓ</em></strong></span> <span class='ocrx_word' id='word_1_97' title='bbox 84 1205 199 1270; x_wconf 79' lang='lat' dir='ltr'>evadere</span> <span class='ocrx_word' id='word_1_98' title='bbox 224 1205 402 1315; x_wconf 87' lang='lat' dir='ltr'>nequirent,</span> <span class='ocrx_word' id='word_1_99' title='bbox 430 1227 559 1292; x_wconf 85' lang='lat' dir='ltr'>pugnarn</span> <span class='ocrx_word' id='word_1_100' title='bbox 560 1215 608 1271; x_wconf 88' lang='lat' dir='ltr'>tes</span> <span class='ocrx_word' id='word_1_101' title='bbox 560 1206 675 1271; x_wconf 89' lang='lat' dir='ltr'>tad</span> <span class='ocrx_word' id='word_1_102' title='bbox 702 1205 856 1270; x_wconf 87' lang='lat' dir='ltr'>ultumum</span> <span class='ocrx_word' id='word_1_103' title='bbox 881 1206 1094 1273; x_wconf 87' lang='lat' dir='ltr'>occubuerunt</span> 
     </span>
     <span class='ocr_line' id='line_1_13' title="bbox 10 1294 1095 1386; baseline 0.005 -25"><span class='ocrx_word' id='word_1_104' title='bbox 10 1294 24 1346; x_wconf 62' lang='lat'>&#39;¹-</span> <span class='ocrx_word' id='word_1_105' title='bbox 82 1318 128 1363; x_wconf 87' lang='lat' dir='ltr'>nco</span> <span class='ocrx_word' id='word_1_106' title='bbox 140 1298 212 1386; x_wconf 88' lang='lat' dir='ltr'>plus</span> <span class='ocrx_word' id='word_1_107' title='bbox 233 1300 468 1385; x_wconf 83' lang='lat' dir='ltr'>quinquaginta</span> <span class='ocrx_word' id='word_1_108' title='bbox 483 1322 523 1364; x_wconf 85' lang='lat' dir='ltr'>ex</span> <span class='ocrx_word' id='word_1_109' title='bbox 544 1298 621 1365; x_wconf 87' lang='lat' dir='ltr'>his</span> <span class='ocrx_word' id='word_1_110' title='bbox 612 1323 645 1364; x_wconf 90' lang='grc' dir='ltr'>ιιι</span> <span class='ocrx_word' id='word_1_111' title='bbox 665 1309 802 1386; x_wconf 87' lang='lat' dir='ltr'>potestat</span> <span class='ocrx_word' id='word_1_112' title='bbox 803 1322 853 1364; x_wconf 90' lang='lat' dir='ltr'>em</span> <span class='ocrx_word' id='word_1_113' title='bbox 875 1299 1061 1366; x_wconf 87' lang='lat' dir='ltr'>hostium</span> <span class='ocrx_word' id='word_1_114' title='bbox 1030 1304 1095 1366; x_wconf 78' lang='lat' dir='ltr'>vrri</span> 
     </span>
     <span class='ocr_line' id='line_1_14' title="bbox 10 1393 1146 1479; baseline 0.007 -23"><span class='ocrx_word' id='word_1_115' title='bbox 10 1399 19 1457; x_wconf 72' lang='lat' dir='ltr'>l</span> <span class='ocrx_word' id='word_1_116' title='bbox 82 1402 226 1458; x_wconf 75' lang='lat' dir='ltr'>unierunt.</span> <span class='ocrx_word' id='word_1_117' title='bbox 278 1393 412 1479; x_wconf 88' lang='lat' dir='ltr'>plusqua</span> <span class='ocrx_word' id='word_1_118' title='bbox 442 1393 602 1478; x_wconf 90' lang='lat' dir='ltr'>aliquanto</span> <span class='ocrx_word' id='word_1_119' title='bbox 631 1394 738 1458; x_wconf 88' lang='lat' dir='ltr'>damni</span> <span class='ocrx_word' id='word_1_120' title='bbox 768 1393 847 1459; x_wconf 91' lang='lat' dir='ltr'>haec</span> <span class='ocrx_word' id='word_1_121' title='bbox 878 1394 928 1459; x_wconf 89' lang='lat' dir='ltr'>ala</span> <span class='ocrx_word' id='word_1_122' title='bbox 954 1395 1094 1479; x_wconf 89' lang='lat' dir='ltr'>equitum</span> <span class='ocrx_word' id='word_1_123' title='bbox 1114 1416 1146 1464; x_wconf 79' lang='lat'>14</span> 
     </span>
     <span class='ocr_line' id='line_1_15' title="bbox 10 1485 1094 1600; baseline 0.003 -49"><span class='ocrx_word' id='word_1_124' title='bbox 10 1492 21 1531; x_wconf 74' lang='lat'><em>¹</em></span> <span class='ocrx_word' id='word_1_125' title='bbox 81 1485 182 1552; x_wconf 79' lang='lat' dir='ltr'>omissa</span> <span class='ocrx_word' id='word_1_126' title='bbox 197 1485 372 1553; x_wconf 84' lang='lat' dir='ltr'>Hannibali</span> <span class='ocrx_word' id='word_1_127' title='bbox 388 1508 484 1572; x_wconf 91' lang='lat' dir='ltr'>quam</span> <span class='ocrx_word' id='word_1_128' title='bbox 500 1486 629 1574; x_wconf 86' lang='lat' dir='ltr'>Salapia</span> <span class='ocrx_word' id='word_1_129' title='bbox 643 1486 720 1565; x_wconf 85' lang='lat' dir='ltr'>¹fuit,</span> <span class='ocrx_word' id='word_1_130' title='bbox 738 1510 797 1552; x_wconf 91' lang='lat' dir='ltr'>nec</span> <span class='ocrx_word' id='word_1_131' title='bbox 815 1487 927 1553; x_wconf 91' lang='lat' dir='ltr'>deinde</span> <span class='ocrx_word' id='word_1_132' title='bbox 944 1510 1094 1600; x_wconf 78' lang='lat' dir='ltr'>umquam</span> 
     </span>
     <span class='ocr_line' id='line_1_16' title="bbox 10 1575 1094 1738; baseline 0.005 -94"><span class='ocrx_word' id='word_1_133' title='bbox 10 1584 17 1621; x_wconf 84' lang='lat'>:</span> <span class='ocrx_word' id='word_1_134' title='bbox 79 1575 206 1738; x_wconf 60' lang='lat' dir='ltr'>meoenus’</span> <span class='ocrx_word' id='word_1_135' title='bbox 228 1604 292 1667; x_wconf 89' lang='lat' dir='ltr'>quo</span> <span class='ocrx_word' id='word_1_136' title='bbox 308 1581 402 1668; x_wconf 91' lang='lat' dir='ltr'>longe</span> <span class='ocrx_word' id='word_1_137' title='bbox 419 1582 600 1669; x_wconf 88' lang='lat' dir='ltr'>plurumum</span> <span class='ocrx_word' id='word_1_138' title='bbox 617 1581 771 1661; x_wconf 87' lang='lat' dir='ltr'>valuerat,</span> <span class='ocrx_word' id='word_1_139' title='bbox 794 1583 935 1667; x_wconf 88' lang='lat' dir='ltr'>equitatu</span> <span class='ocrx_word' id='word_1_140' title='bbox 953 1584 1094 1670; x_wconf 84' lang='lat' dir='ltr'>superior</span> 
     </span>
    </p>

    <p class='ocr_par' dir='ltr' id='par_1_3' title="bbox 106 1673 134 1740">
     <span class='ocr_line' id='line_1_17' title="bbox 106 1673 134 1740; baseline 0 0"><span class='ocrx_word' id='word_1_141' title='bbox 106 1673 134 1740; x_wconf 77' lang='lat' dir='ltr'>l.</span> 
     </span>
    </p>

    <p class='ocr_par' dir='ltr' id='par_1_4' title="bbox 58 1767 1147 3839">
     <span class='ocr_line' id='line_1_18' title="bbox 128 1767 1127 1857; baseline 0.006 -23"><span class='ocrx_word' id='word_1_142' title='bbox 128 1767 352 1835; x_wconf 87' lang='lat' dir='ltr'>XXXVIIII.</span> <span class='ocrx_word' id='word_1_143' title='bbox 396 1770 460 1835; x_wconf 90' lang='lat' dir='ltr'>Per</span> <span class='ocrx_word' id='word_1_144' title='bbox 484 1771 568 1836; x_wconf 91' lang='lat' dir='ltr'>idem</span> <span class='ocrx_word' id='word_1_145' title='bbox 590 1780 714 1857; x_wconf 89' lang='lat' dir='ltr'>tempus</span> <span class='ocrx_word' id='word_1_146' title='bbox 737 1794 810 1837; x_wconf 93' lang='lat' dir='ltr'>cum</span> <span class='ocrx_word' id='word_1_147' title='bbox 830 1772 865 1836; x_wconf 91' lang='lat' dir='ltr'>in</span> <span class='ocrx_word' id='word_1_148' title='bbox 886 1794 957 1838; x_wconf 88' lang='lat' dir='ltr'>arca</span> <span class='ocrx_word' id='word_1_149' title='bbox 975 1772 1127 1841; x_wconf 85' lang='lat' dir='ltr'>Taren-1</span> 
     </span>
     <span class='ocr_line' id='line_1_19' title="bbox 75 1861 1094 1953; baseline 0.005 -25"><span class='ocrx_word' id='word_1_150' title='bbox 75 1861 131 1928; x_wconf 74' lang='lat' dir='ltr'>tina</span> <span class='ocrx_word' id='word_1_151' title='bbox 146 1863 202 1928; x_wconf 86' lang='lat' dir='ltr'>vix</span> <span class='ocrx_word' id='word_1_152' title='bbox 217 1864 324 1950; x_wconf 89' lang='lat' dir='ltr'>inopia</span> <span class='ocrx_word' id='word_1_153' title='bbox 342 1863 510 1931; x_wconf 90' lang='lat' dir='ltr'>tolerabilis</span> <span class='ocrx_word' id='word_1_154' title='bbox 529 1875 628 1944; x_wconf 87' lang='lat' dir='ltr'>esset,</span> <span class='ocrx_word' id='word_1_155' title='bbox 651 1888 741 1952; x_wconf 91' lang='lat' dir='ltr'>spem</span> <span class='ocrx_word' id='word_1_156' title='bbox 760 1888 885 1932; x_wconf 88' lang='lat' dir='ltr'>omnem</span> <span class='ocrx_word' id='word_1_157' title='bbox 902 1868 1094 1953; x_wconf 86' lang='lat' dir='ltr'>praesidium</span> 
     </span>
     <span class='ocr_line' id='line_1_20' title="bbox 72 1957 1093 2047; baseline 0.006 -25"><span class='ocrx_word' id='word_1_158' title='bbox 72 1957 220 2040; x_wconf 89' lang='lat' dir='ltr'>quodibi</span> <span class='ocrx_word' id='word_1_159' title='bbox 249 1970 316 2023; x_wconf 89' lang='lat' dir='ltr'>erat</span> <span class='ocrx_word' id='word_1_160' title='bbox 342 1958 522 2024; x_wconf 87' lang='lat' dir='ltr'>Romanum</span> <span class='ocrx_word' id='word_1_161' title='bbox 551 1959 791 2047; x_wconf 84' lang='lat' dir='ltr'>praefectusque</span> <span class='ocrx_word' id='word_1_162' title='bbox 820 1962 969 2047; x_wconf 89' lang='lat' dir='ltr'>praesidii</span> <span class='ocrx_word' id='word_1_163' title='bbox 999 1972 1093 2047; x_wconf 87' lang='lat' dir='ltr'>atque</span> 
     </span>
     <span class='ocr_line' id='line_1_21' title="bbox 70 2050 1094 2122; baseline 0.004 -4"><span class='ocrx_word' id='word_1_164' title='bbox 70 2052 144 2118; x_wconf 84' lang='lat' dir='ltr'>arcis</span> <span class='ocrx_word' id='word_1_165' title='bbox 162 2051 211 2117; x_wconf 91' lang='lat' dir='ltr'>M.</span> <span class='ocrx_word' id='word_1_166' title='bbox 228 2050 343 2118; x_wconf 85' lang='lat' dir='ltr'>Livius</span> <span class='ocrx_word' id='word_1_167' title='bbox 369 2054 402 2118; x_wconf 92' lang='lat' dir='ltr'>in</span> <span class='ocrx_word' id='word_1_168' title='bbox 428 2055 643 2120; x_wconf 89' lang='lat' dir='ltr'>conmeatibus</span> <span class='ocrx_word' id='word_1_169' title='bbox 670 2053 711 2119; x_wconf 90' lang='lat' dir='ltr'>ab</span> <span class='ocrx_word' id='word_1_170' title='bbox 731 2053 839 2119; x_wconf 89' lang='lat' dir='ltr'>Sicilia</span> <span class='ocrx_word' id='word_1_171' title='bbox 864 2056 970 2120; x_wconf 87' lang='lat' dir='ltr'>missis</span> <span class='ocrx_word' id='word_1_172' title='bbox 996 2055 1094 2122; x_wconf 86' lang='lat' dir='ltr'>habe-</span> 
     </span>
     <span class='ocr_line' id='line_1_22' title="bbox 68 2143 1129 2234; baseline -0.001 -23"><span class='ocrx_word' id='word_1_173' title='bbox 68 2143 153 2225; x_wconf 83' lang='lat' dir='ltr'>brmt,</span> <span class='ocrx_word' id='word_1_174' title='bbox 180 2147 236 2231; x_wconf 91' lang='lat' dir='ltr'>qui</span> <span class='ocrx_word' id='word_1_175' title='bbox 253 2157 289 2211; x_wconf 92' lang='lat' dir='ltr'>ut</span> <span class='ocrx_word' id='word_1_176' title='bbox 306 2157 374 2213; x_wconf 90' lang='lat' dir='ltr'>tuto</span> <span class='ocrx_word' id='word_1_177' title='bbox 394 2148 705 2234; x_wconf 88' lang='lat' dir='ltr'>praeterveherentur</span> <span class='ocrx_word' id='word_1_178' title='bbox 725 2169 813 2212; x_wconf 91' lang='lat' dir='ltr'>oram</span> <span class='ocrx_word' id='word_1_179' title='bbox 829 2147 954 2225; x_wconf 88' lang='lat' dir='ltr'>Italiae,</span> <span class='ocrx_word' id='word_1_180' title='bbox 981 2148 1091 2214; x_wconf 90' lang='lat' dir='ltr'>classis</span> <span class='ocrx_word' id='word_1_181' title='bbox 1114 2164 1129 2210; x_wconf 81' lang='lat'><em>2</em></span> 
     </span>
     <span class='ocr_line' id='line_1_23' title="bbox 67 2240 1125 2331; baseline 0.004 -25"><span class='ocrx_word' id='word_1_182' title='bbox 67 2240 175 2329; x_wconf 80' lang='lat' dir='ltr'>viginti</span> <span class='ocrx_word' id='word_1_183' title='bbox 192 2240 292 2306; x_wconf 85' lang='lat' dir='ltr'>ferme</span> <span class='ocrx_word' id='word_1_184' title='bbox 308 2242 437 2307; x_wconf 88' lang='lat' dir='ltr'>navium</span> <span class='ocrx_word' id='word_1_185' title='bbox 458 2242 552 2331; x_wconf 87' lang='lat' dir='ltr'>Regii</span> <span class='ocrx_word' id='word_1_186' title='bbox 574 2241 687 2308; x_wconf 89' lang='lat' dir='ltr'>stabat.</span> <span class='ocrx_word' id='word_1_187' title='bbox 730 2250 874 2328; x_wconf 87' lang='lat' dir='ltr'>praeerat</span> <span class='ocrx_word' id='word_1_188' title='bbox 895 2242 989 2306; x_wconf 83' lang='lat' dir='ltr'>classi</span> <span class='ocrx_word' id='word_1_189' title='bbox 1007 2263 1125 2310; x_wconf 83' lang='lat' dir='ltr'>com-a</span> 
     </span>
     <span class='ocr_line' id='line_1_24' title="bbox 65 2334 1147 2421; baseline -0.002 -20"><span class='ocrx_word' id='word_1_190' title='bbox 65 2334 282 2419; x_wconf 84' lang='lat' dir='ltr'>meatibusque</span> <span class='ocrx_word' id='word_1_191' title='bbox 293 2335 338 2400; x_wconf 92' lang='lat' dir='ltr'>D.</span> <span class='ocrx_word' id='word_1_192' title='bbox 349 2335 531 2418; x_wconf 81' lang='lat' dir='ltr'>Quinctius,</span> <span class='ocrx_word' id='word_1_193' title='bbox 550 2336 685 2403; x_wconf 89' lang='lat' dir='ltr'>obscuro</span> <span class='ocrx_word' id='word_1_194' title='bbox 702 2355 818 2421; x_wconf 87' lang='lat' dir='ltr'>genere</span> <span class='ocrx_word' id='word_1_195' title='bbox 835 2343 935 2412; x_wconf 84' lang='lat' dir='ltr'>ortus,</span> <span class='ocrx_word' id='word_1_196' title='bbox 954 2344 1091 2399; x_wconf 90' lang='lat' dir='ltr'>ceterum</span> <span class='ocrx_word' id='word_1_197' title='bbox 1144 2370 1147 2374; x_wconf 93' lang='lat'>·</span> 
     </span>
     <span class='ocr_line' id='line_1_25' title="bbox 63 2428 1126 2516; baseline 0 -21"><span class='ocrx_word' id='word_1_198' title='bbox 63 2429 169 2495; x_wconf 89' lang='lat' dir='ltr'>multis</span> <span class='ocrx_word' id='word_1_199' title='bbox 186 2428 321 2496; x_wconf 87' lang='lat' dir='ltr'>fortibus</span> <span class='ocrx_word' id='word_1_200' title='bbox 339 2430 431 2496; x_wconf 85' lang='lat' dir='ltr'>factis</span> <span class='ocrx_word' id='word_1_201' title='bbox 449 2430 575 2495; x_wconf 90' lang='lat' dir='ltr'>militari</span> <span class='ocrx_word' id='word_1_202' title='bbox 592 2429 694 2516; x_wconf 90' lang='lat' dir='ltr'>gloria</span> <span class='ocrx_word' id='word_1_203' title='bbox 706 2428 854 2493; x_wconf 89' lang='lat' dir='ltr'>inlustris.</span> <span class='ocrx_word' id='word_1_204' title='bbox 883 2428 984 2514; x_wconf 87' lang='lat' dir='ltr'>primo</span> <span class='ocrx_word' id='word_1_205' title='bbox 1002 2429 1092 2512; x_wconf 90' lang='lat' dir='ltr'>quin·</span> <span class='ocrx_word' id='word_1_206' title='bbox 1109 2450 1126 2496; x_wconf 82' lang='grc'>4</span> 
     </span>
     <span class='ocr_line' id='line_1_26' title="bbox 63 2522 1091 2609; baseline -0.002 -19"><span class='ocrx_word' id='word_1_207' title='bbox 63 2545 123 2609; x_wconf 86' lang='lat' dir='ltr'>quo</span> <span class='ocrx_word' id='word_1_208' title='bbox 139 2546 253 2603; x_wconf 84' lang='lat' dir='ltr'>naves,</span> <span class='ocrx_word' id='word_1_209' title='bbox 272 2547 405 2609; x_wconf 88' lang='lat' dir='ltr'>quarum</span> <span class='ocrx_word' id='word_1_210' title='bbox 423 2525 578 2590; x_wconf 83' lang='lat' dir='ltr'>maximae</span> <span class='ocrx_word' id='word_1_211' title='bbox 597 2525 677 2588; x_wconf 89' lang='lat' dir='ltr'>duae</span> <span class='ocrx_word' id='word_1_212' title='bbox 695 2524 836 2588; x_wconf 87' lang='lat' dir='ltr'>triremes</span> <span class='ocrx_word' id='word_1_213' title='bbox 854 2546 875 2589; x_wconf 90' lang='lat' dir='ltr'>a</span> <span class='ocrx_word' id='word_1_214' title='bbox 891 2522 1044 2588; x_wconf 89' lang='lat' dir='ltr'>Marcello</span> <span class='ocrx_word' id='word_1_215' title='bbox 1061 2524 1091 2588; x_wconf 91' lang='lat' dir='ltr'>ei</span> 
     </span>
     <span class='ocr_line' id='line_1_27' title="bbox 63 2617 1091 2705; baseline -0.001 -21"><span class='ocrx_word' id='word_1_216' title='bbox 63 2618 195 2684; x_wconf 85' lang='lat' dir='ltr'>traditae</span> <span class='ocrx_word' id='word_1_217' title='bbox 212 2627 314 2698; x_wconf 88' lang='lat' dir='ltr'>erant,</span> <span class='ocrx_word' id='word_1_218' title='bbox 340 2618 463 2697; x_wconf 84' lang='lat' dir='ltr'>habuit3</span> <span class='ocrx_word' id='word_1_219' title='bbox 489 2628 601 2705; x_wconf 85' lang='lat' dir='ltr'>postea</span> <span class='ocrx_word' id='word_1_220' title='bbox 621 2640 688 2683; x_wconf 90' lang='lat' dir='ltr'>rem</span> <span class='ocrx_word' id='word_1_221' title='bbox 705 2617 839 2704; x_wconf 84' lang='lat' dir='ltr'>impigre</span> <span class='ocrx_word' id='word_1_222' title='bbox 858 2638 952 2704; x_wconf 89' lang='lat' dir='ltr'>saepe</span> <span class='ocrx_word' id='word_1_223' title='bbox 969 2619 1091 2704; x_wconf 90' lang='lat' dir='ltr'>gerenti</span> 
     </span>
     <span class='ocr_line' id='line_1_28' title="bbox 61 2711 1124 2799; baseline 0.001 -20"><span class='ocrx_word' id='word_1_224' title='bbox 61 2723 125 2779; x_wconf 84' lang='lat' dir='ltr'>tres</span> <span class='ocrx_word' id='word_1_225' title='bbox 143 2713 269 2778; x_wconf 88' lang='lat' dir='ltr'>additae</span> <span class='ocrx_word' id='word_1_226' title='bbox 282 2714 522 2798; x_wconf 89' lang='lat' dir='ltr'>quinqueremes</span> <span class='ocrx_word' id='word_1_227' title='bbox 527 2738 536 2792; x_wconf 86' lang='lat'>3</span> <span class='ocrx_word' id='word_1_228' title='bbox 554 2721 714 2799; x_wconf 88' lang='lat' dir='ltr'>postremo</span> <span class='ocrx_word' id='word_1_229' title='bbox 726 2712 795 2798; x_wconf 91' lang='lat' dir='ltr'>ipse</span> <span class='ocrx_word' id='word_1_230' title='bbox 808 2735 828 2777; x_wconf 90' lang='lat' dir='ltr'>a</span> <span class='ocrx_word' id='word_1_231' title='bbox 841 2713 934 2778; x_wconf 87' lang='lat' dir='ltr'>sociis</span> <span class='ocrx_word' id='word_1_232' title='bbox 943 2711 1090 2799; x_wconf 85' lang='lat' dir='ltr'>Reginis·</span> <span class='ocrx_word' id='word_1_233' title='bbox 1109 2734 1124 2780; x_wconf 85' lang='lat'>5</span> 
     </span>
     <span class='ocr_line' id='line_1_29' title="bbox 61 2805 1091 2893; baseline 0.001 -21"><span class='ocrx_word' id='word_1_234' title='bbox 61 2828 123 2892; x_wconf 87' lang='lat' dir='ltr'>que</span> <span class='ocrx_word' id='word_1_235' title='bbox 141 2816 174 2872; x_wconf 88' lang='lat' dir='ltr'>et</span> <span class='ocrx_word' id='word_1_236' title='bbox 191 2830 211 2872; x_wconf 87' lang='lat' dir='ltr'>a</span> <span class='ocrx_word' id='word_1_237' title='bbox 227 2805 331 2872; x_wconf 82' lang='lat' dir='ltr'>Vellia</span> <span class='ocrx_word' id='word_1_238' title='bbox 353 2817 385 2872; x_wconf 90' lang='lat' dir='ltr'>et</span> <span class='ocrx_word' id='word_1_239' title='bbox 405 2830 426 2872; x_wconf 91' lang='lat' dir='ltr'>a</span> <span class='ocrx_word' id='word_1_240' title='bbox 442 2807 560 2873; x_wconf 87' lang='lat' dir='ltr'>Paesto</span> <span class='ocrx_word' id='word_1_241' title='bbox 582 2806 703 2873; x_wconf 90' lang='lat' dir='ltr'>debitas</span> <span class='ocrx_word' id='word_1_242' title='bbox 726 2828 766 2871; x_wconf 81' lang='lat' dir='ltr'>ex</span> <span class='ocrx_word' id='word_1_243' title='bbox 787 2807 914 2873; x_wconf 84' lang='lat' dir='ltr'>foedere</span> <span class='ocrx_word' id='word_1_244' title='bbox 937 2807 1091 2893; x_wconf 85' lang='lat' dir='ltr'>exigendo</span> 
     </span>
     <span class='ocr_line' id='line_1_30' title="bbox 61 2900 1090 2987; baseline -0.003 -20"><span class='ocrx_word' id='word_1_245' title='bbox 61 2901 197 2967; x_wconf 82' lang='lat' dir='ltr'>classem</span> <span class='ocrx_word' id='word_1_246' title='bbox 220 2900 335 2987; x_wconf 72' lang='lat' dir='ltr'>‘viginti</span> <span class='ocrx_word' id='word_1_247' title='bbox 360 2901 502 2979; x_wconf 84' lang='lat' dir='ltr'>navium,</span> <span class='ocrx_word' id='word_1_248' title='bbox 538 2901 619 2970; x_wconf 87' lang='lat' dir='ltr'>sicut</span> <span class='ocrx_word' id='word_1_249' title='bbox 645 2910 716 2965; x_wconf 88' lang='lat' dir='ltr'>ante</span> <span class='ocrx_word' id='word_1_250' title='bbox 742 2901 948 2976; x_wconf 86' lang='lat' dir='ltr'>dictumest,</span> <span class='ocrx_word' id='word_1_251' title='bbox 985 2901 1090 2965; x_wconf 86' lang='lat' dir='ltr'>efficit.</span> 
     </span>
     <span class='ocr_line' id='line_1_31' title="bbox 60 2992 1124 3081; baseline 0 -21"><span class='ocrx_word' id='word_1_252' title='bbox 60 2994 135 3060; x_wconf 89' lang='lat' dir='ltr'>huic</span> <span class='ocrx_word' id='word_1_253' title='bbox 153 2993 195 3059; x_wconf 90' lang='lat' dir='ltr'>ab</span> <span class='ocrx_word' id='word_1_254' title='bbox 203 2993 307 3081; x_wconf 86' lang='lat' dir='ltr'>Regio</span> <span class='ocrx_word' id='word_1_255' title='bbox 323 2993 482 3079; x_wconf 83' lang='lat' dir='ltr'>profectae</span> <span class='ocrx_word' id='word_1_256' title='bbox 500 2992 594 3058; x_wconf 87' lang='lat' dir='ltr'>classi</span> <span class='ocrx_word' id='word_1_257' title='bbox 606 2992 812 3058; x_wconf 85' lang='lat' dir='ltr'>Democrates</span> <span class='ocrx_word' id='word_1_258' title='bbox 827 3015 899 3057; x_wconf 93' lang='lat' dir='ltr'>cum</span> <span class='ocrx_word' id='word_1_259' title='bbox 915 2992 984 3078; x_wconf 88' lang='lat' dir='ltr'>pari</span> <span class='ocrx_word' id='word_1_260' title='bbox 997 2992 1090 3058; x_wconf 88' lang='lat' dir='ltr'>classi</span> <span class='ocrx_word' id='word_1_261' title='bbox 1109 3014 1124 3060; x_wconf 84' lang='lat' dir='ltr'>s</span> 
     </span>
     <span class='ocr_line' id='line_1_32' title="bbox 61 3084 1089 3170; baseline -0.004 -16"><span class='ocrx_word' id='word_1_262' title='bbox 61 3089 192 3155; x_wconf 86' lang='lat' dir='ltr'>navium</span> <span class='ocrx_word' id='word_1_263' title='bbox 208 3086 449 3152; x_wconf 84' lang='lat' dir='ltr'>Tarentinarum</span> <span class='ocrx_word' id='word_1_264' title='bbox 471 3108 601 3151; x_wconf 88' lang='lat' dir='ltr'>numero</span> <span class='ocrx_word' id='word_1_265' title='bbox 623 3086 803 3170; x_wconf 91' lang='lat' dir='ltr'>quindecim</span> <span class='ocrx_word' id='word_1_266' title='bbox 824 3085 911 3149; x_wconf 90' lang='lat' dir='ltr'>milia</span> <span class='ocrx_word' id='word_1_267' title='bbox 932 3084 1031 3150; x_wconf 83' lang='lat' dir='ltr'>ferme</span> <span class='ocrx_word' id='word_1_268' title='bbox 1049 3084 1089 3150; x_wconf 85' lang='lat' dir='ltr'>ab</span> 
     </span>
     <span class='ocr_line' id='line_1_33' title="bbox 61 3179 1123 3268; baseline -0.001 -20"><span class='ocrx_word' id='word_1_269' title='bbox 61 3182 139 3249; x_wconf 88' lang='lat' dir='ltr'>urbe</span> <span class='ocrx_word' id='word_1_270' title='bbox 157 3181 200 3248; x_wconf 84' lang='lat' dir='ltr'>ad</span> <span class='ocrx_word' id='word_1_271' title='bbox 218 3180 434 3268; x_wconf 88' lang='lat' dir='ltr'>Sacriportum</span> <span class='ocrx_word' id='word_1_272' title='bbox 451 3181 564 3247; x_wconf 88' lang='lat' dir='ltr'>obvius</span> <span class='ocrx_word' id='word_1_273' title='bbox 581 3181 650 3246; x_wconf 84' lang='lat' dir='ltr'>fuit.</span> <span class='ocrx_word' id='word_1_274' title='bbox 695 3180 773 3246; x_wconf 76' lang='lat' dir='ltr'>velis</span> <span class='ocrx_word' id='word_1_275' title='bbox 795 3188 861 3244; x_wconf 92' lang='lat' dir='ltr'>tum</span> <span class='ocrx_word' id='word_1_276' title='bbox 883 3179 964 3245; x_wconf 86' lang='lat' dir='ltr'>forte</span> <span class='ocrx_word' id='word_1_277' title='bbox 984 3181 1090 3267; x_wconf 89' lang='lat' dir='ltr'>inpro-</span> <span class='ocrx_word' id='word_1_278' title='bbox 1109 3201 1123 3246; x_wconf 82' lang='grc' dir='ltr'>ι</span> 
     </span>
     <span class='ocr_line' id='line_1_34' title="bbox 62 3273 1091 3352; baseline -0.001 -9"><span class='ocrx_word' id='word_1_279' title='bbox 62 3277 154 3343; x_wconf 82' lang='lat' dir='ltr'>vidus</span> <span class='ocrx_word' id='word_1_280' title='bbox 172 3275 271 3341; x_wconf 83' lang='lat' dir='ltr'>futuri</span> <span class='ocrx_word' id='word_1_281' title='bbox 288 3277 466 3343; x_wconf 89' lang='lat' dir='ltr'>certaminis</span> <span class='ocrx_word' id='word_1_282' title='bbox 482 3276 646 3342; x_wconf 88' lang='lat' dir='ltr'>Romanus</span> <span class='ocrx_word' id='word_1_283' title='bbox 663 3273 808 3340; x_wconf 84' lang='lat' dir='ltr'>veniebat</span> <span class='ocrx_word' id='word_1_284' title='bbox 813 3299 822 3352; x_wconf 93' lang='lat'>;</span> <span class='ocrx_word' id='word_1_285' title='bbox 841 3274 897 3339; x_wconf 89' lang='lat' dir='ltr'>sed</span> <span class='ocrx_word' id='word_1_286' title='bbox 915 3275 997 3340; x_wconf 89' lang='lat' dir='ltr'>circa</span> <span class='ocrx_word' id='word_1_287' title='bbox 1011 3275 1091 3342; x_wconf 83' lang='lat' dir='ltr'>Cro·</span> 
     </span>
     <span class='ocr_line' id='line_1_35' title="bbox 61 3368 1090 3457; baseline -0.006 -18"><span class='ocrx_word' id='word_1_288' title='bbox 61 3381 168 3439; x_wconf 88' lang='lat' dir='ltr'>torrem</span> <span class='ocrx_word' id='word_1_289' title='bbox 179 3368 389 3457; x_wconf 86' lang='lat' dir='ltr'>Sybarimque</span> <span class='ocrx_word' id='word_1_290' title='bbox 407 3369 609 3456; x_wconf 87' lang='lat' dir='ltr'>suppleverat</span> <span class='ocrx_word' id='word_1_291' title='bbox 625 3369 756 3455; x_wconf 87' lang='lat' dir='ltr'>remigio</span> <span class='ocrx_word' id='word_1_292' title='bbox 773 3368 873 3446; x_wconf 88' lang='lat' dir='ltr'>navis,</span> <span class='ocrx_word' id='word_1_293' title='bbox 891 3368 1090 3434; x_wconf 84' lang='lat' dir='ltr'>instructam-</span> 
     </span>
     <span class='ocr_line' id='line_1_36' title="bbox 62 3461 1089 3552; baseline -0.006 -20"><span class='ocrx_word' id='word_1_294' title='bbox 62 3488 123 3552; x_wconf 90' lang='lat' dir='ltr'>que</span> <span class='ocrx_word' id='word_1_295' title='bbox 139 3476 173 3532; x_wconf 86' lang='lat' dir='ltr'>et</span> <span class='ocrx_word' id='word_1_296' title='bbox 191 3473 343 3531; x_wconf 89' lang='lat' dir='ltr'>armatam</span> <span class='ocrx_word' id='word_1_297' title='bbox 360 3465 487 3552; x_wconf 86' lang='lat' dir='ltr'>egregie</span> <span class='ocrx_word' id='word_1_298' title='bbox 503 3486 561 3551; x_wconf 89' lang='lat' dir='ltr'>pro</span> <span class='ocrx_word' id='word_1_299' title='bbox 578 3462 794 3550; x_wconf 88' lang='lat' dir='ltr'>magnitudine</span> <span class='ocrx_word' id='word_1_300' title='bbox 810 3461 938 3527; x_wconf 89' lang='lat' dir='ltr'>navium</span> <span class='ocrx_word' id='word_1_301' title='bbox 956 3461 1089 3527; x_wconf 86' lang='lat' dir='ltr'>classem</span> 
     </span>
     <span class='ocr_line' id='line_1_37' title="bbox 61 3554 1123 3643; baseline -0.004 -15"><span class='ocrx_word' id='word_1_302' title='bbox 61 3559 209 3628; x_wconf 83' lang='lat' dir='ltr'>habebat.</span> <span class='ocrx_word' id='word_1_303' title='bbox 262 3569 293 3624; x_wconf 91' lang='lat' dir='ltr'>et</span> <span class='ocrx_word' id='word_1_304' title='bbox 319 3568 386 3625; x_wconf 89' lang='lat' dir='ltr'>tum</span> <span class='ocrx_word' id='word_1_305' title='bbox 412 3559 493 3625; x_wconf 80' lang='lat' dir='ltr'>forte</span> <span class='ocrx_word' id='word_1_306' title='bbox 520 3558 579 3625; x_wconf 86' lang='lat' dir='ltr'>sub</span> <span class='ocrx_word' id='word_1_307' title='bbox 604 3558 688 3623; x_wconf 89' lang='lat' dir='ltr'>idem</span> <span class='ocrx_word' id='word_1_308' title='bbox 717 3567 842 3643; x_wconf 91' lang='lat' dir='ltr'>tempus</span> <span class='ocrx_word' id='word_1_309' title='bbox 873 3565 904 3622; x_wconf 88' lang='lat' dir='ltr'>et</span> <span class='ocrx_word' id='word_1_310' title='bbox 929 3554 1015 3621; x_wconf 86' lang='lat' dir='ltr'>venti</span> <span class='ocrx_word' id='word_1_311' title='bbox 1040 3554 1123 3624; x_wconf 80' lang='lat' dir='ltr'>viss</span> 
     </span>
     <span class='ocr_line' id='line_1_38' title="bbox 61 3652 1090 3739; baseline -0.008 -16"><span class='ocrx_word' id='word_1_312' title='bbox 61 3656 164 3723; x_wconf 87' lang='lat' dir='ltr'>omnis</span> <span class='ocrx_word' id='word_1_313' title='bbox 193 3654 305 3721; x_wconf 90' lang='lat' dir='ltr'>cecidit</span> <span class='ocrx_word' id='word_1_314' title='bbox 332 3662 363 3720; x_wconf 93' lang='lat' dir='ltr'>et</span> <span class='ocrx_word' id='word_1_315' title='bbox 383 3653 490 3720; x_wconf 88' lang='lat' dir='ltr'>hostes</span> <span class='ocrx_word' id='word_1_316' title='bbox 512 3653 546 3718; x_wconf 93' lang='lat' dir='ltr'>in</span> <span class='ocrx_word' id='word_1_317' title='bbox 567 3662 737 3739; x_wconf 89' lang='lat' dir='ltr'>conspectu</span> <span class='ocrx_word' id='word_1_318' title='bbox 758 3652 860 3730; x_wconf 84' lang='lat' dir='ltr'>suere,</span> <span class='ocrx_word' id='word_1_319' title='bbox 886 3661 921 3716; x_wconf 90' lang='lat' dir='ltr'>ut</span> <span class='ocrx_word' id='word_1_320' title='bbox 943 3652 984 3717; x_wconf 87' lang='lat' dir='ltr'>nd</span> <span class='ocrx_word' id='word_1_321' title='bbox 1005 3672 1090 3716; x_wconf 91' lang='lat' dir='ltr'>com·</span> 
     </span>
     <span class='ocr_line' id='line_1_39' title="bbox 58 3744 1089 3839; baseline -0.009 -21"><span class='ocrx_word' id='word_1_322' title='bbox 58 3750 209 3839; x_wconf 85' lang='lat' dir='ltr'>ponenda</span> <span class='ocrx_word' id='word_1_323' title='bbox 226 3759 419 3815; x_wconf 87' lang='lat' dir='ltr'>armamenta</span> <span class='ocrx_word' id='word_1_324' title='bbox 436 3748 727 3835; x_wconf 89' lang='lat' dir='ltr'>expediendumque</span> <span class='ocrx_word' id='word_1_325' title='bbox 743 3747 896 3834; x_wconf 90' lang='lat' dir='ltr'>remigem</span> <span class='ocrx_word' id='word_1_326' title='bbox 909 3769 946 3812; x_wconf 91' lang='lat' dir='ltr'>ae</span> <span class='ocrx_word' id='word_1_327' title='bbox 959 3744 1089 3812; x_wconf 90' lang='lat' dir='ltr'>militem</span> 
     </span>
    </p>
   </div>
   <div class='ocr_carea' id='block_1_3' title="bbox 56 3842 918 3996">
    <p class='ocr_par' dir='ltr' id='par_1_5' title="bbox 56 3842 918 3996">
     <span class='ocr_line' id='line_1_40' title="bbox 56 3842 833 3928; baseline -0.008 -17"><span class='ocrx_word' id='word_1_328' title='bbox 56 3846 99 3911; x_wconf 90' lang='lat' dir='ltr'>ad</span> <span class='ocrx_word' id='word_1_329' title='bbox 115 3843 287 3911; x_wconf 90' lang='lat' dir='ltr'>imminens</span> <span class='ocrx_word' id='word_1_330' title='bbox 305 3852 462 3910; x_wconf 89' lang='lat' dir='ltr'>certamen</span> <span class='ocrx_word' id='word_1_331' title='bbox 480 3843 555 3908; x_wconf 88' lang='lat' dir='ltr'>satis</span> <span class='ocrx_word' id='word_1_332' title='bbox 574 3842 722 3928; x_wconf 87' lang='lat' dir='ltr'>temporis</span> <span class='ocrx_word' id='word_1_333' title='bbox 740 3850 833 3908; x_wconf 87' lang='lat' dir='ltr'>esset.</span> 
     </span>
     <span class='ocr_line' id='line_1_41' title="bbox 866 3937 918 3996; baseline 0 0"><span class='ocrx_word' id='word_1_334' title='bbox 866 3937 918 3996; x_wconf 80' lang='lat'>20*</span> 
     </span>
    </p>
   </div>
   <div class='ocr_carea' id='block_1_4' title="bbox 0 0 1268 4530">
    <p class='ocr_par' dir='ltr' id='par_1_6' title="bbox 0 0 1268 4530">
     <span class='ocr_line' id='line_1_42' title="bbox 0 0 1268 4530; baseline 0 5"><span class='ocrx_word' id='word_1_335' title='bbox 0 0 1268 4530; x_wconf 95' lang='lat' dir='ltr'> </span> 
     </span>
    </p>
   </div>
  </div>
 </body>
</html>
