2528 4530
272 264 681 336 massmannus.
702 262 855 335 [aanor]
1012 254 1075 320 471

72 429 125 493 buc
143 424 269 513 dirigite
286 423 404 490 naves?
437 446 475 490 eo
493 422 604 489 classis
623 422 759 489 decurrit
776 423 948 510 copiaeque
966 447 1075 491 omnes
1097 447 1127 496 13

72 532 215 586 rterram
233 518 397 606 expositae
415 530 499 584 sunt

111 616 306 702 Prosperam
339 612 575 699 navigationem
610 613 678 678 sine
714 617 831 680 terrole
867 637 904 680 ac
943 617 1078 681 tumultu
1097 636 1130 683 14

72 711 148 776 uisse
175 708 339 797 permultis
368 706 499 774 Graecis
526 708 715 792 Latinisque
742 710 921 776 auctoribus
949 711 1078 778 credidi.

72 803 197 882 laelius,
222 813 444 891 praeterquam
465 803 550 887 quod
571 825 635 868 non
657 825 778 868 mersas
800 804 947 871 fluctibus
968 828 1077 885 naves,

72 911 171 965 eteros
190 897 292 965 omnis
315 897 460 963 caelestis
482 897 719 982 maritimosque
741 909 891 977 terrores,
918 913 1078 985 postremo

72 995 214 1081 breptam
235 1003 422 1081 tempestate
446 993 486 1057 ab
504 991 617 1057 Africa
639 992 774 1058 classem
796 993 838 1058 ad
858 993 995 1060 insulam
1011 997 1081 1062 Ae-

72 1089 223 1174 imurum,
240 1088 314 1153 inde
333 1110 428 1175 aegre
446 1097 621 1153 correctum
639 1109 767 1154 cursum
785 1088 914 1176 exponit
931 1100 964 1155 et
979 1113 1079 1177 prope
1099 1109 1129 1158 15

72 1183 170 1248 brutis
187 1183 324 1248 navibus
345 1182 469 1248 iniussu
490 1182 688 1268 imperatoris
712 1183 855 1270 scaphis,
881 1182 968 1248 haud
986 1206 1078 1251 secus

72 1300 146 1361 {uam
163 1277 351 1364 naufragos,
378 1277 494 1343 milites
513 1277 581 1342 sine
599 1277 695 1343 armis
714 1299 787 1342 cum
803 1278 926 1365 ingenti
942 1281 1079 1346 tumultu

72 1383 219 1439 nterram
236 1372 389 1439 evasisse.

114 1466 283 1536 XXVIII.
310 1465 475 1552 Expositis
494 1466 593 1552 copiis
602 1466 739 1532 Romani
757 1477 860 1532 castra
877 1466 910 1531 in
927 1469 1078 1554 proximis
1099 1487 1112 1533 1

72 1562 178 1627 umulis
204 1572 372 1627 metantur.
424 1560 488 1625 iam
513 1583 577 1626 non
602 1561 636 1624 in
663 1560 836 1627 maritimos
862 1562 957 1627 modo
984 1579 1113 1649 agr0s2

72 1667 222 1744 tuuspeotu
239 1656 376 1743 primum
393 1654 520 1733 classis,
548 1655 621 1720 dein
642 1657 779 1720 tumultu
801 1657 1030 1743 egredientium
1046 1659 1080 1724 in

72 1760 165 1817 terram
186 1774 287 1838 pavor
308 1760 470 1835 terrorque
492 1761 693 1836 pervenerat,
721 1752 779 1817 sed
803 1751 837 1816 in
863 1752 950 1839 ipsas
973 1755 1078 1820 urbes.

72 1845 255 1930 nequeenim
276 1845 440 1913 bominum
460 1846 556 1912 modo
578 1846 683 1924 turba,
711 1846 879 1912 mulierum
895 1863 1113 1934 puerorum-³

72 1958 116 2022 que
131 1941 308 2028 agminibus
325 1940 483 2018 immixta,
511 1941 613 2007 omnis
631 1942 753 2029 passim
771 1943 984 2030 compleverat
1001 1945 1079 2025 vias,

72 2034 113 2098 scd
127 2058 240 2123 pecora
257 2057 383 2120 quoque
400 2058 476 2121 prae
495 2058 546 2100 se
543 2049 691 2121 agrestes
711 2039 862 2147 agebant,
890 2050 926 2104 ut
946 2039 1081 2125 relinqui
1152 2105 1153 2109 ,

72 2128 154 2197 subito
163 2130 309 2196 Africam
326 2130 458 2195 diceres
485 2131 616 2196 urbibus
635 2153 710 2196 vero
724 2132 803 2217 ipsis
818 2132 970 2199 maiorem
985 2157 1080 2218 quam
1097 2147 1114 2193 4

72 2239 145 2303 quem
170 2247 280 2292 secum
307 2237 352 2291 att
339 2204 481 2291 tulerant
502 2236 653 2290 terrorem
678 2225 875 2302 inferebant,
911 2229 1080 2314 praecipue

72 2310 255 2408 lanhaginis
272 2343 372 2407 prope
390 2332 426 2386 ut
443 2331 553 2407 captae
572 2319 725 2384 tumultus
743 2318 813 2382 fuit.
848 2341 923 2382 nam
940 2331 1014 2405 post
1001 2322 1078 2386 t.M
1099 2337 1114 2383 u

72 2409 184 2482 tritium
201 2416 363 2502 Regulum
384 2416 480 2481 etL.
498 2414 657 2479 Manlium
680 2412 841 2491 consules,
868 2413 959 2479 annis
981 2438 1080 2502 prope

72 2509 297 2597 ltinquaginta,
349 2510 472 2575 nullum
505 2510 689 2576 Romanum
725 2507 897 2572 exercitum
936 2508 1081 2574 viderant

72 2616 174 2671 meter
191 2604 408 2691 praedatorias
427 2603 562 2680 classes,
580 2603 695 2686 quibus
714 2600 915 2666 escensiones
932 2600 967 2666 in
985 2625 1079 2690 agros

72 2712 152 2766 setae
171 2710 275 2778 erant,
293 2700 470 2786 raptisque,
489 2721 570 2781 quae
584 2696 678 2763 obvia
696 2697 762 2762 fors
775 2697 907 2774 fecerat,
926 2696 1013 2783 prius
1031 2719 1080 2762 re-
1100 2712 1114 2759 6

72 2812 178 2862 ursum
201 2816 326 2880 semper
348 2794 390 2858 ad
411 2816 509 2859 naves
533 2813 629 2876 quam
651 2791 769 2857 clamor
791 2791 925 2877 agrestis
944 2793 1083 2859 conciret

72 2900 167 2958 terat:
191 2911 230 2954 eo
246 2888 348 2955 maior
365 2900 432 2954 tum
450 2888 528 2974 fuga
544 2909 707 2974 pavorque
724 2887 758 2951 in
775 2888 854 2953 urbe
867 2887 936 2954 fuit
965 2899 997 2954 et
1010 2888 1081 2955 her·
1101 2905 1115 2952 7

72 2987 117 3053 rle
141 3007 246 3069 neque
269 2983 425 3049 exercitus
448 2982 534 3049 domi
556 2983 679 3049 validus
701 2994 804 3066 ne'que
827 2983 892 3047 dux
915 3006 1009 3068 quem
1026 3007 1083 3070 op·

72 3090 206 3150 suerent
229 3089 306 3145 erat
350 3077 536 3169 Hasdrubal
555 3077 708 3164 Gisgonis
726 3078 810 3143 filius
829 3099 960 3162 genere,
986 3077 1081 3155 fama,

72 3176 174 3252 luitis,
197 3173 286 3260 regia
303 3182 371 3237 tum
392 3174 488 3238 etiam
507 3173 667 3238 adfinitate
684 3172 779 3258 longe
802 3171 923 3257 primus
947 3169 1082 3234 civitatis

72 3281 132 3337 atr
152 3267 210 3333 sed
228 3288 302 3332 eum
319 3268 360 3332 ab
376 3266 431 3332 illo
442 3266 591 3352 Scipione
610 3265 730 3348 aliquot
745 3264 873 3350 proeliis
892 3263 1000 3327 fusum
1012 3263 1083 3347 pul-
1101 3280 1117 3328 8

72 3385 186 3448 unque
207 3361 241 3425 in
258 3361 417 3448 Hispania
438 3361 646 3426 meminerant
667 3379 726 3424 nec
748 3357 851 3443 magis
875 3357 988 3421 ducem
1011 3357 1083 3421 duci

72 3480 162 3527 arem
180 3479 275 3541 quam
297 3457 535 3522 tumultuarium
557 3454 731 3520 exercitum
753 3474 846 3518 suum
863 3451 1009 3517 Romano
1028 3474 1083 3516 ex-

72 3550 163 3621 rcitui
181 3573 263 3616 esse.
293 3551 399 3636 itaque
417 3551 505 3616 velut
522 3550 550 3615 si
566 3550 678 3615 urbem
696 3548 855 3633 extemplo
873 3546 1081 3632 adgressurus
1101 3563 1116 3610 9

72 3646 163 3734 cipio
189 3645 290 3724 foret,
324 3645 370 3711 ita
396 3647 625 3716 conclamatum
651 3644 692 3708 ad
720 3665 807 3707 arma
833 3652 882 3705 cst
911 3650 1083 3727 portaeque

72 3741 168 3831 tptim
182 3738 308 3805 clausae
327 3752 359 3805 et
377 3741 488 3804 armati
507 3740 540 3804 in
557 3739 655 3804 muris
673 3737 863 3824 vigiliaeque
881 3745 913 3800 et
931 3734 1082 3799 stationes

72 3834 242 3924 ispositae,
270 3855 307 3900 ac
332 3847 425 3901 nocte
451 3834 630 3920 insequenti
656 3832 821 3920 vigilatum
844 3839 902 3894 est.
954 3838 1082 3914 postero
1102 3845 1136 3894 10

72 3933 101 3999 ie
119 3929 208 3995 mille
223 3929 360 4014 equites,
379 3931 576 4017 speculatum
590 3929 631 3993 ad
643 3950 730 3993 mare
743 3925 979 4008 turbandosque
994 3945 1083 4009 egre-

72 4025 168 4094 Ientis
197 4046 237 4090 ex
261 4025 396 4092 navibus
423 4024 527 4105 missi,
554 4025 587 4089 in
615 4024 766 4090 stationes
792 4021 1009 4088 Romanorum
1035 4018 1084 4082 in·
