2528 4514
138 246 205 314 244
294 328 301 345 Ι
372 250 937 324 ΒΙΒΕΒΧΧῨΜιὸΞΜιιιοΜΞ]

140 417 238 483 cellus
264 426 299 480 ut
316 413 493 501 Euryalum
519 433 621 497 neque
648 409 728 475 tradi
750 431 858 520 ‘neque
881 432 952 496 cap1
941 408 1115 490 vidit

138 511 220 577 inter
235 508 403 595 Neapolim
421 518 452 572 et
469 506 658 593 Tycham-
674 504 802 570 nomina
824 525 863 570 ea
883 504 1020 590 partium
1038 526 1115 583 t..

138 605 239 671 instar
260 603 387 669 urbium
409 610 525 667 suut-
499 599 648 687 -posuit
670 608 787 676 castra,
819 598 949 677 timens,
979 620 1033 676 ne,

139 699 269 784 quentia
285 698 433 763 intrasset
450 696 533 774 loca,
561 694 712 761 contineri
731 693 770 759 ab
788 693 935 760 discursu
957 693 1090 765 miles
1112 760 1115 777 ,

107 816 122 864 c
139 792 276 879 praedae
293 814 358 856 non
374 799 492 876 posset
536 788 633 876 legati
651 811 689 854 eo
712 787 752 854 ab
771 787 884 875 Tycha
902 798 934 854 et
950 786 1044 875 Neap
1052 802 1114 867 ol·

140 886 249 951 infulis
270 896 301 950 et
288 883 502 951 tvclamentis
521 892 674 949 venerunt
690 891 871 969 precantes,
889 891 926 947 ut
943 907 962 949 a
980 890 1115 959 caedi.

108 1004 122 1051 ι
141 979 182 1046 ab
199 980 352 1045 incendiis
370 986 558 1065 parceretur
587 977 626 1042 de
644 998 779 1061 quorum
796 976 943 1062 precibus
962 999 1084 1062 quaml

139 1073 212 1140 latis
240 1074 344 1160 magis
372 1072 502 1140 consilio
529 1071 637 1137 habito
668 1071 841 1137 Marcellus
874 1093 915 1137 ex
942 1072 1092 1138 omniun

140 1168 237 1233 tentia
261 1168 360 1233 edixit
347 1166 548 1245 tmilitibus,
574 1188 615 1231 ne
638 1166 709 1250 quis
731 1165 866 1231 liberum
894 1188 1006 1252 corpus
1030 1166 1074 1229 vio
1091 1201 1093 1216 ι

106 1272 245 1331 scotera
274 1262 410 1347 praedae
441 1261 558 1326 futura.
613 1270 778 1345 castraque
809 1260 900 1325 tectis
936 1261 1067 1347 parietum

139 1378 231 1421 muro
259 1365 379 1441 saepta.
428 1355 527 1440 portis
554 1355 682 1441 regione
708 1355 884 1440 platearum
910 1352 1064 1441 patentibus
1098 1431 1099 1436 γ

140 1450 242 1515 tiones
259 1449 481 1536 praesidiaque
499 1448 665 1535 disposuit,
684 1471 724 1514 ne
742 1449 813 1533 quis
831 1449 865 1513 in
882 1448 1021 1514 discursu

107 1544 276 1629 eimpetus
303 1543 337 1607 in
365 1553 467 1610 castra
493 1542 560 1609 fieri
585 1554 703 1630 posset.
748 1544 821 1608 inde
848 1543 942 1631 signo
970 1543 1032 1608 dato
1051 1545 1085 1593 ι’

141 1637 369 1716 discurrerunt3
399 1637 606 1722 refractisque
631 1638 753 1704 foribus
777 1659 849 1704 eum
876 1637 982 1703 omnia
1002 1645 1078 1700 term

142 1732 280 1798 tumultu
307 1741 493 1817 streperent,
530 1756 549 1796 a
576 1731 726 1797 caedibus
754 1740 860 1797 tamen
886 1738 1061 1816 temperatur
1088 1777 1091 1806 2

142 1826 262 1911 rapinis
280 1826 385 1891 nullus
404 1836 475 1892 ante
493 1827 606 1893 modus
624 1827 685 1893 fuit
701 1849 798 1911 quam
819 1828 926 1892 omnia
947 1827 1095 1902 diuum

94 1941 126 1989 10
144 1919 237 1985 citate
264 1919 424 1986 cumulata
454 1920 538 1987 bona
564 1932 757 2007 egesserunt.
827 1922 909 1987 inter
938 1920 1014 1987 haec
1034 1917 1071 1983 ι’

142 2012 300 2090 lodemus,
320 2035 392 2078 cum
411 2036 484 2101 spes
503 2015 600 2080 auxili
617 2015 704 2081 nulla
721 2024 819 2094 esset,
838 2015 901 2081 fide
919 2012 1076 2100 acceptati

143 2106 279 2174 violatus
305 2109 346 2174 ad
364 2108 531 2195 Epicyden
557 2110 685 2189 rediret,
714 2111 849 2176 deducto
875 2110 1024 2197 praesidio
1091 2157 1105 2192 a

93 2224 124 2271 11
144 2202 301 2268 tumulum
328 2204 491 2270 Romanis.
545 2205 664 2270 aversis
696 2204 842 2271 omnihus
874 2205 914 2269 ad
946 2200 1095 2269 tumultu

141 2307 231 2384 parte
258 2308 369 2383 captae
396 2299 484 2365 urbis
510 2299 670 2365 Bomilcar
696 2310 820 2366 noctem
853 2321 924 2365 eam
954 2309 1057 2369 nactus,
1079 2319 1090 2350 ¹-

142 2401 269 2478 propter
286 2393 351 2457 vim
369 2394 565 2480 tempestatis
585 2405 667 2459 stare
685 2394 726 2458 ad
744 2416 891 2459 ancoram
909 2395 943 2458 in
957 2392 1017 2459 salo
1035 2395 1067 2440 'u

93 2507 124 2555 ιι
143 2485 254 2551 classis
281 2509 344 2551 non
375 2497 502 2572 posset,
539 2510 612 2552 cum
643 2487 770 2573 triginta
800 2489 941 2572 quinque
971 2482 1072 2551 navibn

141 2588 236 2665 portu
262 2577 465 2665 Syracusano
495 2582 657 2668 profectus
686 2581 786 2647 libero
818 2584 898 2645 mari
928 2577 1044 2646 velaiu

143 2673 230 2738 dedit
248 2675 387 2759 quinque
406 2688 437 2741 et
454 2678 682 2764 quinquaginta
699 2676 834 2742 navibus
851 2676 1013 2763 Epicydae
1026 2681 1051 2738 et
1066 2673 1077 2686 '‘

94 2790 125 2838 13
144 2768 270 2831 cusanis
288 2769 420 2835 relictis:
448 2771 629 2856 edoctisque
649 2769 981 2858 Carthaginiensibus,
1005 2768 1067 2833 ino
1087 2827 1089 2830 .

142 2882 194 2925 res
222 2858 425 2946 Syracusana
451 2866 631 2931 discrimine
658 2876 756 2943 esset,
793 2887 867 2930 cum
895 2876 1017 2931 centum
1043 2892 1051 2914 ι

144 2967 217 3039 post
242 2978 361 3040 paucos
389 2959 455 3024 dies
482 2961 577 3038 redit,
607 2960 728 3038 multis,
760 2971 795 3024 ut
822 2959 909 3024 fama
936 2970 996 3038 est,
1019 2948 1076 3021 dou

144 3047 295 3116 Hieronis
314 3076 396 3139 gaza
414 3053 453 3119 ab
469 3053 615 3141 Epicyde
634 3055 779 3120 donatus.
1069 3086 1073 3095 ·

113 3168 126 3214 1
164 3180 167 3185 ·
210 3144 345 3212 XXVI.
389 3146 561 3214 Marcellus
580 3148 721 3235 Euryalo
743 3158 870 3235 recepto
888 3146 1095 3234 praesidio!

145 3239 210 3304 dito
228 3263 292 3305 una
310 3264 385 3308 cura
403 3254 469 3309 erat
485 3243 577 3321 liber,
605 3266 645 3309 ne
669 3266 733 3329 qua
754 3243 794 3308 ab
818 3252 906 3330 tergo
925 3243 975 3309 vis
991 3236 1063 3306 ho'w
1091 3271 1092 3274 ¹

145 3355 251 3398 arcem
272 3348 401 3422 accepta
427 3337 564 3404 inclusos
587 3339 806 3424 inpeditosque
829 3336 995 3403 moenibus
1014 3348 1069 3400 suu

111 3425 243 3496 aberet.
288 3428 504 3498 Achradinam
525 3432 598 3497 inde
620 3431 709 3497 trinis
733 3431 844 3496 castris
866 3453 925 3518 per
945 3431 1066 3497 idonea

146 3520 214 3585 sitis
241 3520 324 3601 loca,
357 3547 414 3610 spe
440 3526 480 3590 ad
506 3527 645 3612 inopiam
672 3524 812 3591 omnium
838 3547 944 3590 rerum
969 3522 1080 3591 iuclustt

114 3616 326 3697 adacturum,
362 3621 570 3688 circumsedit
628 3643 700 3687 cum
730 3642 788 3707 per
817 3619 938 3705 aliquot
964 3619 1025 3685 dies
1051 3640 1090 3669 ιιι

146 3711 297 3779 stationes
316 3715 461 3800 utrinque
478 3716 629 3794 fuissent,
656 3726 785 3801 repente
754 3713 1017 3781 tadventus
975 3712 1089 3798 Hpq

147 3815 178 3870 et
203 3805 392 3876 Himilconis
419 3821 455 3875 ut
485 3811 566 3877 ultro
592 3810 730 3894 undiquc
761 3818 1017 3898 oppugnarentur
1047 3809 1083 3859 :a

112 3895 231 3967 efecit.
275 3926 349 3969 uam
376 3914 407 3971 et
432 3903 644 3992 Hippocrates
671 3904 781 3970 castris
808 3904 850 3970 ad
874 3924 1021 3991 magnum
1053 3921 1093 3952 w

147 3999 345 4065 communitis
366 3999 518 4086 signoque
539 4000 578 4065 iis
597 4000 684 4077 dato,
712 4020 767 4085 qm
756 3997 999 4064 Achradinam
1018 4002 1083 4059 tene
1099 4017 1100 4022 ¹
