2528 4530
254 245 374 312 msa
390 245 489 317 xxv,
507 244 550 301 aa.
563 246 606 302 ss.
626 248 665 317 [a
676 245 707 303 c.
717 247 781 318 212]
989 184 1057 303 aab

82 413 187 491 perunt
204 426 242 470 ac
260 405 354 470 tutari
372 427 501 492 agmen3
533 416 685 490 quantum
705 414 838 491 possent
859 414 965 472 tamen
986 416 1055 472 tuto

91 498 181 564 simul
215 509 394 585 pugnarent
423 498 691 586 procederentque
721 496 830 586 Scipio
860 498 1053 580 hortabatur,

81 614 200 676 isquam
217 593 372 678 pedestris
392 593 501 680 copiae
519 592 775 678 adsequerentur.

82 684 252 751 XXXVI.
308 684 458 751 Ceterum
484 708 568 751 nunc
594 687 732 773 agendo,
759 709 844 754 nunc
870 688 1088 759 sustinendor

81 803 131 846 ren
144 803 218 845 oum
231 780 425 865 aliquamdiu
442 780 529 846 haud
550 780 686 846 multum
705 782 926 868 procederetur
944 792 975 849 et
991 805 1056 849 nox

95 876 242 953 instaret,
269 884 399 941 revocat
419 874 539 961 proelio
561 897 637 941 suos
656 873 766 961 Scipio
788 886 820 942 et
841 877 1000 945 conlectos
1020 877 1090 947 ina

81 970 172 1034 ¹ulum
198 971 358 1055 quendam
384 993 448 1036 non
470 970 599 1055 quidem
622 971 698 1035 satis
725 979 843 1052 tutum,
869 972 1056 1059 praesertim

81 1065 133 1129 tini
150 1064 312 1151 perculso,
341 1065 398 1130 sed
416 1065 578 1131 editiorem
601 1074 708 1130 tamen
729 1086 825 1150 quam
846 1076 951 1134 cetera
972 1066 1056 1134 cir'ca

81 1169 103 1223 rt
129 1159 287 1225 subducit.
340 1159 386 1225 ibi
411 1160 513 1245 primo
537 1159 771 1245 impedimentis
799 1168 830 1226 et
856 1161 997 1247 equitatu
1021 1160 1091 1228 ine

81 1253 154 1318 lium
180 1254 314 1339 receptis
343 1254 527 1320 circumdati
551 1253 673 1341 pedites
699 1253 785 1320 haud
808 1254 977 1320 difficulter
996 1255 1057 1321 im-

81 1373 107 1415 rs
141 1349 371 1415 incursantium
400 1348 611 1416 Numidarum
646 1349 809 1429 arcebant;
844 1350 931 1430 dein,
967 1360 1090 1437 post-4

81 1466 111 1509 m
139 1453 207 1509 toto
239 1444 365 1530 agmine
400 1445 456 1510 tris
492 1445 699 1531 imperatores
729 1467 802 1510 cum
831 1443 932 1510 tribus
963 1444 1055 1511 iustis

80 1537 207 1604 coitibus
226 1538 369 1617 aderant,
397 1538 570 1626 apparebat
590 1561 704 1625 parum
725 1537 821 1604 armis
843 1538 885 1604 ad
902 1539 1055 1604 tuendum

80 1655 120 1697 rm
157 1632 225 1698 sine
259 1633 455 1699 munimento
490 1633 641 1699 valituros
672 1655 757 1712 esse,
793 1632 1090 1721 circumspectores

80 1750 110 1792 re
134 1727 255 1813 agitare
283 1728 349 1792 dux
375 1727 497 1814 coepit,
534 1728 562 1793 si
590 1749 653 1813 quo
680 1728 774 1793 modo
800 1736 910 1814 posset
934 1726 1055 1793 vallum

80 1821 261 1886 :uminioere
315 1822 372 1886 sed
398 1831 464 1887 erat
491 1822 570 1887 adeo
596 1822 700 1887 nudus
727 1821 867 1888 tumulus
893 1830 925 1888 et
951 1822 1056 1909 asperi

83 1962 91 1992 ,
124 1924 160 1979 ut
186 1937 246 1980 neo
271 1914 408 2002 virgulta
434 1916 517 1982 vallo
544 1916 703 1983 caedendo
729 1937 789 1982 nec
815 1926 898 1982 terra
924 1916 1056 2004 caespiti

80 2010 160 2075 ‚endo
187 2018 242 2075 aut
269 2010 431 2076 ducendae
453 2010 560 2078 fossae
586 2011 679 2076 aliive
709 2010 766 2076 ulli
791 2010 879 2098 operi
909 2021 984 2098 apta
1007 2010 1057 2076 in-

80 2105 114 2170 iri
139 2115 267 2192 posset,
303 2127 362 2172 nec
387 2117 500 2172 natura
530 2106 700 2190 quicquam
732 2105 809 2171 satis
839 2105 973 2171 arduum
999 2113 1089 2174 aute

80 2200 176 2266 cisum
199 2209 278 2279 erat,
307 2201 392 2286 quod
412 2200 497 2267 hosti
519 2200 640 2266 aditum
662 2220 869 2265 ascensumve
891 2198 1053 2266 difficilem

80 2294 194 2374 eberet,
223 2295 328 2361 omnia
353 2295 483 2383 fastigio
510 2294 574 2361 leni
601 2293 752 2360 subvexa
805 2301 841 2356 ut
866 2301 973 2358 tamen
998 2292 1089 2362 ali-r

80 2414 111 2455 m
131 2389 305 2478 imaginem
327 2390 403 2456 valli
425 2389 599 2468 obicerent,
627 2387 757 2454 clitellas
779 2385 928 2473 inligatas
953 2385 1056 2451 oneri·

93 2484 183 2550 velut
201 2494 356 2551 struentes
379 2485 420 2551 ad
442 2483 640 2551 altitudinem
661 2480 786 2548 solitam
807 2477 1054 2558 circumdabant,

80 2579 143 2646 rulo
170 2580 363 2646 sarcinarum
390 2580 492 2646 omnis
518 2578 645 2668 generis
671 2575 808 2654 obiecto,
839 2572 895 2640 ubi
920 2573 962 2640 ad
987 2594 1057 2639 mo-

80 2674 156 2739 dum
183 2673 315 2740 clitellae
342 2674 516 2740 defuerant.
563 2671 678 2738 Punici
704 2670 860 2736 exercitus
885 2677 1091 2757 postquama

79 2790 187 2847 erere,
213 2769 247 2833 in
272 2769 429 2834 tumulum
455 2768 583 2853 quidem
603 2764 754 2852 perfacile
775 2786 892 2853 agmen
912 2783 1055 2843 erexers3

79 2863 198 2929 ritionis
216 2863 315 2930 facies
337 2886 421 2929 nova
442 2863 542 2950 primo
565 2884 621 2929 eos
639 2860 727 2927 velut
743 2858 895 2927 miraculo
917 2858 1056 2946 quodam

79 2958 130 3037 rit,
150 2979 223 3023 cum
242 2958 339 3024 duces
358 2957 496 3043 undique
513 2957 773 3035 vociferarentur,
792 2955 870 3041 quid
887 2964 1007 3023 starent
1023 2961 1088 3021 ete

99 3051 274 3117 ludibrium
295 3052 375 3118 illud
395 3052 450 3118 vix
471 3052 599 3119 feminis
622 3050 769 3139 puerisve
794 3049 954 3116 morandis
977 3047 1055 3115 satis

78 3147 158 3212 dum
202 3147 410 3213 distraherent
452 3144 708 3235 diriperentque?
760 3153 888 3231 captum
930 3142 1055 3209 hostem

79 3241 114 3307 tri
142 3239 291 3307 latentem
316 3251 390 3329 post
417 3242 565 3309 sarcinas.
617 3239 696 3305 haec
722 3236 926 3323 contemptim
956 3235 1054 3301 duces
1073 3253 1108 3302 10

79 3334 231 3422 epabant.
276 3345 415 3402 ceterum
440 3356 543 3421 neque
570 3332 724 3399 transilire
750 3353 809 3397 neo
834 3329 938 3395 moliri
959 3350 1056 3396 onera

79 3440 142 3495 ecta
177 3451 235 3495 nec
270 3431 400 3496 caedere
431 3430 562 3516 stipatas
593 3427 724 3494 clitellas
754 3424 895 3512 ipsisque
925 3422 1054 3491 obrutas
1175 3509 1179 3517 Ι

79 3524 149 3590 inis
176 3524 270 3590 facile
301 3535 376 3591 erat.
437 3523 567 3591 tardatis
598 3523 654 3588 diu
683 3542 756 3586 cum
786 3517 905 3585 amoliti
931 3518 1054 3585 obiecta
1073 3534 1104 3583 11

79 3642 115 3685 ra
136 3619 264 3686 armatis
287 3620 449 3685 dedissent
470 3619 555 3685 viam
576 3615 782 3705 pluribusque
803 3612 889 3679 idem
910 3611 1053 3700 partibus

78 3724 119 3793 et,
148 3723 241 3800 capta
266 3713 331 3779 iam
356 3713 495 3799 undique
522 3722 625 3778 castra
650 3719 752 3789 erant,
782 3706 922 3796 pauci.a
947 3704 1054 3771 multis
1074 3722 1107 3771 rs

78 3807 218 3892 eulsique
253 3831 272 3874 a
305 3807 476 3874 victoribus
511 3805 630 3894 passim
665 3802 885 3870 caedebantur.
938 3822 1055 3888 magna

78 3929 87 3970 s
108 3914 218 3968 tamen
239 3901 373 3967 militum
395 3924 468 3968 cum
489 3901 523 3967 in
543 3899 737 3987 propinquas
758 3896 928 3984 refugisset
946 3894 1053 3974 silvas,
