2528 4530
313 223 433 287 emus
449 222 552 295 xxn,
569 225 669 281 sess.
689 223 842 294 [ecem]
1052 212 1096 279 99

81 395 146 450 arte
159 383 342 461 eonseritm,
361 383 460 468 quieti
475 393 673 460 mansenmt3
691 391 861 468 postquam
875 382 1016 449 omnium
1030 384 1098 449 ani·
1114 406 1132 454 e

81 503 127 546 sos
146 476 320 561 oculosque
338 488 548 563 occupaverat
566 486 739 555 eertemen,
758 487 825 543 tum
839 477 972 564 arreptis
987 478 1097 556 scutis,

81 596 137 659 nae
154 571 278 659 passim
290 571 372 637 inter
384 592 514 637 acervos
530 592 694 637 caesorum
709 593 874 657 corporum
889 581 987 641 strate
999 580 1097 649 erant,

82 689 202 734 versam
225 665 410 731 adoriuntur
432 665 610 731 Romanam
634 664 748 743 eciem,
775 676 927 753 tergaque
949 665 1098 732 ferientes

82 761 252 848 opoplites
277 758 446 825 caedentes
470 769 608 846 stragem
631 758 791 846 ingentem
815 781 852 827 ee
873 759 1025 826 maiorem
1042 759 1100 826 eli·

81 867 173 940 ¹nanto
192 876 344 941 pavorem
364 876 401 919 ee
420 853 591 920 tumultum
610 853 761 920 fecerunt.
806 875 880 921 eum
903 854 978 920 aiibi
1000 864 1133 924 terrers

82 951 210 1037 ofuga,
239 948 315 1013 alibi
337 948 482 1033 pertinax
506 948 539 1012 in
561 947 645 1012 mele
666 947 731 1014 iam
754 970 811 1033 spe
832 948 985 1035 proelium
1004 959 1098 1027 esset,

81 1041 261 1120 asdrubal,
290 1042 345 1127 qui
368 1064 406 1108 ea
426 1052 516 1129 parte
542 1052 700 1127 praeerat,
728 1041 901 1109 subductos
928 1065 969 1109 ex
994 1043 1100 1108 media

81 1139 124 1203 eie
146 1135 320 1214 Numidas,
353 1136 427 1220 quia
454 1135 561 1224 segnis
589 1158 698 1201 eorum
725 1158 798 1201 eum
824 1136 965 1203 adversis
991 1159 1100 1223 pugne

81 1242 137 1309 rat,
166 1231 210 1295 ad
232 1230 469 1316 persequendos
492 1230 612 1317 passim
635 1230 787 1317 fugientis
805 1229 914 1308 mittit,
933 1229 1098 1316 Hispanos
1117 1253 1133 1301 6

81 1323 229 1392 tGallos
263 1325 384 1409 equites
410 1324 501 1391 Afris
532 1325 596 1391 iem
626 1346 726 1412 prope
752 1325 847 1393 fessis
875 1323 971 1390 caede
996 1325 1099 1410 magis

81 1443 153 1505 uam
170 1441 286 1505 ruens
303 1419 456 1506 adiungit.

123 1510 388 1579 XXXXVIIII.
432 1511 529 1578 Parte
557 1513 654 1579 altera
675 1534 802 1600 pugnae
824 1511 960 1591 Paulus,
987 1533 1129 1596 quem-1

80 1628 151 1691 quau
177 1607 285 1695 primo
313 1607 419 1673 stetim
445 1607 565 1693 proelio
591 1606 691 1673 funde
716 1606 854 1694 graviter
878 1606 960 1673 ictus
987 1607 1098 1683 fueret,

80 1710 162 1769 tmen
185 1711 219 1766 et
243 1701 377 1767 occurrit
399 1723 493 1789 saepe
516 1723 590 1767 oum
613 1701 762 1767 consertis
785 1699 960 1767 Hannibali
985 1711 1017 1766 et
1041 1700 1132 1769 ali-s

80 1810 137 1881 pot
152 1796 234 1862 locis
253 1795 407 1881 proelium
425 1796 574 1874 restituit,
592 1794 829 1882 protegentibus
849 1817 922 1860 enm
940 1794 1098 1880 equitibus

80 1890 229 1969 iomanis,
257 1890 384 1958 omissis
406 1900 567 1977 postremo
590 1891 694 1974 equis,
721 1891 797 1976 quia
818 1889 982 1957 oonsulem
1004 1901 1036 1956 et
1059 1891 1100 1955 ed

80 1986 235 2074 egendum
254 2005 371 2069 equum
388 1985 471 2052 vires
490 1984 686 2050 deficiebant.
731 1994 798 2050 tum
821 1985 1017 2051 denuntianti
1034 1985 1134 2053 eui-e

80 2080 146 2159 tam,
183 2079 317 2145 iussisse
349 2079 511 2145 consulem
542 2078 584 2143 ad
614 2079 712 2165 pedes
744 2078 935 2145 descendere
966 2079 1097 2164 equites,

80 2174 179 2239 lixisse
203 2172 418 2241 Hannibalem
440 2172 547 2239 ferunt
575 2178 686 2257 ‘quam
707 2172 849 2250 mallem,
876 2172 999 2239 vinctos
1021 2174 1100 2237 mihi

80 2269 215 2337 raderet!
260 2269 401 2355 equitum
431 2269 578 2355 pedestre
604 2267 773 2354 proelium,
805 2267 898 2351 quale
924 2267 987 2332 iam
1013 2267 1135 2335 haudr

80 2364 157 2431 lubia
179 2362 322 2430 hostium
345 2363 489 2441 victorie,
516 2362 591 2440 fuit,
620 2383 693 2426 oum
714 2361 789 2426 vieti
812 2361 892 2427 mori
913 2360 947 2424 in
964 2359 1100 2446 vestigio

80 2459 190 2525 nullent
212 2479 309 2542 quem
331 2456 456 2545 fugere,
480 2457 616 2523 victores
637 2455 831 2522 morantibus
849 2454 1012 2521 victoriam
1026 2454 1101 2521 ‘ireti

80 2552 255 2618 meiderent
271 2574 352 2638 quos
370 2551 486 2639 pellere
504 2573 569 2618 non
590 2559 745 2636 poterent.
785 2549 972 2636 pepulerunt
993 2559 1099 2615 temen
1118 2568 1135 2617 5

80 2669 124 2712 em
139 2668 262 2734 peuces
281 2647 458 2732 superantis
473 2655 504 2712 et
516 2645 624 2711 labore
638 2667 677 2711 ae
690 2644 872 2711 vulneribus
887 2643 999 2711 fessos.
1026 2642 1100 2709 inde

79 2740 207 2829 tissipeti
225 2763 335 2807 omnes
355 2752 443 2819 sunt,
463 2761 622 2825 equosque
637 2739 678 2805 ad
691 2738 803 2827 fugem
819 2739 875 2823 qui
891 2746 1035 2825 poterent
1051 2759 1101 2803 re·

79 2836 219 2919 retebant.
267 2833 327 2901 Cn.
350 2835 509 2902 Lentulus
532 2835 676 2902 tribunus
702 2835 838 2901 militum
864 2857 937 2901 eum
962 2844 1133 2921 praeter-,o

79 2931 178 2999 rehens
199 2953 284 3014 equo
304 2930 466 2997 sedentem
481 2932 516 2996 in
533 2953 611 2997 saxo
629 2953 740 2996 eruore
758 2930 920 3017 oppletum
938 2928 1100 2996 eonsulem

79 3024 206 3103 udisset,
227 3025 284 3091 ‘L.
294 3024 436 3105 Aemili:
454 3026 557 3111 inquit
576 3031 684 3110 ‘quem
697 3048 797 3090 unum
813 3025 970 3091 insontem
988 3023 1100 3108 esdpae
1118 3044 1133 3091 r

79 3118 158 3187 dedis
180 3120 354 3187 hodiernae
373 3119 425 3186 dei
441 3121 598 3208 respicere
617 3120 747 3198 debent,
769 3141 848 3205 eepe
866 3120 949 3185 hune
968 3115 1099 3201 equum!

79 3211 141 3279 ium
160 3225 193 3282 et
210 3215 269 3281 tibi
287 3214 401 3280 virium
419 3215 538 3301 aliquid
557 3224 714 3302 superest,
738 3237 844 3287 eomes
863 3236 922 3300 ego
941 3223 972 3278 te
990 3211 1100 3278 tollere

79 3324 193 3390 possum
216 3330 256 3375 ae
278 3319 454 3397 protegere.
497 3333 539 3376 ne
560 3310 720 3375 funestam
741 3309 823 3375 hane
841 3328 982 3394 pugnam
998 3314 1134 3374 mortes

79 3402 200 3471 merulis
223 3403 353 3470 feceris:
380 3404 475 3471 etiem
498 3405 565 3471 sine
586 3405 647 3471 hoe
669 3403 868 3471 lacrimarum
886 3402 963 3469 satis
980 3401 1100 3469 luotus·

79 3517 126 3581 lus
145 3498 212 3567 est’
258 3499 300 3565 ed
317 3521 356 3565 ee
373 3499 497 3566 consul:
522 3505 572 3565 ‘tu
589 3500 730 3585 quidem,
751 3497 811 3566 Cn.
833 3496 974 3575 Corneli,
997 3504 1133 3562 meotes

79 3593 175 3663 tirtute
194 3604 278 3675 esto,
298 3594 449 3661 sedesve
467 3594 584 3662 frustra
601 3596 752 3661 morando
770 3593 921 3682 exiguum
938 3600 1062 3677 tempus
1081 3611 1099 3656 e

79 3688 208 3757 mnibus
226 3688 368 3757 hostium
386 3689 540 3756 evadendi
558 3688 717 3755 absumus.
762 3687 828 3767 abi,
845 3685 956 3752 nuntie
972 3684 1099 3771 publice
1117 3708 1150 3758 10

79 3785 219 3865 utribus,
243 3782 354 3852 urbem
372 3784 550 3852 Romanam
570 3785 714 3852 muniant
737 3804 775 3849 ee
795 3783 981 3869 priusquam
996 3779 1098 3847 hostis
1129 3848 1133 3857 ,

79 3880 158 3948 ieter
171 3879 304 3947 advenit
316 3879 483 3967 praesidiis
497 3880 635 3960 firment,
653 3878 800 3966 privatim
811 3876 852 3961 Q.
862 3874 973 3955 Fabio,
987 3875 1099 3941 Aemi-

79 3997 134 4043 um
145 3983 394 4066 praeceptorum
408 3975 475 4045 eius
489 3998 661 4044 memorem
674 3984 705 4042 et
714 3974 832 4041 vixisse
847 3972 950 4040 edhne
964 3983 996 4040 et
1008 3973 1098 4041 mori.

885 4074 920 4128 71
