2528 4514
289 255 407 313 urana
424 257 582 329 xxvuu,
602 258 643 314 aa
657 259 699 314 ac.
720 259 871 330 [acaci]
1031 249 1096 316 473

85 416 132 504 agi
159 426 260 504 nupta
286 415 402 495 fuerat,
434 415 635 482 matrimonio
662 417 722 482 sibi
748 418 850 504 iungit
877 441 933 506 spe
961 416 1096 486 Cartha·

85 511 257 577 iniensium
276 510 436 576 societatis
455 521 487 575 et
501 532 574 575 cum
584 509 733 599 Syphace
746 513 918 600 hospitium
936 524 1097 581 vetustum
1115 533 1148 584 1³

85 604 180 693 agatis
201 605 309 669 missis
330 615 476 684 renovat,
505 604 612 670 omnia
632 628 671 670 ea
693 605 810 671 auxilia
830 630 1023 695 praeparans
1042 610 1097 674 ad·

85 723 178 766 ersus
196 698 414 764 Masinissam.

128 793 251 859 XXX.
287 794 530 872 EtMasinissa,
549 794 657 860 audita
673 806 774 861 morte
791 797 909 883 patrui,
929 798 1002 863 dein
1019 819 1097 864 nece
1116 819 1130 865 1
1179 873 1186 887 ,

85 889 172 956 atris
190 888 356 976 patruelia,
375 911 415 953 ex
428 888 588 975 Hispania
604 889 638 953 in
655 889 889 955 Mauretaniam
905 928 933 940 —
949 893 1043 979 Baga
1060 914 1099 958 ea

85 994 257 1071 ampestate
274 982 462 1050 Maurorum
480 994 548 1048 erat
564 1021 591 1032 -
608 984 739 1049 traiecit
784 986 824 1051 ab
842 1008 880 1051 eo
899 988 1034 1074 supplex
1050 987 1098 1052 in·
1116 1005 1133 1054 a

85 1078 148 1144 ‚mis
164 1078 312 1165 precibus
327 1079 478 1142 auxilium
490 1078 609 1157 itineri,
627 1079 776 1163 quoniam
788 1080 872 1146 bello
886 1103 950 1146 non
963 1092 1097 1167 poterat,

84 1183 215 1258 uattuor
231 1172 319 1237 milia
335 1173 523 1239 Maurorum
540 1173 729 1259 impetravit
761 1194 835 1237 cum
850 1172 905 1254 iis,
922 1175 1097 1261 praemisso
1116 1192 1133 1239 a

84 1268 242 1334 untio.ad
263 1278 413 1356 paternos
435 1290 573 1351 suosque
596 1269 728 1346 amicos,
756 1289 829 1333 cum
851 1268 892 1333 ad
912 1269 985 1335 finis
1008 1270 1098 1358 regni

84 1363 278 1441 ervenisset,
307 1363 470 1449 quingenti
492 1363 591 1428 ferme
608 1363 765 1429 Numidae
784 1363 824 1427 ad
846 1386 920 1429 eum
942 1385 1098 1429 convene-

84 1467 148 1524 unt.
184 1456 281 1544 igitur
296 1457 421 1522 Mauris
439 1456 527 1535 inde,
555 1456 637 1521 sicut
654 1468 859 1535 convenerat,
885 1467 970 1523 retro
989 1458 1030 1523 ad
1046 1481 1097 1523 re·
1114 1475 1132 1520 4

84 1575 140 1637 ‚ram
167 1550 309 1617 remissis
331 1573 523 1635 quamquam
545 1551 704 1636 aliquanto
725 1551 830 1616 minor
851 1574 908 1639 spe
929 1552 1096 1619 multitudo

84 1669 124 1713 rec
142 1669 217 1712 cum
235 1668 298 1731 qua
316 1657 436 1711 tantam
452 1669 521 1711 rem
539 1646 670 1732 adgredi
693 1646 770 1711 satis
789 1647 920 1711 auderet
942 1668 1097 1714 convene-

84 1752 128 1820 at,
151 1751 240 1805 ratus
260 1740 383 1827 agendo
402 1761 439 1805 ac
456 1739 615 1805 moliendo
634 1739 717 1805 vires
736 1762 861 1825 quoque
880 1742 921 1806 ad
939 1742 1097 1828 agendum
1116 1758 1134 1804 5

83 1835 186 1920 liquid
212 1836 441 1911 conlectumm,
477 1833 689 1922 proficiscenti
715 1836 756 1900 ad
784 1833 965 1923 Syphacem
991 1836 1098 1903 Lacu-

83 1952 175 1995 nazae
202 1929 313 2016 regulo
341 1929 382 1993 ad
408 1929 573 2016 Thapsum
601 1930 745 1995 occurrit.
799 1931 956 2019 trepidum
982 1954 1133 2019 agmone

83 2047 138 2090 um
155 2025 189 2088 in
207 2026 319 2089 urbem
335 2023 521 2111 refugisset,
541 2025 652 2089 urbem
664 2025 841 2091 Masinissa
857 2027 960 2113 primo
977 2027 1097 2115 impetu

83 2120 164 2208 apit,
192 2142 232 2184 ex
253 2118 350 2205 regiis
373 2118 451 2184 alios
476 2119 627 2183 tradentis
652 2141 686 2183 se
708 2120 834 2206 recipit,
862 2121 940 2185 alios
958 2121 1024 2186 vim
1041 2146 1098 2208 pa-

83 2215 163 2281 antia
182 2214 307 2280 occidit.
343 2236 417 2300 pars
434 2214 573 2278 maxima
590 2234 662 2277 cum
679 2213 750 2299 ipso
767 2236 866 2300 puero
884 2215 966 2280 inter
983 2218 1098 2282 tumul-

83 2335 132 2376 un
160 2309 204 2374 ad
226 2307 422 2396 Syphacem,
450 2331 512 2393 quo
539 2308 676 2395 primum
700 2308 901 2373 intenderant
925 2309 999 2388 iter,
1025 2333 1098 2397 per-

83 2415 231 2472 enerunt.
280 2403 367 2468 fama
392 2403 486 2468 huius
513 2403 656 2469 modicae
681 2402 729 2467 rei
753 2402 787 2465 iu
813 2402 966 2489 principio
991 2423 1132 2468 rerum?

82 2520 218 2585 roapere
236 2508 325 2562 actae
344 2497 498 2562 convertit
515 2497 557 2562 ad
573 2497 781 2562 Masinissam
793 2496 960 2575 Numidas,
980 2497 1098 2563 adflue-

82 2604 208 2678 antque
226 2592 364 2675 undique
387 2615 427 2656 ex
450 2591 535 2678 agris
557 2593 698 2676 vicisque
717 2602 840 2657 veteres
862 2591 976 2657 milites
996 2590 1098 2657 Galae

82 2702 93 2756 t
109 2688 294 2754 invitabant
306 2687 453 2752 iuvenem
467 2687 508 2751 ad
521 2687 760 2773 reciperandum
773 2699 941 2772 paternum
953 2709 1097 2772 regnum.

82 2805 200 2850 umero
217 2782 353 2846 militum
371 2781 564 2865 aliquantum
581 2781 796 2847 Mazaetullus
815 2781 998 2869 superabat:
1023 2805 1098 2847 nam
1117 2798 1134 2846 8

82 2892 90 2946 t
109 2879 188 2966 ipse
206 2898 279 2941 eum
297 2876 483 2954 exercitum,
507 2898 570 2961 quo
589 2874 771 2963 Capussam
788 2876 920 2955 vicerat,
944 2887 976 2942 et
992 2899 1033 2942 ex
1050 2900 1100 2944 re-

82 2973 168 3062 aptis
192 2982 267 3057 post
289 2971 419 3036 caedem
440 2970 526 3057 regis
550 2970 669 3054 aliquot
689 2971 828 3037 habehat
845 2983 877 3037 et
897 2995 977 3058 puer
993 2972 1100 3036 Lacu-

82 3089 176 3136 razes
196 3066 236 3130 ab
251 3064 399 3152 Syphace
418 3065 535 3130 auxilia
551 3066 693 3152 ingentia
711 3066 893 3131 adduxerat.
921 3065 1099 3148 quindecim
1118 3085 1136 3132 a

82 3162 154 3230 rilia
182 3160 324 3247 peditum
345 3159 555 3238 Mazaetullo,
584 3161 694 3225 decem
720 3159 808 3223 milia
834 3159 975 3242 equitum
1000 3170 1098 3235 erant,

81 3257 186 3324 uibus
205 3275 278 3319 oum
294 3254 470 3319 Masinissa
490 3276 690 3338 nequaquam
713 3263 835 3317 tantum
852 3252 994 3338 peditum
1012 3246 1100 3336 equi-

81 3372 178 3418 rmve
203 3349 341 3415 habente
368 3350 435 3415 acie
462 3349 613 3415 conflixit.
665 3346 741 3411 vicit
766 3358 873 3412 tamen
898 3357 931 3410 et
957 3355 1099 3411 veterum

81 3447 205 3513 silitum
222 3446 322 3509 virtus
340 3456 373 3510 et
388 3445 556 3532 prudentia
571 3445 654 3509 inter
665 3444 811 3508 Romana
828 3455 861 3508 et
872 3440 996 3506 Punica
1013 3464 1100 3506 arma

82 3539 234 3608 xercitati
252 3539 340 3605 ducis
346 3565 356 3618 3
383 3539 512 3626 regulus
531 3560 603 3604 cum
621 3549 723 3604 tutore
741 3560 781 3602 ex
800 3535 916 3624 exigua
932 3535 1100 3600 Masaesu-

81 3639 184 3704 iorum
202 3657 298 3699 manu
315 3633 349 3698 in
363 3631 660 3721 Carthaginiensem
678 3655 790 3719 agrum
806 3630 955 3718 perfugit.
989 3629 1034 3694 ita
1051 3651 1100 3693 re·
1119 3647 1155 3696 10

81 3739 222 3818 asperato
247 3749 347 3816 regno
373 3740 506 3815 paterno
530 3728 724 3805 Masinissa,
761 3727 836 3811 quia
861 3724 921 3790 sibi
947 3723 1099 3789 adversus

81 3824 256 3912 iyphacem
272 3822 359 3887 haud
374 3823 470 3910 paulo
484 3822 635 3888 maiorem
651 3831 772 3888 restare
787 3818 1020 3885 dimicationem
1033 3838 1101 3882 cer-

80 3920 179 3996 rebat,
198 3917 352 4004 optimum
368 3928 456 3983 ratus
476 3918 662 3983 cumfratre
680 3916 821 4004 patruele
839 3913 974 4001 gratiam
991 3934 1101 3978 recon-

80 4012 191 4091 iliare,
218 4011 324 4077 missis
348 4012 402 4096 qui
425 4023 457 4077 et
478 4034 577 4098 puero
604 4034 695 4097 spem
715 4011 869 4087 facerent,
897 4007 979 4074 siin
1004 4006 1100 4072 fidem
1119 4025 1149 4072 ιι
