2528 4514
309 260 423 315 amsa
437 260 535 333 xxx,
552 262 593 317 19.
606 262 649 316 eo.
668 264 707 331 [a
718 258 821 329 caue]
1009 244 1074 310 sire

82 430 146 506 tque
165 417 297 485 Italiam
313 419 404 484 armis
423 418 590 485 obtineant.
628 419 729 507 Mago
746 442 811 485 non
828 417 960 505 imperio
979 416 1073 481 modo
1092 435 1110 481 a

82 526 187 580 natus
214 513 409 601 periculoque
434 514 551 601 patriae
574 526 693 594 motus,
719 514 777 579 sed
803 525 946 579 metuens
969 510 1074 587 etiam,

82 609 218 676 oviator
240 607 336 674 bostis
357 608 489 675 moranti
508 608 639 675 instaret
654 609 857 696 Liguresque
878 606 954 694 ipsi,
981 606 1076 671 relin-

83 703 104 768 ui
124 704 262 770 Italiam
282 726 303 767 a
320 703 436 769 Poenis
458 714 633 782 cernentes,
660 704 701 769 ad
722 726 777 770 eos
800 725 934 788 quorum
951 725 1026 766 mox
1043 701 1077 764 in

83 809 216 867 restare
234 798 328 864 futuri
344 808 448 865 essent
464 798 643 877 deficerent,
663 799 756 865 simul
775 822 906 887 sperans
924 798 1077 864 leniorem
1095 815 1110 862 5

83 894 314 981 [navigatione
336 916 428 979 quam
447 893 481 960 in
501 894 553 961 via
571 895 771 961 iactationem
793 894 933 960 vulneris
955 894 1024 959 fore
1046 904 1078 959 ot

83 989 213 1055 urationi
240 989 343 1055 omnia
366 989 587 1069 commodiora,
614 990 769 1077 impositis
797 990 896 1075 copiis
923 990 957 1053 in
979 1011 1077 1053 naves

83 1085 236 1162 refectus,
263 1083 389 1151 vixdum
406 1096 550 1173 superata
568 1084 715 1151 Sardinia
732 1108 772 1151 ex
789 1086 919 1149 vulnere
935 1082 1077 1147 moritur.

83 1199 154 1245 sves
175 1199 300 1263 quoque
316 1179 432 1263 aliquot
442 1180 621 1247 Poenorum
639 1180 788 1246 disiectae
805 1179 839 1244 in
857 1177 920 1242 alto
939 1200 958 1242 a
976 1176 1078 1240 classe

83 1277 221 1351 bmana,
248 1294 326 1357 quae
351 1275 433 1339 circa
458 1272 637 1340 Sardiniam
662 1287 744 1353 erat,
771 1274 946 1360 capiuntur.
999 1268 1112 1333 haece

84 1386 141 1432 trra
159 1366 301 1452 marique
317 1368 350 1432 in
366 1381 453 1455 parte
469 1369 594 1448 Italiae,
611 1392 676 1454 qua
691 1369 774 1433 iacet
791 1369 833 1433 ad
848 1365 959 1451 Alpis,
977 1376 1080 1451 gesta.

122 1459 249 1527 Consul
267 1459 304 1527 C.
324 1458 475 1529 Servilius
495 1463 581 1529 nulla
598 1462 793 1530 memorabili
815 1484 849 1526 re
867 1461 900 1523 in
917 1457 1081 1545 provincia

84 1551 190 1621 ltruria
219 1566 251 1620 et
276 1555 379 1622 Gallia
394 1594 421 1605 -
437 1557 585 1642 quoniam
615 1582 653 1624 eo
684 1579 809 1643 quoque
839 1563 1038 1640 processerat
1054 1590 1081 1599 -

84 1661 166 1728 esta,
192 1661 280 1737 patre
298 1649 336 1717 Ο.
354 1649 487 1718 Servilio
508 1663 541 1719 et
562 1650 602 1720 C.
619 1652 751 1719 Lutatio
774 1673 813 1715 ex
837 1647 986 1713 servitute
1008 1655 1113 1732 postu

84 1757 188 1811 extum
205 1745 358 1811 decimum
379 1770 495 1812 anuum
515 1747 665 1836 receptis,
692 1744 746 1831 qui
769 1744 810 1808 ad
832 1743 935 1807 vicum
953 1740 1081 1804 Tanne-

84 1859 128 1905 tm
144 1862 166 1904 a
179 1839 269 1905 Boiis
287 1841 369 1926 eapti
385 1840 522 1921 fuerant,
543 1842 618 1910 hinc
634 1852 737 1928 patre,
765 1838 840 1903 binc
858 1835 973 1903 Catulo
990 1833 1081 1899 lateri
1099 1851 1114 1899 8

84 1931 261 1999 irmmdatis
283 1935 402 2020 privato
423 1937 525 2023 magis
548 1960 642 2022 quam
664 1934 790 2022 publico
813 1934 925 1999 decore
947 1929 1081 2015 insignis

85 2024 197 2093 lamam
222 2029 322 2094 rediit
372 2029 468 2095 latum
493 2032 534 2097 ad
559 2031 710 2119 populum
732 2040 795 2106 est,
823 2051 864 2094 ne
887 2025 927 2094 Ο.
947 2023 1115 2092 Servilios

85 2122 165 2187 randi
182 2134 281 2201 esset,
308 2125 390 2208 quod
405 2137 508 2213 patre,
536 2126 590 2210 qui
608 2125 686 2190 sella
703 2124 803 2189 curuli
821 2123 971 2198 sedisset,
998 2121 1082 2196 vivo,

85 2236 134 2282 um
160 2217 193 2281 id
219 2217 389 2304 ignoraret,
423 2220 565 2285 tribunus
592 2219 694 2306 plebis
722 2230 816 2302 atque
843 2217 953 2282 aedilis
979 2213 1082 2301 plebis
1202 2250 1206 2257 ·

85 2309 175 2376 risset
192 2322 301 2377 contm
317 2335 410 2397 quam
427 2325 571 2380 sanctum
587 2313 712 2400 legibus
731 2328 808 2377 erat.
843 2311 903 2375 hae
920 2307 1084 2394 rogatione

85 2405 183 2472 erlata
199 2405 232 2470 iu
248 2407 439 2492 provinciam
455 2410 557 2475 rediit.

125 2500 181 2565 Ad
196 2498 256 2566 Cn.
267 2499 433 2569 Servilium
450 2504 622 2580 consulem,
641 2502 695 2586 qui
711 2500 886 2566 inBruttiis
902 2509 977 2574 erat,
998 2494 1085 2562 Con·
1105 2510 1136 2559 10

86 2596 178 2674 suus,
206 2597 386 2684 Aufugum,
405 2601 545 2687 Bergae,
566 2597 731 2675 Besidiae,
755 2595 956 2670 Ocriculum,
983 2592 1085 2675 Lym·

86 2690 215 2769 haeum,
232 2693 465 2779 Argentanum,
488 2693 667 2779 Clampetia
684 2691 837 2775 multique
854 2686 1010 2775 ignobiles
1028 2706 1086 2769 po·

87 2783 148 2864 uli,
183 2807 347 2852 senescere
372 2788 529 2854 Punicum
558 2787 677 2852 bellum
707 2796 889 2861 cernentes,
931 2779 1085 2845 defecere.

86 2879 149 2945 lem
166 2880 276 2945 consul
293 2902 365 2945 cum
373 2882 554 2948 Hannibale
570 2881 604 2945 in
622 2904 699 2968 agro
710 2877 912 2945 Crotoniensi
931 2874 998 2940 acie
1012 2895 1087 2938 eon·
1107 2884 1136 2932 11

86 2972 154 3039 ixit
199 2974 332 3040 obseura
353 2976 420 3042 eius
440 2998 567 3063 pugnae
589 2976 675 3040 fama
701 2985 760 3040 est.
803 2971 952 3040 Valerius
970 2967 1086 3031 Antias

86 3066 205 3151 uinque
221 3068 307 3133 milia
323 3069 460 3135 bostium
479 3091 572 3134 caesa
589 3069 641 3134 ait.
686 3089 767 3151 quae
789 3076 944 3129 tantares
964 3069 1026 3132 est,
1053 3066 1089 3118 ut

86 3172 119 3227 ut
145 3161 343 3247 impudenter
368 3164 441 3229 licta
471 3163 512 3228 sit
538 3173 592 3228 ant
621 3163 826 3248 neglegenter
855 3148 1087 3238 praetermissa

86 3254 143 3320 ihil
161 3266 245 3320 certe
262 3256 344 3321 ultra
359 3257 405 3322 rei
422 3257 456 3321 in
472 3257 565 3322 Italia
582 3257 623 3321 ab
640 3249 821 3320 Hannibale
839 3253 974 3331 gestum·
1014 3259 1089 3300 1111111
1108 3250 1139 3299 12

87 3349 200 3415 deum
216 3372 340 3433 quoque
355 3351 452 3437 legati
469 3353 510 3416 ab
521 3349 714 3435 Carthagine
732 3350 881 3408 vocantes
899 3335 933 3399 in
944 3331 1090 3396 Africam

88 3443 206 3511 sforte
225 3444 349 3521 diebus,
369 3445 480 3528 quibus
500 3446 540 3511 ad
557 3446 746 3530 Magonem,
764 3441 927 3501 venerunt.

130 3536 216 3604 XX.
246 3538 410 3604 Frendens
425 3560 617 3625 gemensque
636 3558 673 3600 ac
687 3534 741 3599 vix
757 3525 893 3595 lacrimis
913 3532 1090 3628 temperans
1111 3532 1123 3578 1

87 3631 182 3699 icitur
205 3632 381 3718 legatorum
406 3635 504 3698 verba
530 3631 665 3696 audisse.
718 3634 887 3712 postquam
912 3615 996 3679 edua
1019 3615 1124 3672 8111111

87 3727 232 3804 sandeta,
252 3726 330 3791 ‘iam
341 3750 406 3792 non
419 3725 588 3813 perplexe}
607 3721 709 3806 inquit
726 3716 798 3781 ‘sed
814 3713 919 3817 palam
932 3710 1090 3814 revocant,

87 3820 120 3887 ui
147 3820 287 3886 vetando
314 3821 567 3908 supplementum
594 3829 626 3882 et
646 3811 812 3901 pecuniam
837 3804 919 3868 mittr
944 3820 1008 3863 ram
1029 3816 1093 3878 prl-

87 3940 139 3983 em
158 3913 337 3980 trahebant.
376 3915 451 3979 vicit
468 3936 544 3999 ergo
562 3906 777 3975 Hannibalem
793 3922 858 3963 non
875 3891 1010 3981 populus
1027 3888 1127 3953 Ito-3
1173 3922 1176 3926 ·

88 4033 196 4088 tanus,
225 4007 340 4074 totiens
362 4030 473 4075 caesus
496 4009 701 4092 fugatusque,
730 3995 786 4062 sed
808 3999 936 4058 senatus
960 3983 1095 4050 Cartha
