2528 4530
260 242 382 302 maun
396 236 529 316 xxmr,
544 242 588 300 ιι.
600 244 645 301 ro.
664 247 705 316 [a.
716 243 746 300 c.
756 244 821 317 ιιι]
1002 236 1066 301 179
1116 212 1120 221 ’

40 403 171 484 ducenti,
201 402 286 469 inter
310 423 389 486 quos
414 401 510 487 pauci
535 401 706 468 admodum
731 401 849 482 Italici,
879 404 975 469 ceteri
999 404 1068 470 Nu-

40 499 145 566 midiae
160 496 229 564 fere
247 517 356 563 omnes
373 494 553 580 Maurique.
592 505 770 583 pugnatum
787 505 837 563 eet
854 506 886 563 et
902 498 1015 564 acriter
1032 509 1064 566 et
1082 522 1098 570 a
1162 570 1167 581 ff

41 592 97 672 diu,
122 600 273 678 quattuor
288 589 374 659 horis
395 597 509 655 neutro
528 587 679 655 inclinata
699 601 749 655 est
764 612 883 679 pugna.
927 613 986 658 nco
1003 592 1066 658 alia

40 685 131 775 nugis
160 684 342 752 Romanum
371 681 554 769 inpediebat
582 705 634 749 res
665 706 761 767 quam
791 685 896 773 capita
924 685 1065 753 hostium

40 780 127 869 petia
143 777 282 845 libertati
297 776 396 843 facta:
422 799 497 842 nam
518 787 555 842 ut
571 776 706 863 quisque
727 777 853 846 hostem
869 780 994 870 inpigre
1011 805 1065 848 oc»
1080 803 1098 850 4

42 873 161 952 u‘derat,
187 871 326 959 primum
347 871 450 958 capite
472 892 566 959 aegre
587 871 670 937 inter
691 872 817 939 turbam
832 875 1066 962 tumultumque

42 966 223 1035 abscidendo
231 963 351 1032 terebat
361 976 501 1052 tempus3
519 966 633 1031 deinde
647 975 801 1053 occupata
808 966 920 1035 dextra
928 971 1066 1037 tenendo

41 1072 122 1150 capnt
144 1061 338 1127 fortissimus
359 1060 494 1146 quisque
515 1070 673 1148 pugnator
693 1083 765 1133 esec
782 1062 932 1143 desierat,
960 1067 1066 1153 segni-

41 1154 89 1225 bua
109 1179 149 1223 ac
170 1155 290 1221 timidis
312 1156 426 1220 tradita
447 1178 557 1242 pugna
579 1166 654 1221 erut
691 1157 776 1241 quod
800 1156 855 1223 ubi
872 1158 989 1225 tribuni
1006 1161 1066 1224 mi·
1083 1180 1099 1227 5

41 1251 117 1318 itum
135 1248 285 1319 Graccho
306 1249 542 1328 nuntiaverunt,
570 1251 730 1316 neminem
752 1260 888 1318 stantem
908 1252 973 1318 iam
994 1252 1065 1318 vul·

10 1364 13 1373 ·
42 1345 129 1412 uer-ari
143 1344 284 1422 hostem,
311 1343 485 1409 cemificari
505 1344 658 1424 iacentes,
685 1354 718 1411 et
738 1345 772 1410 in
789 1346 907 1412 dextris
929 1346 1066 1412 militum

42 1460 92 1525 pro
101 1438 214 1527 gladiis
227 1438 366 1504 humana
378 1437 482 1524 capita
495 1460 576 1518 esse,
595 1439 720 1525 signum
735 1440 803 1505 dari
815 1460 949 1526 propere
961 1440 1064 1519 iussit,

45 1532 204 1616 prdcerent
226 1532 331 1619 capita
352 1531 598 1617 invaderentque
619 1533 759 1598 hostem:
794 1533 911 1599 claram
934 1535 1011 1599 satis
1034 1544 1098 1604 eto

45 1625 184 1715 insignem
211 1627 358 1693 mrtutem
385 1649 456 1693 esse
482 1649 541 1694 nec
567 1627 696 1694 dubiam
721 1627 899 1694 libertatem
924 1628 1065 1694 futuram

10 1786 14 1803 ,
44 1722 165 1789 strenuis
180 1721 268 1787 viris.
304 1732 372 1787 tum
388 1720 601 1810 redintegrata
616 1744 726 1808 pugna
743 1731 792 1787 est
809 1732 841 1787 et
853 1742 951 1806 eques
969 1723 1065 1788 etiam

42 1813 186 1883 inloetee
205 1816 351 1882 emissus.
395 1815 511 1900 quibus
529 1837 603 1881 cum
619 1816 742 1903 inpigre
759 1815 915 1882 Numidae
933 1838 1065 1883 concur-
1083 1839 1097 1884 ι

23 1908 142 1985 {tierent
163 1931 225 1977 nec
246 1909 373 1997 segnior
393 1909 534 1995 equitum
556 1931 652 1995 quam
673 1911 815 1996 peditum
837 1933 948 1998 pugna
969 1922 1063 1990 esset,

25 2000 140 2071 derum
157 2004 192 2070 in
209 2002 340 2070 dubium
357 2003 494 2070 adducta
510 2025 572 2070 res.
604 2025 677 2069 curn
694 2004 852 2088 utrimque
870 2006 978 2084 duces,
995 2005 1064 2072 Ro·

30 2118 141 2165 tnanus
164 2097 325 2165 Bruttium
346 2098 578 2182 Lucanumque
608 2099 723 2164 totiens
749 2122 769 2163 a
793 2098 965 2164 maioribus
997 2100 1064 2165 auis

36 2190 128 2259 dctus
150 2190 377 2277 subactosque,
404 2190 532 2258 Poenus
554 2190 711 2277 mancipia
732 2191 878 2258 Romana
900 2199 994 2258 etex
1016 2216 1065 2258 er·
1107 2192 1110 2197 '

27 2285 154 2371 -qaetulo
184 2285 315 2351 militem
345 2285 450 2352 verbis
481 2285 654 2364 obtereret,
693 2295 853 2371 postremo
881 2287 1097 2372 pronumtiata

40 2374 210 2458 (lraochus,
237 2401 306 2445 esse
323 2378 401 2444 nihil
419 2380 503 2463 quod
521 2380 561 2445 de
578 2378 721 2445 libertate
744 2389 918 2464 sperarent,
945 2377 1008 2444 nisi
1025 2401 1065 2444 eo

96 2473 163 2540 fusi
179 2473 344 2560 fugatique
360 2472 468 2540 hostes
488 2483 602 2540 essent

10 2562 34 2661 'L
91 2567 189 2637 XVI.
225 2567 277 2634 Ea
294 2569 422 2634 demum
438 2591 502 2634 vox
518 2569 567 2634 ira
584 2568 705 2634 animos
722 2567 874 2634 accendit
910 2577 1061 2634 renovato
1082 2589 1095 2636 1

39 2660 174 2742 demone,
192 2662 279 2728 velut
297 2663 350 2727 alii
365 2672 495 2749 repente
513 2662 599 2741 facti,
618 2671 705 2728 tanta
721 2661 755 2727 vi
771 2682 807 2728 se
823 2662 858 2726 in
874 2661 999 2728 hostem
1015 2661 1065 2728 in-

23 2754 179 2835 tulerunt,
198 2765 234 2822 ut
252 2757 398 2822 sustineri
415 2757 496 2822 ultra
509 2779 572 2822 non
584 2764 725 2843 possent.
750 2756 852 2843 primo
866 2756 1064 2845 antesignani
1081 2776 1097 2824 a

38 2864 41 2869 '
61 2872 222 2928 cenorum,
250 2850 322 2916 dein
341 2851 433 2938 signa
449 2851 643 2937 perturbata,
669 2859 829 2938 postremo
852 2861 918 2919 tota
937 2853 1064 2940 inpulsa

69 2944 78 2961 '
116 2970 126 3026 ς
152 2945 227 3010 inde
244 2944 322 3010 haut
338 2945 433 3012 dubie
455 2955 544 3034 terga
561 2946 648 3027 data,
675 2954 832 3031 ruuntque
853 2947 1012 3037 fugientes
1030 2949 1063 3012 in

148 3041 229 3106 adeo
246 3040 353 3126 pavidi
370 3041 559 3127 trepidique,
586 3051 678 3106 utne
695 3041 729 3106 in
746 3041 845 3127 portis
863 3042 991 3126 quidem
1008 3051 1063 3106 aut

10 3172 20 3227 ς
31 3130 113 3199 valle
128 3134 297 3243 quisquam
314 3134 469 3200 restiterit
506 3157 543 3200 ac
560 3156 658 3220 prope
676 3136 846 3200 continenti
863 3157 988 3222 agmine
997 3135 1064 3199 Ro·

21 3226 120 3293 ‘mi
130 3228 264 3294 insecuti
282 3250 399 3293 novum
417 3229 456 3293 de
473 3229 596 3315 integro
617 3228 772 3314 proelium
789 3227 902 3294 inclusi
919 3228 1061 3294 hostium

48 3314 122 3385 vallo
134 3323 302 3391 ediderrmt.
334 3322 422 3389 ibi
396 3334 478 3390 sicut
494 3346 602 3410 pugna
619 3323 853 3412 inexpeditior
843 3346 877 3387 ιιι
894 3322 1059 3434 angustiis,
1079 3340 1094 3387 3

10 3436 14 3467 ι
43 3407 84 3478 ia
101 3418 213 3485 caedes
240 3418 375 3483 atrocior
398 3417 468 3483 suit
514 3427 545 3482 et
567 3418 716 3484 adiuvere
738 3417 867 3505 captivi,
894 3417 949 3502 qui
971 3426 1061 3503 rapto

43 3504 112 3577 'ulter
133 3511 304 3577 tumultum
331 3511 415 3578 ferro
441 3511 620 3598 conglobati
645 3522 677 3577 et
703 3510 742 3579 ab
769 3521 858 3598 tergo
882 3511 1062 3577 ceciderunt

39 3596 156 3673 Poenos
177 3615 210 3672 et
230 3604 341 3693 lugam
362 3606 580 3692 impedierunt.
628 3606 734 3716 itaque
755 3607 859 3671 minus
886 3605 949 3671 duo
974 3603 1096 3669 miliar

37 3692 193 3765 luminum
211 3722 251 3765 ex
269 3709 355 3766 tanto
373 3700 512 3766 exercitu
529 3710 560 3765 et
578 3722 615 3766 ea
633 3700 732 3766 maior
745 3721 819 3786 pars
833 3699 919 3784 equit
920 3721 973 3764 um
988 3719 1062 3762 cum

34 3786 98 3879 'pm
113 3794 199 3861 duce
216 3792 408 3882 effugenmt3
432 3794 485 3860 alii
502 3817 611 3860 omnes
629 3794 712 3860 caesi
730 3804 785 3859 aut
802 3792 900 3880 capti,
920 3802 1013 3879 capta
1030 3798 1062 3857 et
1108 3820 1115 3831 ··

31 3886 119 3977 igne
145 3887 468 3975 duodequadraginta.
512 3910 552 3954 ex
573 3887 743 3954 victoribus
765 3886 936 3954 duomilia
961 3886 1096 3955 sermea

19 3984 180 4052 'reddere
223 3982 342 4068 praeda
359 3983 461 4049 omnis
478 3992 696 4070 praeterquam
716 3982 880 4049 hominum
897 3991 1061 4069 captorum

10 4084 12 4093 '
837 4083 889 4137 12·
