2528 4514
258 254 377 309 ursae
394 253 494 323 xxv,
512 253 555 311 15.
568 254 610 308 rc.
631 256 669 322 [a.
679 251 709 308 c.
718 254 783 323 212]
976 242 1041 308 233

95 413 213 490 labelli,
234 413 261 478 si
275 410 452 488 Hannibal,
471 409 555 494 quod
572 409 730 477 factumm
741 411 828 477 haud
847 410 1041 492 dubitabant,

97 522 167 593 rpem
187 506 348 572 ferendam
371 505 464 571 sociis
484 503 629 590 Capuam
650 507 803 586 venisset,
830 506 951 592 equites
976 507 1043 573 vim

95 601 165 667 tinere
180 610 324 687 possent,
344 600 394 664 Ti.
405 596 585 665 Gracchum
603 621 643 665 ex
651 600 793 667 Lucanis
811 620 884 666 cum
902 600 1043 685 equitatu

99 694 138 761 hi
162 704 319 761 armatura
336 694 555 760 Beneventum
582 694 687 759 venire
713 694 836 760 iubent:
863 695 1042 782 legionibus

95 788 195 875 ideque
220 790 262 855 ad
289 788 475 855 obtinendas
500 809 551 854 res
577 787 610 852 in
632 788 773 854 Lucanis
796 788 933 874 aliquem
953 810 1044 875 prae-

95 890 131 948 lul.

95 976 170 1042 XVI.
207 974 362 1054 Graccho,
376 976 561 1062 priusquam
574 997 614 1040 ex
622 974 765 1040 Lucanis
779 985 929 1055 moveret,
948 978 1044 1043 sacri·
1062 999 1076 1047 1

95 1071 124 1134 nti
133 1072 216 1137 triste
227 1070 406 1156 prodigium
415 1070 534 1135 factum
549 1079 610 1136 est:
629 1070 670 1135 ad
684 1080 756 1135 exta
770 1070 923 1136 sacrificio
932 1094 1043 1158 perpe-
1061 1093 1078 1140 a

95 1184 219 1252 langues
229 1166 293 1230 duo
301 1186 341 1229 ex
351 1165 473 1230 occulto
487 1164 609 1249 adlapsi
624 1165 758 1230 adedere
770 1165 857 1230 iecur
870 1167 1045 1251 conspecti-

95 1270 213 1344 trepente
226 1282 267 1324 ex
281 1259 379 1323 oculis
398 1258 550 1323 abierunt.
568 1258 602 1322 id
615 1280 688 1324 cum
702 1258 905 1345 haruspicum
921 1259 1043 1325 monitu
1061 1283 1078 1330 a

95 1350 199 1417 dicium
219 1354 445 1417 instauraretur
466 1362 561 1436 atque
581 1351 730 1418 intentius
753 1362 827 1418 exta
846 1374 1045 1419 reservaren-

96 1446 224 1521 ,iterum
251 1470 288 1512 ao
315 1447 440 1511 tertium
471 1447 597 1511 tradunt
623 1446 810 1533 libato(que)
837 1446 972 1513 iocinere
997 1446 1045 1512 in-
1091 1472 1093 1477 ·

95 1542 127 1604 bs
138 1564 251 1628 angues
270 1540 384 1606 abisse.
426 1562 499 1605 cum
516 1540 699 1628 haruspices
718 1542 759 1606 ad
776 1542 996 1628 imperatorem
1011 1541 1046 1606 id
1063 1561 1081 1611 r

95 1630 169 1700 linere
184 1636 362 1722 prodigium
378 1636 653 1720 praemonuissent
670 1645 702 1703 et
724 1636 764 1701 ab
783 1636 914 1701 occultis
931 1657 1046 1702 caven-

95 1728 298 1795 hhominibus
329 1730 561 1814 consultisque,
596 1730 684 1795 nulla
713 1739 819 1795 tamen
849 1730 1045 1816 providentia

95 1823 298 1889 mimminens
317 1825 436 1889 moveri
453 1824 564 1909 potuit.

108 1910 193 1984 davus
215 1918 368 1983 Lucanus
391 1919 452 1982 fuit
475 1928 570 2004 caput
590 1917 688 2005 partis
710 1918 778 1985 eius
796 1919 1001 1984 Lucanorum
1018 1939 1080 1988 -5

95 2004 176 2094 huus
192 2015 233 2078 ad
241 2012 456 2078 Hannibalem
474 2013 642 2080 defecisset
651 2050 691 2091 -,
711 2035 792 2097 quae
810 2035 883 2079 cum
891 2013 1044 2080 Romanis

95 2094 145 2181 ffil,
162 2116 188 2171 et
212 2108 276 2172 iam
303 2130 384 2172 anno
410 2107 444 2171 in
470 2108 656 2193 magistratu
683 2116 762 2185 erat,
790 2106 829 2172 ab
857 2108 958 2173 isdem
983 2108 1045 2173 illis

95 2190 149 2263 Mt
158 2213 284 2287 praetor.
312 2202 339 2266 is
358 2212 478 2266 mutata
489 2211 617 2287 repente
631 2200 791 2265 voluntate
805 2200 911 2265 locum
924 2202 1043 2287 gratiae
1061 2224 1077 2271 6

95 2286 256 2362 moenum
274 2317 428 2380 quaerens
446 2316 549 2379 neque
566 2294 698 2360 transire
715 2296 784 2379 ipse
801 2315 905 2377 neque
922 2295 1044 2358 trahere

95 2368 279 2456 'tetdonem
296 2390 447 2455 Lucanos
471 2388 547 2454 satis
569 2387 692 2465 habuit,
719 2388 781 2451 nisi
798 2386 995 2472 imperatoris
1013 2395 1045 2449 et

95 2472 161 2546 ttdaa
179 2485 312 2569 hospitis
333 2484 449 2569 proditi
475 2483 575 2568 capite
598 2504 635 2546 ac
657 2481 811 2568 sanguine
833 2480 946 2545 foedus
973 2500 1046 2543 cum
1088 2506 1092 2545 :

95 2564 340 2644 thesaurisas.
377 2578 418 2642 ad
426 2577 614 2663 Magonem,
632 2576 687 2660 qui
703 2577 737 2640 in
745 2573 878 2640 Bruttiis
891 2581 1044 2659 praeerat,
1064 2596 1081 2642 r

95 2666 152 2735 trin
165 2673 353 2757 colloquium
375 2674 474 2750 venit,
500 2672 625 2756 fideque
648 2671 688 2737 ab
710 2693 749 2736 eo
767 2680 908 2756 accepta,
936 2669 964 2734 si
981 2668 1047 2734 Ro-

95 2766 149 2829 uem
165 2768 202 2833 iis
224 2769 445 2854 imperatorem
468 2767 661 2844 tradidisset,
688 2765 804 2832 liberos
826 2787 898 2830 cum
917 2764 984 2830 suis
1001 2765 1047 2831 le·

95 2858 272 2928 leventuros
290 2865 323 2927 iu
341 2862 511 2927 amicitiam
524 2863 689 2939 Lucanos,
709 2861 835 2926 deducit
850 2859 997 2926 Poenum
1014 2860 1048 2924 in

95 2952 139 3018 Q:
166 2955 217 3044 [eo
241 2955 328 3044 cum]
352 2955 462 3042 paucis
481 2954 661 3022 Gracchum
684 2956 910 3034 adducturum3
946 2952 1089 3041 Magos·

100 3049 206 3126 adres
224 3053 408 3135 equitesque
426 3061 594 3129 armasset,
614 3059 738 3136 caperet
752 3071 805 3115 eas
823 3048 974 3125 latebras,
992 3047 1048 3113 ubi

95 3146 173 3239 {ntem
198 3168 364 3210 numerum
387 3146 552 3210 occuleret.
597 3145 666 3209 loco
690 3144 765 3209 satis
788 3143 930 3228 inspecto
953 3150 1047 3225 atque
1066 3160 1081 3208 9

95 3246 153 3320 bue
170 3240 330 3325 explorato
349 3239 416 3303 dies
431 3239 604 3324 composita
616 3238 772 3324 gerendae
785 3237 830 3300 rei
844 3244 900 3300 est.
927 3233 1047 3300 Flavus
1082 3290 1085 3294 ,

95 3318 252 3400 Romanum
268 3335 489 3420 imperatorem
506 3333 600 3398 venit.
636 3355 703 3398 rem
722 3353 756 3397 se
774 3331 816 3396 ait
835 3351 983 3416 magnam
999 3329 1048 3394 in·
1066 3346 1102 3395 10

95 3441 160 3506 tere,
179 3430 220 3493 ad
238 3451 333 3512 quam
351 3427 572 3513 perficiendam
589 3427 690 3511 ipsius
701 3423 837 3492 Gracchi
854 3445 950 3509 opera
967 3444 1047 3510 opus

98 3545 106 3585 r
132 3525 272 3588 omnium
290 3523 477 3608 populorum
494 3521 704 3607 praetoribus,
724 3520 777 3604 qui
795 3519 836 3583 ad
852 3517 997 3583 Poenum
1014 3519 1048 3580 in

95 3619 245 3683 communi
262 3616 373 3681 Italiae
391 3627 479 3680 motu
497 3616 684 3692 descissent,
710 3612 921 3700 persuasisse,
947 3620 984 3676 ut
999 3632 1048 3674 re-
1084 3634 1087 3641 ·

95 3724 116 3777 rt
132 3714 166 3777 in
184 3711 353 3776 amicitiam
371 3711 599 3788 Romanorum,
627 3709 752 3792 quando
770 3729 821 3772 res
840 3725 965 3790 quoque
982 3703 1048 3769 Ro-
1066 3723 1097 3771 11
1114 3723 1117 3784 j

95 3831 120 3885 a,
152 3828 235 3889 quae
257 3827 355 3891 prope
377 3805 507 3870 exitium
530 3804 619 3869 clade
642 3801 803 3867 Cannensi
829 3800 982 3877 venisset,
1014 3798 1047 3862 in

97 3901 211 3967 melior
228 3910 322 3983 atque
340 3899 459 3964 auctior
475 3899 575 3976 fleret,
598 3895 787 3962 Hannibalis
806 3895 853 3961 vis
872 3902 1048 3960 senesceret

95 4019 170 4082 rope
195 3994 236 4060 ad
257 3994 389 4059 nihilum
410 3993 562 4059 venisset:
593 3992 691 4059 veteri
712 3988 825 4056 delicto
846 3988 923 4055 haut
948 3987 1048 4076 inpla-
1066 4004 1101 4053 ra
