2528 4514
268 241 384 299 nmen
400 240 516 347 xxm,
534 242 576 299 re.
597 244 636 310 [a.
647 242 677 297 c,
686 240 749 310 216]
965 227 1028 293 129

85 413 87 418 ’
126 433 130 452 ι
152 444 160 477 ,
175 420 221 465 mn
234 399 339 467 aarum
358 408 516 478 metuens,
540 399 597 465 sed
614 420 654 465 ne
670 399 851 484 prodendae
870 398 956 465 urbis
974 418 1027 465 ec-

98 563 101 570 ,
126 531 128 546 κη
150 524 171 549 »ιι
188 493 265 561 nimis
282 493 389 563 multis
406 494 441 559 in
458 516 529 561 eom
541 493 767 561 inminentibus
781 494 878 561 daret.
914 492 1027 559 instrui
1045 516 1061 561 r

101 593 103 596 ’
131 625 132 628 ¹
156 587 281 673 euinque
293 587 377 654 acies
395 598 539 674 coeptae,
558 586 774 656 Romanorum
791 609 848 674 pro
861 586 1027 655 moenibus

108 685 111 702 ³
138 680 318 759 ‚Poenorum
343 693 416 751 ante
442 693 545 749 eastra
571 704 638 749 sna
687 682 806 768 proelia
830 681 903 747 hinc
929 702 1029 767 parva

133 774 207 843 stem
221 788 384 862 casusque
401 786 433 843 et
450 778 538 843 vario
555 788 670 842 eventu
688 776 819 854 fiebant,
838 777 913 861 quie
931 777 1028 845 duces

116 869 236 955 {ebibere
251 894 371 960 paucos
389 880 505 937 temere
522 871 722 958 provocantis
740 893 799 937 neo
812 871 887 937 dare
901 871 1029 959 signum

133 988 303 1056 epugnae
324 966 478 1033 volebant.

118 1101 119 1110 κ
141 1058 184 1127 lec
197 1061 351 1129 cotidiana
369 1062 503 1127 duorum
516 1060 711 1126 exercituum
726 1060 858 1126 statione
870 1060 1028 1146 principes
1048 1080 1064 1127 5

173 1187 186 1212 ..
215 1157 359 1222 nuntiant
384 1155 552 1234 Marcello,
579 1166 731 1221 nocturna
757 1154 923 1238 conloquia
948 1155 1030 1221 inter

156 1271 185 1319 so
202 1249 329 1316 Poenos
351 1249 419 1315 ficri
440 1260 656 1334 statutumque
680 1271 765 1327 esse,
793 1257 842 1326 ut,
870 1268 942 1313 cum
964 1247 1063 1317 Ros

117 1351 122 1414 ἶ
135 1344 193 1413 tries
208 1367 339 1433 egressa
356 1345 455 1431 portis
474 1342 658 1432 [pr0d]iret,
686 1344 899 1430 inpedimenta
920 1364 1030 1409 eorum

115 1439 117 1448 '
157 1473 158 1487 κ
183 1471 187 1497 ι
210 1441 392 1526 diriperent,
412 1440 593 1505 clauderent
605 1439 719 1505 deinde
736 1448 843 1524 portas
861 1459 1030 1522 murosque

159 1545 199 1614 rt,
216 1547 252 1603 ut
264 1545 409 1622 potentes
422 1557 527 1600 rerum
541 1557 670 1601 suarum
682 1544 777 1618 atque
789 1532 877 1600 urbis
885 1532 1031 1599 Poenum

167 1629 307 1697 Romano
325 1630 511 1715 acciperent.
547 1629 627 1695 haec
644 1628 699 1695 ubi
716 1629 860 1694 nuntiata
876 1627 1030 1695 Marcello
1050 1648 1065 1695 7

113 1724 309 1791 'mundatis
336 1723 534 1791 senatoribus
551 1723 696 1802 Nolanis,
723 1723 908 1809 priusquam
934 1722 1032 1807 aliqui

140 1814 275 1885 bimiave
297 1828 450 1896 oreretur,
486 1818 646 1884 fortunam
667 1839 793 1904 pugnae
817 1816 951 1903 experiri
969 1826 1033 1881 sta-

131 1910 224 1981 sdtris
240 1924 348 2000 portas
371 1913 404 1977 in
426 1913 534 1978 hostes
553 1934 661 1978 versas
685 1912 837 1997 tripertito
858 1911 1066 1977 exercitums

129 2035 141 2054 ¹*
160 2054 169 2085 ,
180 2007 390 2094 iupedimenta
408 2007 559 2093 subsequi
575 2007 677 2085 iussit,
696 2006 822 2073 calones
839 2007 984 2091 lixasque
1001 2015 1033 2073 et

87 2153 92 2192 3
119 2102 512 2180 *umrlrteavsllumfcrrm
530 2101 635 2167 media
644 2111 734 2186 porta
746 2100 860 2167 robora
871 2101 1033 2187 legionum

100 2187 121 2238 '⁴
185 2228 188 2242 ι
224 2197 360 2281 equites,
379 2195 502 2263 duabus
521 2197 604 2263 circa
620 2195 719 2281 portis
738 2217 838 2261 novos
856 2195 970 2259 milites
987 2194 1033 2259 le·

85 2377 86 2380 ¹
118 2315 120 2334 ⁴
151 2302 342 2357 uncturam
364 2313 402 2356 ac
424 2292 581 2357 sociorum
603 2289 725 2374 equites
749 2290 866 2354 statuit.
918 2287 1034 2353 Nolani
1053 2311 1067 2354 a

72 2463 74 2466 ¹
116 2411 117 2422 ¹
144 2394 294 2471 potuque
312 2386 398 2451 adire
416 2385 518 2464 vetiti,
547 2385 751 2468 subsidiaque
773 2383 930 2448 destinata
946 2382 1034 2467 inpe-

75 2539 76 2542 ,
171 2478 252 2559 data,
279 2502 320 2545 ne
338 2480 499 2567 occupatis
521 2480 640 2566 proelio
662 2476 840 2565 legionibus
861 2476 895 2541 in
917 2498 955 2541 ee
976 2475 1035 2541 im-

69 2648 72 2659 ,
93 2607 94 2610 κ
118 2570 207 2645 lue.
250 2575 296 2641 ita
312 2574 456 2641 instructi
473 2575 556 2640 intra
571 2583 679 2660 portas
697 2572 832 2639 rabant

69 2654 241 2759 Qum
257 2669 319 2737 ab
338 2670 452 2757 signis,
470 2669 504 2735 ru
521 2670 608 2754 quon
624 2690 682 2755 per
694 2668 813 2751 aliquot
826 2666 893 2732 sies
908 2664 1034 2744 asem,
1057 2685 1088 2732 ιο

69 2762 194 2853 ΙΜΙΙὶιιιιι
212 2765 277 2832 diei
293 2765 326 2829 in
344 2765 411 2831 acie
434 2765 529 2830 stanti
546 2764 649 2850 primo
670 2761 820 2829 miraculo
837 2784 923 2840 esse,
951 2761 1036 2845 quod

68 2860 244 2929 &territus
270 2859 434 2926 &manus
460 2870 551 2946 porta
582 2859 783 2944 egrederetur
812 2878 871 2923 nec
897 2866 1036 2922 armatus

68 2962 167 3041 quum
183 2956 221 3021 in
238 2954 337 3022 muris
355 2964 454 3021 esset:
484 2963 571 3019 ratus
594 2953 707 3019 deinde
729 2951 854 3037 prodita
871 2950 1037 3034 conloquia
1057 2972 1087 3017 11

68 3060 241 3135 metuque
257 3050 377 3115 resides
395 3050 511 3127 laetos,
530 3058 652 3135 partem
670 3048 805 3112 militum
821 3047 855 3112 iu
868 3054 972 3111 castra
987 3066 1037 3109 re-

68 3142 109 3225 ἱέ,
140 3146 251 3213 iussos
279 3166 411 3230 propere
441 3145 627 3230 adparatum
653 3164 778 3208 omnem
805 3140 1036 3227 oppugnandae

68 3232 139 3309 ’ἡ
153 3241 294 3327 primam
312 3240 412 3306 aciem
434 3240 571 3317 adferre,
599 3238 676 3304 satis
693 3237 810 3314 fidens,
840 3235 866 3300 si
889 3246 1038 3299 cunctan-

68 3332 242 3413 uinstaret,
261 3334 431 3399 tumultum
445 3334 583 3418 aliquem
595 3333 628 3398 in
642 3332 719 3398 urbe
732 3330 858 3418 plebem
871 3339 1036 3395 moturam.

68 3442 106 3491 na
121 3422 265 3508 quisque
284 3419 456 3487 ministeria
469 3420 614 3485 discursu
627 3419 762 3504 trepidet
775 3417 815 3483 ad
828 3415 929 3501 prima
947 3414 1039 3499 signa
1059 3433 1089 3479 12

68 3518 206 3601 editque
226 3515 267 3581 ad
285 3538 391 3583 muros
409 3515 502 3581 acies.
534 3513 691 3601 patefacta
708 3520 835 3598 repente
853 3508 1040 3596 portaMar-

68 3613 214 3700 resigna
232 3632 344 3677 canere
361 3611 593 3694 clamoremque
611 3608 677 3675 tolli
695 3629 733 3673 ac
753 3606 874 3692 pedites
892 3604 1038 3689 primum,

68 3707 110 3775 de
129 3706 273 3792 equites,
291 3716 409 3791 quanto
427 3706 565 3773 maximo
583 3712 713 3790 possent
729 3702 849 3787 impetu
865 3700 899 3765 in
916 3697 1040 3762 bostem

68 3822 164 3891 spero
182 3798 284 3865 iubet.
328 3800 404 3867 satis
423 3800 548 3866 terroris
571 3797 785 3880 tumultusque
807 3795 840 3861 in
858 3793 956 3859 aciem
975 3812 1041 3857 me·
1061 3811 1091 3858 13

67 3925 75 3965 ι
103 3894 304 3972 intulerant,
341 3917 413 3961 cum
440 3893 564 3961 duabus
591 3893 674 3959 circa
703 3889 802 3976 portis
828 3888 866 3953 P.
893 3887 1040 3953 Valerius

68 4015 132 4059 cus
154 4000 190 4055 et
211 3986 248 4053 C.
265 3987 416 4057 Aurelius
434 3989 531 4076 legati
552 3988 586 4054 in
608 4009 724 4053 cornua
741 3983 880 4050 hostium
898 4003 1039 4068 erupere.

69 4097 92 4139 ri
108 4092 157 4137 sol.
169 4088 201 4133 ll.
852 4084 869 4139 9
