2528 4530
300 266 419 323 ursus
436 267 578 338 xxvnr,
598 269 640 324 aa.
654 269 696 324 ao.
716 274 754 339 [a.
766 269 868 341 caco]
1041 261 1105 326 417

99 448 187 491 eornm
208 448 304 511 qnam
325 440 386 514 e'go
408 424 590 502 obliviscarl
636 427 741 511 itaque
764 430 849 513 quod
869 430 912 494 ad
937 430 1103 497 universos

99 543 140 586 ros
157 520 280 598 attinet,
304 520 331 584 si
349 520 462 585 erroris
480 521 633 607 paenitet,
661 523 737 587 satis
757 546 913 610 superque
930 547 1104 612 poenarum

98 614 189 694 habeo.
233 615 351 680 Albius
370 612 510 680 Calenus
537 626 569 680 et
591 616 701 681 Atrius
719 619 843 684 Umber
869 630 901 685 et
927 621 1023 685 ceteri
1048 642 1137 690 κιο-8

96 711 175 776 tariae
193 710 357 776 seditionis
371 720 515 775 auctores
530 711 684 797 sanguine
697 712 785 777 luent
797 715 882 796 quod
896 715 1089 781 admiserunt
1093 743 1103 796 ;

96 805 168 870 vobis
191 805 326 892 supplici
349 827 456 870 eorum
484 805 698 892 spectaculum
724 829 788 872 non
810 809 904 874 modo
926 833 991 875 non
1017 832 1104 876 acer·

94 900 166 978 bum,
185 901 243 966 sed
259 900 376 965 laetum
394 899 502 977 etiam,
526 900 554 965 si
572 923 649 964 sana
666 922 756 965 mens
774 902 880 980 rediit,
904 904 998 969 debet
1016 928 1102 981 esse:

94 993 122 1058 de
135 994 227 1058 nullis
246 994 331 1059 enim
348 1015 442 1078 quam
462 995 501 1059 de
518 994 609 1059 vobis
626 993 772 1059 infestius
791 1005 845 1059 aut
858 995 1014 1064 inimicius
1028 1021 1104 1065 oon-

93 1086 259 1153 aduerunt!
473 1164 476 1169 ,
839 1158 844 1162 .

140 1183 203 1248 Vix
220 1183 318 1246 finem
339 1181 463 1246 dicendi
484 1183 617 1258 fecerat,
646 1203 718 1246 cum
740 1206 780 1249 ex
801 1194 988 1271 praeparato
1008 1186 1135 1252 simula

91 1276 337 1341 omnium-rerum
354 1286 454 1342 terror
471 1276 571 1342 oculis
590 1277 780 1361 auribusque
803 1289 853 1342 est
870 1280 1002 1344 offusus.
1046 1303 1103 1345 ex·
1121 1303 1152 1350 10

92 1370 203 1448 orcitus,
239 1370 294 1455 qui
325 1391 441 1435 corona
475 1371 653 1436 contionem
688 1371 950 1451 circumdederat,
987 1375 1100 1460 gladiis

91 1464 122 1528 ad
152 1475 242 1530 scuta
277 1463 477 1550 concrepuit3
517 1465 682 1551 praeconis
719 1465 826 1530 audita
860 1489 939 1543 vox,
976 1468 1100 1533 citantis

91 1559 201 1624 nomina
224 1559 443 1624 damnatorum
464 1559 497 1622 iu
524 1559 669 1637 consili03
705 1559 782 1624 nudi
807 1561 841 1624 in
865 1561 1005 1626 medium
1026 1586 1100 1649 pro·
1120 1584 1150 1631 rr

90 1653 278 1718 trahebantur
300 1663 332 1717 et
355 1653 448 1717 simul
470 1653 571 1718 omnis
596 1665 764 1740 apparatus
784 1655 918 1742 supplici
936 1679 1101 1742 exprome-

90 1743 179 1826 batrn3
194 1747 337 1834 deligati
359 1747 401 1810 ad
425 1747 533 1833 palum
557 1747 718 1833 virgisque
740 1748 826 1813 caesi
847 1760 879 1815 et
901 1750 1003 1815 securi
1029 1772 1100 1836 per-

89 1842 171 1918 cussi,
198 1843 279 1907 adeo
297 1842 493 1932 torpentibus
511 1852 597 1907 metu
616 1843 670 1926 qui
692 1844 835 1922 aderant,
862 1854 983 1910 utnon
1004 1847 1099 1911 modo

88 1932 207 2002 ferocior
223 1958 288 2002 vox
302 1936 454 2001 adversus
474 1937 670 2002 atrocitatem
682 1960 818 2025 poenae,
838 1940 895 2004 sed
908 1962 949 2004 ne
963 1939 1099 2027 gemitus

86 2031 200 2110 quidem
221 2029 431 2096 exaudiretur.
476 2031 567 2095 tracti
588 2032 663 2097 inde
686 2032 851 2098 demedio
874 2056 998 2113 omnes,
1025 2057 1149 2121 pur-12

84 2137 209 2210 garoque
225 2125 296 2190 loco
314 2125 400 2190 citati
421 2125 536 2191 milites
561 2125 746 2191 nominatim
764 2119 841 2213 aput
858 2127 1000 2193 tribunos
1018 2129 1099 2192 mili-

81 2224 138 2287 tum
164 2220 198 2284 in
224 2220 323 2285 verba
347 2219 386 2284 P.
415 2218 573 2307 Scipionis
604 2220 745 2285 iurarunt
777 2220 1031 2307 stipendiumque
1057 2229 1099 2286 ad

80 2328 186 2382 nomen
209 2314 341 2400 singulis
368 2315 564 2400 persolutum
587 2325 644 2380 est.
689 2315 774 2379 huno
794 2315 890 2378 finem
916 2315 1098 2399 exitumque

80 2411 183 2478 adino
202 2410 337 2474 militum
354 2420 467 2497 coepta
485 2411 570 2496 apud
588 2408 763 2476 Sucronem
782 2408 901 2496 habuit.

131 2503 256 2571 m
290 2504 457 2570 Paridem
474 2515 599 2592 tempus
620 2506 660 2569 ad
676 2503 803 2570 Baetim
820 2503 951 2568 fluvium
968 2504 1096 2582 Hanno,
1118 2525 1130 2570 r

80 2601 250 2667 rraefectns
267 2599 433 2686 Magonis,
459 2598 576 2665 missus
596 2622 615 2663 a
633 2598 777 2664 Gadibus
797 2619 869 2662 cum
885 2620 985 2684 parva
1001 2621 1098 2662 mann

80 2692 233 2772 Afrorum,
251 2694 397 2758 mercede
406 2693 570 2780 Hispanos
586 2692 783 2758 sollicitando
798 2692 838 2756 ad
852 2702 999 2775 quattuor
1011 2692 1098 2758 milia
1156 2701 1163 2714 ’

80 2810 220 2855 nvenum
245 2786 387 2852 armavit.
432 2787 542 2851 castris
567 2787 681 2852 deinde
703 2797 817 2852 exutus
841 2787 881 2852 ab
902 2787 944 2852 L.
961 2786 1130 2863 Marcios

80 2883 209 2950 naxima
229 2891 318 2968 parte
340 2881 475 2946 militnm
496 2881 578 2946 inter
599 2881 768 2946 tumultum
794 2891 958 2967 captorum
979 2892 1098 2948 castro-

80 3002 151 3059 um,
180 2977 370 3062 quibusdam
397 2978 492 3042 etiam
517 2976 551 3041 in
577 2978 656 3064 fuga
677 2977 816 3055 amissis,
843 2977 967 3064 palatos
989 2999 1097 3062 perse-

80 3084 184 3160 uente
204 3071 322 3155 equite,
341 3093 414 3137 cum
429 3072 539 3158 paucis
557 3072 627 3158 ipse
644 3072 766 3158 effugit.

127 3167 222 3233 Dum
243 3166 322 3230 haec
345 3166 386 3230 ad
402 3165 528 3230 Baetim
549 3165 680 3230 fluvium
703 3175 867 3251 geruntur,
894 3163 1026 3228 Laelius
1048 3163 1096 3226 in-
1115 3185 1129 3230 3

80 3262 159 3329 arim
182 3260 268 3325 freto
285 3260 319 3324 in
337 3259 503 3326 Oceanum
526 3270 654 3325 evectus
677 3260 718 3323 ad
737 3257 897 3324 Carteiam
919 3257 1021 3322 classe
1044 3278 1096 3322 ao·

80 3356 174 3455 posit.
219 3355 295 3419 urbs
323 3377 360 3420 ea
385 3355 419 3419 in
445 3378 502 3420 ora
519 3354 643 3421 Oceani
671 3354 731 3419 sita
753 3363 815 3430 est,
842 3352 897 3417 ubi
918 3352 1054 3439 primum
1077 3374 1095 3417 e

80 3450 214 3519 nucibus
237 3449 380 3534 angustis
402 3449 551 3536 panditur
571 3471 669 3514 mare.
716 3447 816 3514 Gadis
840 3447 908 3513 sine
927 3447 1094 3512 certamine
1113 3468 1129 3514 4

80 3569 120 3613 er
140 3542 335 3609 deditionem
350 3543 536 3630 recipiendi,
562 3544 645 3610 ultro
664 3543 717 3627 qui
735 3566 805 3608 eam
826 3565 895 3608 rem
911 3541 1096 3629 polliceren-

80 3663 114 3706 ιι·
132 3638 168 3702 in
182 3638 442 3704 castraRomana
454 3638 667 3717 venientibus,
688 3660 776 3723 spes,
796 3637 877 3703 sicut
891 3646 963 3702 ante
978 3636 1095 3700 dictum

80 3747 127 3814 st,
147 3733 263 3799 fuerat
302 3733 462 3819 patefacta
478 3734 635 3798 inmatura
651 3733 787 3820 proditio
805 3744 868 3812 est,
887 3755 1095 3818 conprensos-

80 3850 126 3915 ne
149 3826 255 3894 omnis
272 3827 373 3914 Mago
395 3827 572 3892 Adherbali
594 3827 731 3912 praetori
749 3825 978 3913 Carthaginem
1000 3826 1096 3891 deve-

80 3923 190 3991 andos
208 3923 313 3988 tradit.
352 3922 517 3988 Adherbal
536 3922 705 3987 coniuratis
723 3921 755 3986 in
774 3921 1030 4005 quinqueremem
1046 3921 1095 3985 in-
1113 3931 1129 3979 5

80 4017 179 4085 osiris
196 4017 433 4105 praemissaque
451 4040 502 4097 ea,
526 4017 600 4101 quia
617 4016 734 4082 tardior
752 4037 847 4099 quam
865 4014 999 4079 triremis
1017 4025 1094 4093 erat,

116 4120 169 4164 brut
183 4119 227 4163 rol.
238 4118 266 4162 ll.
889 4115 923 4169 27
