2528 4514
76 213 80 219 ’
145 245 210 309 418
357 252 474 309 nmen
491 250 635 320 xxmu,
653 251 697 306 ao.
711 251 753 305 31.
775 251 963 320 [ausus]

112 439 127 486 c
145 416 215 502 ipse
232 435 305 477 oum
323 422 393 477 octo
412 409 590 475 triremibus
607 409 733 475 modico
750 408 920 475 intervallo
939 410 1089 494 sequitur.
1111 411 1160 476 ian

146 509 261 575 fretum
287 506 425 571 intrabat
450 503 699 589 quinqueremis,
731 525 805 569 cum
830 501 968 569 Laelius
996 515 1030 571 et
1053 504 1160 593 ipsein

146 599 363 686 quinqueremi
376 609 470 686 portu
480 596 626 664 Carteiae
641 598 847 683 sequentibus
860 609 990 686 septem
1003 599 1160 666 triremibus

147 706 275 762 evectus
300 694 335 759 in
360 693 578 758 Adherbalem
603 692 776 771 invehitur,
813 692 1076 777 quinqueremem
1099 693 1160 759 satis

147 790 279 855 credens
303 789 492 875 deprensam
512 787 625 874 rapido
646 787 680 852 in
701 788 784 853 freto
805 786 840 852 in
861 788 1038 855 adversum
1058 803 1158 855 aestum

115 911 128 955 r
146 882 334 970 reciprocari
350 906 416 948 non
432 904 538 968 posse.
572 881 703 947 Poenus
720 880 754 946 in
770 904 805 947 rs
824 881 933 949 subita
949 882 1157 972 parumperin·

146 988 250 1042 certus
267 976 449 1063 trepidavit,
467 986 574 1040 utrum
591 974 850 1060 quinqueremem
867 988 1070 1067 sequeretur,
1085 977 1155 1043 enin

112 1095 127 1143 8
145 1073 245 1139 hostis
267 1082 371 1138 rostra
392 1081 599 1137 converteret.
643 1071 715 1157 ipsa
736 1071 896 1136 cunctatio
917 1073 1098 1139 facultatem
1113 1072 1155 1137 ds·

145 1167 327 1233 trectandae
349 1188 476 1254 pugnae
499 1165 630 1244 ademit3
656 1165 721 1230 iam
742 1164 827 1231 enim
849 1167 912 1231 sub
933 1167 1002 1232 ictu
1019 1167 1070 1233 teli
1084 1176 1151 1233 arnt

147 1273 179 1327 et
203 1261 343 1344 undique
367 1260 529 1324 instabant
554 1260 683 1335 hostes,
719 1270 827 1325 aestus
857 1281 989 1345 quoque
1017 1259 1146 1327 arbium

146 1356 331 1425 moderandi
347 1378 446 1421 naves
465 1355 635 1421 ademerat.
679 1376 782 1439 neque
800 1365 870 1420 erat
887 1357 997 1422 navali
1012 1353 1143 1444 pugms'·

145 1453 243 1529 milis,
270 1451 387 1537 quippe
404 1449 460 1514 ubi
481 1448 559 1513 nihil
576 1449 802 1527 voluntarium,
829 1448 911 1515 nihil
933 1450 1011 1517 artis
1032 1461 1081 1517 aut
1094 1470 1140 1515 otr-

113 1570 127 1617 e
148 1547 208 1612 silii
226 1557 321 1612 esset.
364 1568 429 1610 una
445 1556 558 1610 natura
578 1543 652 1610 freti
670 1554 854 1628 aestusque,
882 1545 982 1612 totius
1000 1540 1137 1613 cernuli·

146 1653 275 1728 potens,
299 1640 381 1718 suis,
410 1638 521 1705 alienis
538 1639 674 1704 navibus
691 1639 886 1723 nequiquam
901 1639 1079 1728 remigioin
1098 1668 1112 1695 ιι
1136 1681 1137 1684 =

145 1736 275 1801 trarium
292 1734 450 1800 tendentis
468 1733 653 1812 invehebat,
677 1744 709 1799 et
726 1733 903 1821 firgientem
919 1759 1035 1803 navem
1050 1757 1106 1801 rus
1118 1761 1136 1785 ν

145 1830 262 1894 vertice
283 1839 367 1894 retro
389 1828 539 1893 intortam
560 1828 732 1894 victoribus
754 1828 900 1909 inlatam,
928 1841 963 1896 et
984 1851 1109 1914 sequen
1133 1879 1134 1886 κ

146 1925 174 1989 si
190 1924 224 1989 in
241 1924 432 1990 contrarium
450 1934 584 1990 tractum
601 1923 765 1990 incidisset
780 1924 893 2004 maris,
911 1924 1059 2013 fugientis
1081 1956 1091 1979 r
1102 1951 1115 1974 r

96 2039 127 2085 10
147 2040 218 2084 sese
244 2028 447 2083 avertentem.
491 2019 556 2083 iam
582 2018 616 2082 in
635 2018 708 2104 ipsa
728 2040 838 2104 pugna
863 2019 946 2085 haec
967 2041 1036 2085 cum
1072 2050 1075 2075 ι
1090 2050 1101 2071 r

144 2122 248 2177 rostro
264 2122 387 2199 peteret
404 2113 543 2178 hostium
560 2135 689 2191 navem,
708 2114 836 2198 obliqua
853 2113 926 2201 ipsa
938 2113 1069 2180 ictumal
1085 2142 1093 2167 ι4
1130 2131 1134 2144 ·

145 2206 239 2271 rostri
266 2206 454 2292 accipiebat,
480 2208 548 2285 illa,
575 2228 647 2271 oum
673 2218 856 2274 transversa
881 2209 1054 2276 obiceretur
1072 2198 1131 2275 hell

98 2324 122 2368 11
144 2312 273 2388 repente
296 2313 378 2367 torta
399 2303 432 2366 in
453 2325 580 2389 proram
603 2302 884 2389 circumagebatur.
930 2327 1002 2370 cum
1022 2294 1131 2368 intertn'r

144 2420 246 2462 remes
264 2397 392 2463 fortuna
409 2407 539 2484 regente
558 2419 674 2483 anceps
691 2398 846 2484 proelium
863 2398 1057 2475 misceretur,
1079 2423 1129 2456 ⁸¹1

144 2493 300 2576 queremis
331 2493 478 2557 Romana
510 2514 567 2557 seu
596 2493 736 2578 pondere
767 2493 908 2559 tenacior
940 2517 998 2561 seu
1029 2492 1070 2580 pl
1087 2489 1102 2544 ἰ
1128 2519 1130 2522 ’

143 2610 302 2652 remorum
319 2587 482 2652 ordinibus
501 2586 716 2653 scindentibus
734 2588 870 2654 vertices
888 2611 963 2654 cum
979 2588 1088 2654 facilius
1122 2658 1126 2667 ¹

69 2697 72 2704 ’
143 2692 282 2765 geretur,
311 2682 389 2747 duas
408 2683 551 2747 triremes
571 2682 760 2768 suppressit,
783 2684 878 2749 unius
896 2685 1036 2771 praelata
1049 2703 1128 2748 mr*

94 2790 124 2836 12
143 2774 249 2838 lateris
268 2775 395 2840 alterius
413 2798 518 2842 remos
543 2776 686 2854 detersit,
715 2788 914 2861 ceterasque,
942 2801 1019 2863 quas
1042 2778 1069 2842 in

143 2877 241 2945 esset,
269 2869 458 2948 mulcasset,
486 2870 519 2934 ni
542 2892 614 2935 cum
635 2871 764 2954 reliquis
789 2872 930 2957 quinque
952 2873 1075 2938 naribus

142 2959 251 3026 herbal
269 2962 347 3028 velis
365 2963 398 3028 in
416 2964 561 3029 Africam
579 2965 816 3031 transmisisset

110 3076 120 3118 1
204 3055 343 3121 XXXI.
396 3059 527 3123 Laelius
558 3058 659 3124 victor
687 3058 847 3125 Carteiam
872 3072 1019 3127 revectus
1043 3082 1075 3125 au
1120 3085 1122 3090 ·

141 3169 222 3231 quae
241 3160 311 3214 acta
329 3149 473 3216 Gadibus
492 3163 594 3230 erant,
621 3155 813 3238 patefactam
834 3155 1044 3240 proditionem
1064 3182 1093 3209 »¹¹

139 3253 288 3327 ratosque
305 3244 678 3332 missos‘Carthaginem,
698 3269 787 3334 spem
806 3249 848 3312 ad
864 3248 994 3314 inritum
1010 3271 1055 3314 re
1066 3275 1097 3301 w
1124 3257 1125 3260 ’

107 3357 203 3420 aqua
230 3339 406 3416 venissent,
438 3340 555 3405 nuntiis
583 3342 624 3406 ad
645 3343 686 3406 L.
712 3341 873 3407 Marcium
899 3343 1019 3422 missis,
1050 3337 1096 3407 nid

139 3441 239 3496 terere
258 3433 376 3497 frustra
393 3444 518 3520 tempus
538 3436 678 3503 sedendo
696 3437 738 3501 ad
756 3435 858 3502 Gadis
877 3439 1008 3515 vellent,
1055 3464 1092 3490 ··-÷

140 3523 215 3589 dum
242 3526 283 3590 ad
308 3526 530 3614 imperatorem
557 3553 644 3612 esse,
676 3531 873 3596 adsentiente
899 3532 1023 3599 Marcio
1054 3564 1071 3589 r
1085 3556 1126 3594 ν’.

106 3636 120 3682 3
138 3629 212 3705 post
230 3620 296 3685 dies
316 3623 409 3687 ambo
426 3621 653 3711 Carthaginem
670 3625 803 3691 rediere.
840 3627 882 3692 ad
901 3651 1032 3710 quorum
1052 3624 1105 3681 οὐν
1126 3660 1127 3664 ¹

139 3736 208 3778 sum
231 3737 295 3780 non
316 3717 483 3803 respiravit
504 3719 599 3785 modo
622 3720 739 3806 Mago,
764 3743 837 3787 cum
854 3732 938 3788 terra
954 3721 1083 3804 marique
1126 3755 1128 3762 2

139 3808 224 3892 cipiti
242 3821 328 3874 metu
348 3824 528 3899 urgeretur,
557 3815 741 3894 sedetiam,
774 3817 881 3883 audita
902 3816 1066 3883 rebellione
1087 3816 1108 3864 '⁶

104 3911 246 3985 tgetum
273 3927 363 3990 spem
388 3909 623 3993 recuperandae
648 3909 828 3996 Hispaniae
854 3921 1003 3989 nanctus,
1036 3925 1128 3972 no*
1157 3967 1158 3972 ,

139 3990 366 4082 Carthaginem
395 4002 436 4064 ad
463 4014 608 4068 senatum
633 4003 743 4083 mittit,
779 4006 834 4090 qui
859 4005 952 4071 simul
980 4004 1108 4071 scdrhua
