2528 4514
207 250 273 316 436
424 255 540 313 LIBER
558 255 702 325 XXVIII,
722 253 763 309 ta
775 253 818 310 ts.
839 259 878 325 [ιι.
887 249 952 311 uc.
961 255 1026 326 549]

210 442 265 486 seo
287 417 381 483 modo
403 414 603 502 perficeretur
624 411 756 489 bellum,
783 419 890 477 tamen
911 412 955 476 ad
976 413 1152 501 digmtaten
1170 436 1209 502 po
1247 466 1256 473 .-

209 513 276 599 puli
300 509 436 576 Romani
462 509 642 592 famamque
668 516 745 591 aput
774 527 866 592 reges
892 516 1072 592 gentesque
1100 518 1211 575 externat
1250 508 1256 567 '1

209 604 399 692 pertinebat,
425 626 489 669 non
515 603 556 669 ad
581 601 812 667 defendendam
839 602 934 667 modo
958 602 1100 683 Italiam,
1124 602 1213 669 sedal
1253 623 1256 663 t

210 699 373 765 inferenda
395 698 489 763 etiam
507 695 637 762 Africae
658 718 746 761 arma
767 695 867 760 videri
888 695 983 763 nobis
1005 698 1142 765 animum
1155 720 1213 777 cete
1247 770 1250 777 ,

161 816 192 863 13
211 815 270 858 neo
291 793 353 858 hcc
375 791 459 857 credi
481 790 678 877 vulgarique,
713 789 799 873 quod
820 788 984 857 Hannibal
1007 815 1106 858 ausus
1126 792 1162 858 sit
1177 812 1214 859 ne
1253 864 1256 872 ⁴

210 888 329 951 minem
346 886 459 950 ducem
475 884 691 950 Romanorum
712 883 828 948 audere
850 893 881 948 et
897 885 1004 970 priore
1021 885 1142 953 Punico
1155 885 1213 953 belb
1251 932 1256 946 .

210 993 292 1056 tum,
312 1002 383 1044 cum
402 979 442 1043 de
456 976 565 1044 Sicilia
582 987 764 1056 certaretur,
783 978 895 1043 totiens
904 977 1055 1045 Africam
1072 980 1112 1047 ab
1127 978 1212 1047 notui
1251 1052 1254 1060 ¹

212 1073 463 1157 exercitibusque
489 1082 520 1138 et
546 1071 700 1138 classibus
727 1086 956 1158 oppugnmm,
982 1096 1085 1154 nunc,
1110 1073 1213 1140 cnmlt
1247 1108 1256 1154 ,ι

162 1189 194 1235 14
211 1168 304 1233 Italia
330 1176 478 1244 certetur,
513 1165 657 1232 Africam
682 1175 827 1251 pacatam
852 1188 934 1233 esse.
986 1169 1158 1254 requiescat
1177 1167 1214 1234 el·
1247 1168 1250 1177 ’

211 1261 337 1345 quando
364 1270 477 1326 vexata
508 1271 573 1325 tam
598 1260 653 1325 diu
678 1258 789 1339 Italia,
824 1270 934 1327 uratur
963 1262 1212 1349 evasteturqueia
1246 1260 1248 1267 ’

161 1378 192 1426 15
211 1356 313 1420 vicem
338 1354 463 1433 Africa3
490 1350 594 1421 casua
617 1354 762 1420 Romana
786 1355 892 1440 potins
915 1355 1120 1445 Carthaginis
1142 1355 1212 1444 porti

211 1450 407 1526 immineant,
435 1470 529 1532 quam
551 1470 609 1514 nos
630 1450 744 1515 iterum
765 1448 883 1514 vallum
903 1449 1048 1517 hostium
1068 1474 1109 1517 ex
1124 1449 1212 1517 moeri·
1245 1472 1256 1512 e

210 1543 270 1607 bus
288 1543 404 1608 nostris
420 1543 585 1608 videamus
591 1568 601 1621 3
627 1542 740 1609 Africa
757 1543 798 1608 sit
813 1543 926 1628 reliqui
943 1544 1021 1611 belli
1039 1547 1142 1624 sedes,
1163 1543 1211 1609 illut

211 1646 309 1702 terror
334 1637 488 1722 fugaque,
523 1637 685 1723 populatio
711 1659 876 1723 agrorum,
912 1638 1051 1708 desectio
1077 1640 1210 1713 sodoma

211 1740 333 1795 ceterae
354 1728 428 1796 belli
455 1730 574 1808 clades,
602 1752 683 1815 quae
704 1731 738 1795 in
758 1753 816 1796 nos
838 1754 896 1817 per
915 1734 1163 1816 quattuordecim
1177 1753 1212 1797 ιι·

161 1846 192 1893 16
211 1847 268 1889 nos
295 1825 493 1911 ingruerunt,
519 1834 687 1891 vertantur.
731 1847 812 1909 quae
837 1826 965 1892 adrem
992 1827 1151 1913 publicam
1166 1847 1212 1913 pc·

212 1918 310 1982 tinent
336 1928 367 1983 et
392 1917 524 1996 bellum,
551 1920 637 2004 quod
656 1920 766 1998 instat,
794 1930 825 1984 et
845 1921 1041 2006 provincias,
1068 1924 1108 1990 de
1128 1920 1211 2008 quite
1246 1968 1256 1975 -

162 2034 192 2081 17
213 2013 328 2099 agitur,
348 2013 465 2079 dixisse
484 2015 559 2081 satis
577 2025 640 2081 est:
662 2015 716 2081 illa
732 2015 828 2102 longa
844 2016 944 2081 oratio
961 2038 1023 2083 nec
1040 2019 1084 2083 ad
1101 2040 1154 2085 vos
1167 2036 1212 2103 pn*

211 2109 312 2172 tineus
340 2109 397 2186 sit,
434 2109 479 2186 si,
516 2132 610 2194 quem
640 2110 681 2176 ad
711 2112 839 2176 modum
866 2109 907 2194 Q.
927 2111 1049 2179 Fabius
1081 2134 1162 2179 meas
1180 2129 1212 2173 re
1245 2124 1256 2137 ·

210 2213 316 2287 gestas
334 2203 368 2267 in
385 2202 543 2290 Hispania
565 2205 712 2283 elevavit,
740 2205 786 2270 sic
808 2227 868 2291 ego
890 2215 1000 2273 contra
1021 2207 1153 2294 gloriam
1168 2204 1212 2270 siut
1254 2254 1256 2259 ,

161 2315 192 2363 18
211 2297 335 2362 cludere
363 2308 394 2363 ct
419 2320 522 2363 meam
552 2299 656 2365 verbis
688 2300 836 2366 extollere
862 2301 965 2366 velim.
1020 2314 1163 2368 neutrum
1184 2299 1214 2364 la

211 2392 305 2470 ciam,
341 2402 444 2479 patres
471 2394 657 2480 conscripti,
692 2405 742 2473 et,
778 2395 806 2461 si
831 2395 896 2461 ulla
917 2396 979 2462 alia
1004 2420 1055 2476 re,
1092 2392 1214 2464 modern

210 2498 293 2552 certe
323 2498 354 2551 et
384 2490 587 2573 tempera-ndo
613 2490 738 2576 linguae
769 2491 954 2558 adulescens
988 2490 1101 2560 sene'm
1129 2495 1213 2561 vicera

210 2582 253 2645 ita
280 2582 396 2646 etvini
423 2595 454 2647 et
479 2584 565 2668 gessi
591 2607 655 2661 res,
690 2595 725 2648 ut
751 2585 863 2650 tacitus
890 2608 928 2651 ea
953 2587 1119 2672 opinione,
1147 2606 1214 2674 quem

209 2685 313 2738 vestra
335 2687 445 2761 sponte
467 2688 650 2762 conceptam
672 2679 784 2744 animis
802 2679 974 2758 haberetis,
1003 2682 1101 2751 facile
1118 2692 1215 2751 conter-

210 2779 260 2831 tus
279 2769 402 2834 essem!
1252 2814 1256 2821 ·

178 2882 191 2927 1
274 2861 464 2927 XXXXV.
508 2864 619 2930 Minus
641 2868 750 2950 aequis
773 2867 885 2932 animis
907 2867 1038 2936 auditus
1058 2881 1108 2936 est
1126 2867 1215 2955 scipta
1253 2928 1256 2935 .

209 2954 283 3036 quia
300 2955 463 3042 vulgatum
481 2969 560 3037 erat,
587 2960 615 3024 si
637 2972 712 3046 aput
731 2972 874 3027 senatum
895 2984 959 3027 non
977 2962 1176 3042 obtinuisset,
1194 2970 1216 3025 ut

208 3049 368 3132 provincia
385 3050 496 3117 Africa
515 3053 574 3119 sibi
592 3055 822 3134 decerneretur,
849 3056 890 3121 ad
911 3057 1070 3141 populum
1089 3054 1216 3142 extendo

175 3142 353 3208 elaturum.
396 3145 502 3230 itaque
530 3146 571 3230 Q.
599 3147 746 3227 Fulvius,
773 3150 828 3234 qui
854 3150 963 3215 consul
993 3162 1109 3235 quater
1132 3153 1216 3223 sueni

144 3291 146 3298 .
207 3235 377 3320 postulavit
403 3262 423 3302 a
448 3241 588 3319 consule,
625 3252 660 3306 ut
684 3244 788 3328 palam
814 3244 847 3309 in
870 3252 981 3309 senatu
1005 3247 1139 3327 diceret,
1168 3264 1217 3332 pff·

207 3330 382 3395 mitteretne
400 3333 556 3416 patribus,
575 3344 609 3400 ut
622 3336 661 3401 de
673 3338 842 3423 provinciis
856 3337 1074 3420 decernerent,
1093 3352 1217 3408 staturus

207 3444 268 3505 que
295 3445 333 3487 eo
355 3436 439 3490 essct
465 3428 550 3510 quod
572 3430 781 3510 censuissent,
808 3455 849 3497 au
871 3433 912 3497 ad
933 3434 1094 3519 populum
1113 3437 1216 3503 lamus

173 3537 188 3583 3
207 3537 278 3580 cum
289 3513 397 3602 Scipio
415 3523 640 3605 respondisset,
660 3547 695 3591 se
712 3526 797 3610 quod
815 3549 832 3593 e
849 3549 884 3592 re
899 3527 1031 3613 publica
1044 3541 1131 3597 esset
1142 3530 1218 3596 fau

171 3634 188 3678 4
206 3632 290 3688 rum,
317 3622 383 3676 tum
400 3613 548 3680 Fulvius:
581 3623 657 3683 ‘non
675 3643 737 3705 ego
758 3621 902 3707 ignarus,
929 3623 1008 3706 quid
1030 3640 1217 3712 responsurus

206 3703 385 3770 facturusve
412 3730 517 3788 esses,
553 3715 712 3796 quaesivi,
749 3716 865 3802 quippe
892 3738 963 3781 cum
990 3740 1069 3803 prae
1101 3730 1131 3784 te
1155 3717 1216 3783 fem

205 3809 357 3883 temptare
384 3811 414 3867 te
440 3805 542 3891 magis
564 3829 659 3891 quam
686 3810 848 3876 consulere
872 3822 1017 3877 senatum
1040 3822 1089 3893 et,
1115 3814 1147 3879 ni
1165 3828 1217 3898 pur

204 3890 339 3956 vinciam
363 3895 418 3961 tibi
440 3920 534 3982 quam
556 3902 692 3968 volueris
716 3905 874 3992 extemplo
897 3906 1122 3986 decernamus,
1147 3925 1217 3992 pen·

171 3991 268 4051 etam
290 3990 483 4074 rogationem
504 3994 631 4062 habeas.
676 3999 781 4084 itaque
803 4024 823 4064 a
845 3999 950 4078 vobis,
977 3998 1098 4066 tribuni
1123 3996 1216 4087 plebis,
