2566 4538
233 247 307 320 114'
480 263 601 320 aman
618 261 735 333 xxm,
753 263 778 317 1.
792 262 817 318 a.
838 260 1026 332 [anessa]

620 791 737 873 ΤΙΤΙ
763 790 888 872 LIVI

480 948 549 1010 AB
584 948 729 1011 vasu
766 945 1028 1011 oouorrn

615 1137 745 1197 nurus
765 1094 891 1197 uitur.

205 1309 219 1356 1
302 1273 329 1339 1.
375 1269 492 1362 [Inter]
515 1271 595 1336 liaeo
616 1269 780 1335 Hannibal
801 1279 875 1355 post
897 1267 1100 1336 Cannensem
1122 1291 1194 1358 pugi

240 1364 372 1457 [eastra]
391 1375 484 1453 oapta
501 1387 540 1432 ao
557 1365 680 1451 direpta
697 1363 864 1430 confestim
878 1382 918 1428 ex
926 1363 1046 1450 Apulia
1058 1365 1093 1430 iu
1108 1361 1194 1432 Sami

238 1470 393 1540 moverat,
412 1460 532 1526 aooitus
549 1459 584 1525 in
596 1459 750 1546 Hirpinos
768 1482 788 1523 a
804 1455 906 1525 Statio
926 1456 1090 1547 [Trebio]‚
1108 1459 1194 1546 polli‹

239 1579 274 1622 se
288 1552 464 1642 Compsam
481 1555 677 1620 traditurum.
706 1551 906 1639 Compsanus
925 1563 991 1619 erat
1005 1552 1143 1621 Trebius
1161 1576 1194 1620 n<

203 1671 219 1718 a
237 1652 318 1718 inter
336 1671 426 1730 suos,
449 1658 498 1715 set
514 1648 678 1735 premebat
695 1670 768 1714 eum
784 1647 985 1734 Mopsiorum
1002 1648 1115 1729 factio,
1138 1647 1194 1715 fau

205 1765 220 1812 3
237 1768 296 1833 per
312 1745 446 1834 gratiam
459 1743 676 1810 Romanorum
693 1743 840 1829 potentis.
871 1753 945 1829 post
961 1742 1081 1808 famam
1097 1741 1194 1810 Cann

237 1862 365 1927 pugnae
381 1838 608 1926 volgatumque
627 1837 724 1903 Trebi
743 1837 939 1904 sermonibus
962 1838 1136 1905 adveutum
1154 1837 1194 1905 H

240 1933 321 1999 balis
340 1955 413 1999 cum
433 1930 607 2019 Compsam
629 1932 740 1998 urbem
763 1933 987 2010 excessissent,
1016 1932 1085 1999 siue
1109 1943 1194 2000 oerta

205 2048 222 2094 4
240 2024 354 2092 tradita
367 2026 443 2092 urbs
451 2025 562 2092 Poeno
570 2026 825 2113 praesidiumque
838 2036 1003 2112 acceptum
1016 2036 1075 2093 est.
1103 2026 1151 2093 ibi
1163 2049 1194 2115 pr

242 2120 328 2187 omni
342 2130 437 2205 atque
449 2120 670 2207 inpedimentis
684 2119 811 2198 relictis,
830 2121 969 2186 exercitu
977 2120 1093 2207 partito
1102 2120 1194 2211 Mag<

239 2214 377 2304 regionis
396 2215 464 2282 eius
481 2214 577 2281 urbes
595 2225 650 2281 aut
662 2214 835 2280 deficientis
849 2214 890 2280 ab
899 2213 1052 2281 Romanis
1067 2216 1194 2303 aoeipen

206 2329 221 2379 o
241 2308 440 2376 detractantis
464 2329 577 2399 eogere
595 2311 635 2375 ad
653 2307 862 2375 defectionem
879 2307 980 2388 iubet,
1003 2310 1073 2395 ipse
1091 2332 1152 2397 per
1168 2332 1194 2397 ap

240 2400 441 2490 Campanum
462 2425 549 2471 mare
569 2403 707 2470 inferum
727 2403 819 2490 petit,
842 2412 1082 2491 oppugnaturus
1100 2403 1194 2492 Nesp

206 2519 221 2568 6
239 2506 275 2562 ut
295 2495 407 2565 urbem
429 2498 618 2564 maritimam
639 2497 778 2565 haberet.
822 2496 879 2563 ubi
899 2496 979 2564 fines
996 2495 1194 2584 Neapolim«

239 2591 382 2670 intravit,
403 2590 558 2658 Numidas
575 2592 690 2679 partim
707 2592 741 2657 in
757 2591 881 2658 insidiis
899 2629 926 2640 -
943 2602 975 2659 et
990 2592 1166 2679 pleraeque
1183 2614 1194 2660 t

240 2693 313 2750 sunt
330 2684 402 2752 viae
420 2685 571 2770 sinusque
588 2685 703 2752 occulti
719 2724 746 2734 -
765 2706 965 2772 quacumque
983 2695 1055 2772 apte
1072 2695 1194 2774 poterat

239 2779 359 2867 posuit,
388 2779 466 2846 alios
488 2803 565 2869 prae
587 2804 622 2848 se
640 2791 743 2850 aotam
760 2781 911 2869 praedam
929 2803 970 2848 ex
986 2780 1072 2870 agris
1091 2791 1194 2851 ostent

207 2895 221 2943 7
240 2872 422 2958 obequitare
435 2875 534 2962 portis
548 2875 651 2943 iussit.
680 2875 716 2943 in
728 2897 823 2962 quos,
842 2875 917 2962 quia
933 2896 993 2943 neo
1010 2875 1103 2942 multi
1121 2877 1194 2944 etii

239 2968 335 3056 positi
356 2970 553 3053 videbantur,
581 2993 654 3037 oum
676 2972 943 3057 turmaequitum
965 2972 1138 3057 erupisset,
1165 2972 1194 3040 al

206 3082 222 3131 8
240 3063 387 3132 dentibus
405 3065 549 3134 consulto
567 3075 666 3133 tracta
686 3066 720 3134 iu
741 3065 872 3133 insidias
894 3067 1108 3133 sucumveuta
1131 3076 1194 3149 est3

240 3159 395 3228 evasisset
416 3162 598 3248 quisquam,
625 3162 659 3228 ni
680 3185 767 3229 mare
788 3161 1000 3249 propinquum
1022 3170 1055 3227 et
1071 3161 1194 3250 hautp:

238 3253 329 3320 litore
342 3277 449 3334 naves,
463 3255 650 3343 piscatoriae
662 3257 842 3344 pleraeque,
857 3264 1044 3342 conspectae
1057 3256 1169 3342 peritis
1182 3279 1194 3323 1

207 3369 222 3418 o
240 3347 403 3416 dedissent
420 3349 583 3439 effugium.
610 3350 731 3436 aliquot
744 3360 850 3416 tamen
862 3372 899 3416 eo
913 3349 1031 3437 proelio
1048 3349 1175 3417 nobiles
1191 3356 1194 3415 ἐ

240 3464 297 3509 nes
316 3444 401 3531 eapti
417 3445 578 3531 oaesique,
596 3445 678 3511 inter
691 3467 771 3530 quos
784 3453 816 3511 et
828 3443 976 3533 Hegeas,
994 3443 1194 3532 praefectus

191 3556 223 3604 10
241 3545 322 3618 tum,
349 3539 608 3627 intemperantius
636 3540 783 3606 sedentes
810 3549 938 3606 secutus
965 3539 1087 3605 cecidit.
1134 3538 1176 3608 ab

241 3633 455 3720 oppugnanda
466 3630 613 3701 Poenum
626 3632 823 3702 absterruere
841 3642 1011 3720 conspecta
1027 3633 1170 3714 moenia,
1186 3631 1194 3699 l

240 3748 400 3812 quaquam
417 3739 563 3817 prompta
580 3730 786 3818 oppugnanti.

207 3838 222 3887 1
245 3840 247 3845 ·
304 3820 350 3888 Π.
385 3821 466 3889 Inde
484 3822 629 3911 Capuam
646 3824 744 3890 flectit
759 3825 820 3892 iter
835 3823 1046 3890 luxuriantem
1063 3821 1194 3914 longai

240 3923 305 3981 tate
326 3924 421 4003 atque
437 3917 634 4007 indulgentia
650 3918 808 3998 fortunae,
830 3919 968 3986 maxime
985 3926 1092 3983 tamen
1110 3918 1194 3984 inter

239 4019 333 4097 rupta
345 4010 451 4079 omnia
458 4011 585 4080 licentia
593 4013 695 4100 plebis
710 4013 778 4080 sine
791 4014 886 4080 modo
898 4012 1076 4080 libertatem
1090 4034 1194 4081 exero<
