2528 4514
321 855 540 938 [eumcum
561 858 670 918 emm
690 855 820 938 xxva]

131 989 296 1058 [Hannibal
310 989 348 1044 ad
361 989 475 1043 tertium
488 989 612 1058 lapidem
623 989 659 1044 ab
671 988 742 1043 urbe
751 988 843 1043 Roma
858 1005 943 1059 super
951 988 1091 1048 Amisum

85 1073 154 1123 aetra
162 1066 269 1137 posuit.
305 1066 367 1136 ipse
379 1082 441 1123 oum
451 1066 563 1120 duobus
576 1065 692 1120 milibus
707 1064 832 1136 equitum
844 1082 937 1137 usque
950 1067 1090 1140 adipeam

85 1148 204 1214 tapenam
213 1148 339 1213 portam,
358 1147 391 1197 ut
400 1142 484 1197 situm
493 1141 572 1196 urbis
583 1143 758 1213 exploraret,
778 1142 962 1214 obequitavit
989 1149 1091 1199 etcum

85 1238 117 1275 er
125 1221 245 1274 triduum
255 1220 284 1273 in
294 1219 384 1274 aciem
394 1219 535 1290 utrimque
545 1220 686 1275 exereitus
700 1219 791 1274 omnis
805 1219 1012 1290 descendisset,
1031 1238 1090 1276 cer·

85 1314 157 1352 emen
166 1303 324 1366 tempestas
334 1297 459 1365 diremit,
477 1313 544 1351 nam
559 1313 623 1351 cum
635 1296 665 1351 in
675 1303 771 1352 eastra
783 1297 919 1366 redisset,
938 1297 1033 1353 statim
1047 1315 1090 1354 se-

85 1375 168 1430 rnitas
182 1380 253 1429 erat.
290 1373 389 1444 Capua
402 1379 489 1444 capta
502 1378 547 1429 est
560 1374 621 1440 aQ.
630 1375 734 1429 Fulvio
749 1381 779 1430 et
786 1374 880 1446 Appio
891 1372 1010 1430 Claudio
1025 1388 1091 1430 cou-

85 1453 180 1507 rlibus.
198 1452 341 1522 principes
352 1451 558 1522 Campanorum
567 1468 678 1508 veneno
688 1452 744 1508 sibi
753 1458 873 1507 mortem
883 1452 1090 1511 consciverunt.

85 1549 122 1585 rm
134 1537 251 1585 senatus
261 1529 469 1600 Campanorum
479 1529 621 1601 deligatus
631 1535 708 1585 esset
717 1530 755 1584 ad
762 1531 858 1600 palos,
877 1536 910 1584 ut
923 1531 1016 1585 securi
1025 1529 1091 1585 feri-

85 1613 150 1677 etur,
170 1607 269 1661 literas
284 1623 302 1660 a
317 1611 418 1661 senatu
432 1605 535 1660 missas
545 1607 579 1671 Q.
588 1607 707 1662 Fulvius
722 1609 836 1677 consul,
855 1606 958 1678 quibus
972 1607 1090 1663 iubeba-

85 1701 247 1755 upareere,
266 1689 419 1753 antequem
434 1684 557 1752 legeret,
576 1683 606 1737 in
616 1684 680 1738 sinu
688 1683 786 1754 posuit
795 1689 825 1738 et
837 1685 901 1754 lege
911 1683 960 1754 agi
970 1682 1053 1738 iussit
1062 1690 1092 1739 et

85 1762 229 1832 spplicium
238 1761 357 1831 peregit
393 1777 456 1814 cum
467 1760 587 1815 comitiis
600 1768 671 1833 aput
682 1763 819 1832 populum
829 1767 1026 1832 quaereretur,
1045 1761 1091 1817 cui

85 1839 243 1893 auderetur
255 1837 459 1906 Hispaniarum
476 1837 637 1909 imperium,
655 1839 735 1893 nullo
752 1839 784 1894 id
801 1840 917 1894 volente
935 1838 1089 1910 suscipere,
1175 1858 1180 1863 ·

85 1925 95 1968 ’.
105 1913 212 1985 Scipio,
233 1916 265 1969 P.
275 1912 352 1968 filius
367 1914 442 1984 eius,
462 1915 510 1985 qui
522 1914 552 1968 in
561 1914 702 1987 Hispania
716 1917 872 1986 ceciderat,
889 1915 1037 1987 professus
1046 1923 1091 1972 est

85 1990 205 2044 siturum
215 1995 244 2045 et
255 1990 389 2062 suffragio
403 1991 505 2061 populi
519 2008 717 2064 consensuque
731 1992 855 2048 omnium
868 1993 971 2048 missus
979 1993 1091 2051 Novam

85 2068 263 2141 larthaginem
292 2069 479 2140 expugnavit,
506 2071 707 2126 eumhaberet
725 2071 936 2142 annosviginti
954 2076 1091 2143 quattuor

85 2144 259 2216 idereturque
271 2147 366 2201 divina
375 2148 462 2215 stirpe
473 2154 599 2216 creatus,
619 2148 686 2219 quia
694 2150 807 2219 etipse,
826 2155 979 2218 postquam
992 2155 1090 2220 togam

85 2232 224 2294 coeperat,
254 2225 357 2279 cotidie
379 2226 409 2278 in
428 2224 570 2295 Capitolio
589 2232 652 2280 erat
668 2231 699 2281 et
715 2224 745 2279 in
764 2226 895 2280 eubiculo
913 2224 1011 2279 matris
1029 2225 1090 2279 eius

85 2302 164 2371 nguis
178 2319 264 2371 saepe
278 2301 438 2357 videbatur.
474 2319 520 2357 res
533 2308 684 2372 praeterea
696 2307 795 2371 gestas
809 2301 840 2354 iu
854 2299 952 2354 Sicilia
961 2301 1090 2355 continet

85 2379 260 2432 tamicitiam
280 2395 342 2432 cum
360 2378 471 2434 Aetolis
493 2379 619 2433 iunctam
635 2379 800 2450 bellumque
819 2381 931 2448 gestum
952 2377 1104 2439 adversus,

85 2470 225 2512 lceruanes
235 2462 264 2510 et
272 2455 435 2526 Philippum
444 2455 631 2511 Macedoniae
641 2459 759 2527 regem]

492 2621 661 2632 ...-.-—-—-

441 2747 559 2831 ΤΙΤΙ
584 2747 710 2830 LIVI

303 2907 369 2966 AB
405 2906 549 2967 veen
585 2904 844 2969 commus

436 3093 565 3155 LIBER
585 3094 706 3156 XXVI.

128 3225 152 3289 1.
188 3225 248 3292 Cn.
266 3226 399 3291 Fulvius
419 3225 629 3306 Centimalus,
655 3226 693 3291 P.
715 3224 874 3311 Sulpicius
894 3222 999 3292 Galba
1015 3246 1122 3292 con-1

85 3315 147 3384 mles
164 3343 236 3385 cum
254 3320 358 3386 idibus
375 3320 500 3386 Martiis
518 3321 737 3407 magistratum
757 3319 902 3398 inissent,
930 3327 1041 3384 senatu
1057 3320 1090 3384 in

85 3401 255 3498 lapitolium
272 3425 384 3480 vocato
402 3416 441 3481 de
459 3437 493 3480 re
514 3414 654 3501 publiea,
673 3414 713 3481 de
726 3413 992 3479 administratione
1005 3411 1088 3493 belli,
1179 3442 1180 3447 ¹

85 3496 110 3565 ie
122 3510 286 3594 provinciis
306 3509 557 3593 exercitibusque
573 3519 679 3594 patres
698 3506 930 3574 consuluerunt.
958 3505 999 3590 Q.
1013 3507 1090 3573 Ful·
1108 3527 1123 3574 2

85 3593 129 3678 γί0,
158 3604 223 3690 Ap.
238 3604 387 3682 Claudio,
418 3604 531 3689 prioris
557 3603 632 3668 anni
658 3601 856 3681 consulibus,
886 3609 1091 3687 'prorogatum

85 3699 226 3778 apetium
244 3708 292 3763 est
310 3707 403 3782 atque
422 3697 591 3776 exercitus,
613 3719 694 3781 quos
712 3694 883 3774 habebant,
901 3694 1018 3759 decreti
1035 3694 1090 3759 ad-

85 3799 252 3877 eutumque,
279 3815 320 3857 ne
342 3816 362 3858 a
385 3792 511 3879 Capua,
538 3815 633 3878 quam
655 3788 854 3868 obsidebant,
886 3788 1090 3856 abscederent

85 3877 148 3950 'lius
166 3908 262 3971 quam
279 3897 523 3974 expugnassent.
569 3908 607 3952 ea
623 3896 691 3951 tum
709 3891 785 3950 cur'a
801 3884 937 3950 maxime
954 3883 1088 3951 intentos
1108 3903 1123 3950 e

85 3968 195 4045 abebat
222 3981 397 4061 Romanos,
424 4004 487 4047 non
513 3981 553 4047 ab
579 3981 626 4046 ira
652 3989 788 4058 tantum,
815 4000 896 4064 quae
917 3978 950 4043 iu
971 3978 1090 4044 nullam
