2528 4514
293 236 411 293 nnana
429 236 555 307 xxvu,
575 237 600 291 r.
620 241 658 308 [a.
668 237 698 292 c.
708 237 769 293 210.
780 238 844 307 ace]
1022 226 1084 292 331

105 393 193 460 VII.
239 393 340 459 Exitu
357 394 430 459 anni
447 393 540 459 huius
561 392 599 461 C.
616 394 749 460 Laelius
771 395 822 460 die
845 404 956 480 quarto
979 405 1009 463 et
1032 397 1118 464 tri-r

81 491 192 555 nsimo
212 511 308 574 quam
330 513 350 555 a
368 489 546 555 Tarracone
567 489 727 576 profectus
749 501 816 557 erat
832 490 968 559 Romam
989 493 1085 572 venit,

81 606 134 669 [ue
156 604 235 648 cum
258 583 384 669 agmine
405 583 600 670 captivorum
622 585 785 671 ingressus
803 585 914 652 urbem
935 610 1085 674 magnum

81 699 243 744 ncursum
260 676 423 743 hominum
440 677 524 742 feeit.
559 688 686 763 postero
704 679 754 745 die
775 679 809 744 in
826 691 970 747 senatum
990 681 1087 747 intro-
1105 701 1120 748 2

81 782 164 838 ctus
192 781 321 858 captam
344 771 584 859 Carthaginem,
612 783 706 859 caput
729 773 919 860 Hispaniae,
946 797 1010 841 uno
1036 775 1087 840 die

81 875 259 954 raptasque
277 866 395 950 aliquot
412 866 521 945 urbes,
548 888 629 951 quae
647 867 851 948 defecissent,
873 892 1036 954 novasque
1054 870 1087 934 in

81 962 238 1027 rietatem
263 959 400 1025 adscitas
427 961 581 1046 exposuit.
627 983 668 1026 ex
693 961 825 1046 captivis
852 983 1012 1047 comperta
1036 963 1120 1033 hisr

81 1077 109 1121 e
129 1053 357 1140 congruentia,
384 1075 465 1138 quae
481 1054 515 1119 in
531 1055 641 1121 litteris
660 1053 784 1120 fuerant
800 1054 848 1120 M.
863 1054 982 1120 Valerii
998 1055 1088 1122 Mes-

81 1149 160 1215 llae.
213 1148 351 1213 maxime
376 1148 476 1214 movit
500 1158 605 1234 patres
631 1148 843 1215 Hasdrubalis
874 1149 1023 1215 transitus
1054 1149 1087 1214 in

81 1243 177 1307 iliam
206 1242 264 1306 vix
295 1241 470 1308 Hannibali
500 1252 594 1326 atque
626 1242 694 1308 eius
724 1244 820 1308 armis
852 1242 1085 1309 subsistentem.

81 1338 226 1405 eductus
260 1346 293 1402 et
326 1337 360 1402 iu
395 1337 572 1403 contionem
596 1338 729 1405 Laelius
765 1338 876 1405 eadem
910 1338 1121 1406 edisseruitr

81 1443 180 1499 natus
208 1433 250 1499 ob
280 1455 332 1499 res
359 1434 491 1500 feliciter
516 1458 536 1501 a
560 1433 598 1501 P.
623 1433 771 1521 Scipione
796 1445 904 1522 gestas
930 1435 1088 1522 supplica

81 1551 170 1595 »nem
187 1527 224 1592 in
240 1550 339 1593 unum
357 1528 441 1594 diem
458 1528 596 1595 decrevit
600 1553 610 1608 3
635 1528 672 1594 C.
682 1529 830 1594 Laelium
842 1529 944 1614 primo
962 1551 1087 1613 qnoque

81 1644 193 1708 mpore
212 1643 285 1686 cum
303 1622 416 1707 quibus
434 1633 562 1688 venerat
579 1623 713 1689 navibus
730 1624 833 1688 redire
850 1624 882 1688 in
896 1623 1086 1709 Hispaniam

81 1717 154 1783 ssit.
201 1715 402 1804 Carthaginis
425 1718 690 1804 expugnationem
712 1717 745 1781 in
766 1717 851 1783 hune
872 1741 990 1784 annum
1012 1738 1120 1784 con-5

81 1810 110 1876 li
130 1811 240 1877 multis
264 1812 457 1890 auctoribus,
485 1812 570 1877 haud
592 1812 717 1878 nescius
739 1813 894 1897 quosdam
917 1835 1001 1892 esse,
1032 1812 1088 1898 qui

81 1929 136 1972 ruo
153 1907 333 1991 insequenti
351 1917 475 1993 captam
492 1907 689 1986 tradiderint,
716 1909 801 1993 quod
822 1908 901 1973 mihi
921 1908 1026 1973 minus
1046 1907 1120 1975 sio

81 1999 132 2064 ile
154 2001 221 2066 veri
250 2001 356 2067 visum
387 2011 435 2067 est
466 2024 583 2069 annum
612 2002 770 2089 integrum
798 2000 980 2090 Scipionem
1010 2002 1088 2068 nihil

81 2094 195 2159 erundc
213 2094 246 2158 in
263 2094 423 2180 Hispania
441 2096 687 2182 consumpsisse.

112 2186 161 2272 Q
168 2187 270 2254 Fabio
287 2189 432 2255 Maximo
450 2191 605 2275 quintum,
624 2189 664 2273 Q.
679 2190 793 2256 Fulvio
806 2191 923 2258 Flacco
940 2202 1086 2277 quartum
1106 2211 1120 2256 i

81 2282 236 2349 msulibus
255 2283 359 2349 idibus
376 2284 518 2363 Martiis,
547 2306 610 2369 quo
633 2285 684 2350 die
701 2285 920 2370 magistratum
940 2286 1086 2363 inierunt,

81 2375 145 2442 ulia
162 2376 318 2442 ambobus
340 2379 502 2463 provincia
523 2379 661 2456 decreta,
688 2378 871 2465 regionibus
893 2388 999 2444 tamen
1015 2399 1088 2463 par·

81 2486 146 2535 tum
161 2470 344 2556 imperium:
361 2470 480 2538 Fabius
494 2473 536 2537 ad
546 2472 731 2549 Tarentum,
749 2471 881 2536 Fulvius
899 2471 933 2536 in
944 2471 1086 2536 Lucanis

81 2563 233 2630 rBrnttiis
251 2589 318 2632 rem
335 2576 468 2653 gereret.
495 2567 543 2631 M.
555 2565 690 2632 Claudio
703 2577 905 2653 prorogatum
918 2567 952 2631 in
969 2590 1086 2633 annum
1104 2583 1122 2631 8

81 2659 230 2743 uperium.
273 2671 432 2746 praetores
452 2661 552 2726 sortiti
568 2661 760 2745 provincias,
789 2658 828 2725 C.
845 2660 1003 2726 Hostilius
1022 2661 1089 2726 Tu-

81 2751 152 2871 plus
165 2751 333 2832 urbanam,
352 2754 394 2820 L.
404 2754 657 2821 VeturiusPhilo
674 2754 873 2841 peregrinam
890 2776 963 2821 cum
973 2752 1087 2835 Gallia,

81 2843 282 2929 '.Quinctius
307 2847 472 2959 Crispinus
497 2849 656 2959 Capuam,
693 2845 732 2915 C.
754 2847 989 2915 Aurunculeius
1013 2848 1089 2916 Sar-

81 2938 183 3007 briam.
228 2943 384 3009 exercitus
406 2944 451 3008 ita
471 2966 528 3030 per
544 2943 723 3029 provincias
741 2944 847 3010 divisi:
873 2943 989 3010 Fulvio
1006 2944 1088 3010 duae
1106 2960 1121 3007 e

81 3034 211 3122 gisnes,
238 3058 318 3121 quas
340 3037 374 3101 in
396 3035 504 3103 Sicilia
525 3037 573 3102 M.
592 3037 738 3103 Valerius
760 3038 922 3103 Laevinus
948 3036 1087 3115 haberet,

81 3128 232 3213 lFabio,
259 3130 406 3214 quibus
396 3155 430 3196 rn
450 3131 580 3197 Etruria
602 3131 640 3198 C.
666 3131 857 3216 Calpurnius
881 3128 1089 3217 [praefuisset

81 3233 209 3291 scmtae.
253 3223 408 3312 urbanus]
428 3226 583 3292 exercitus
605 3236 640 3291 ut
662 3227 695 3291 in
711 3226 873 3291 Etruriam
896 3223 1086 3301 succederet,
1107 3240 1139 3286 10

81 3316 96 3385 l.
109 3317 303 3404 Calpurnius
326 3320 428 3385 eidem
446 3330 606 3407 praeesset
623 3321 814 3406 provinciae,
843 3319 1086 3402 exercitumque,
1202 3337 1204 3341 ’

81 3435 150 3479 uem
168 3411 309 3495 Quintus
326 3413 460 3479 Fulvius
478 3414 655 3492 habuisset,
674 3414 713 3481 Τ.
734 3412 901 3495 Quinctius
920 3411 1088 3492 obtineret;

81 3506 96 3572 l.
112 3505 272 3573 Hostilius
291 3507 331 3573 ab
351 3507 389 3574 C.
407 3508 557 3575 Laetorio
574 3517 773 3595 propraetore
789 3506 982 3592 provinciam
1001 3530 1089 3574 exer·
1109 3525 1138 3570 11

81 3606 230 3686 itumque,
249 3602 303 3686 qui
322 3612 389 3668 tum
405 3603 469 3668 iam
486 3602 624 3668 Arimini
642 3611 721 3680 erat,
741 3602 904 3688 acciperet.
939 3600 988 3665 M.
1001 3601 1090 3665 Mar·

81 3695 154 3774 ello,
191 3695 308 3780 quibus
336 3697 446 3762 consul
470 3719 539 3762 rem
568 3705 728 3784 gesserat,
763 3696 903 3782 legiones
935 3695 1087 3761 decretae.

81 3789 101 3859 l.
115 3789 247 3856 Valerio
264 3812 339 3856 cum
355 3791 397 3856 L.
412 3788 524 3858 Cincio
540 3830 568 3840 -
584 3792 623 3857 iis
642 3812 766 3876 quoque
785 3791 868 3857 enim
884 3800 1088 3877 prorogatum
1108 3811 1139 3859 12

81 3883 213 3953 rSicilia
230 3886 397 3972 imperium
414 3925 441 3936 -
459 3887 636 3953 Cannensis
655 3887 809 3953 exercitus
828 3887 936 3965 datus,
955 3908 1089 3971 eumque

81 3980 203 4066 applere
217 4002 257 4046 ex
269 3981 435 4061 militibus,
457 3982 511 4066 qui
525 4004 565 4047 ex
581 3980 757 4067 legionibus
769 3979 828 4046 Cn.
838 3980 932 4047 Fulvi
946 4003 1092 4068 superes·
