2528 4514
149 246 213 322 122
389 263 736 333 umnaxxm,e.1o.
756 264 942 335 [anema]

146 426 263 505 vicem,
291 423 343 490 cui
364 433 412 490 ter
431 422 574 509 proditae
595 421 713 508 patriae
737 422 959 488 sustinendum
979 432 1028 488 est
1048 420 1098 487 cris

147 519 245 588 semel
258 541 332 585 cum
344 517 529 583 defectionis
543 515 583 583 ab
595 516 760 595 Romanis,
777 516 892 582 iterum
909 538 984 583 cum
1004 516 1076 603 pacis

146 611 328 680 Hannibale
353 611 443 678 fuisti
468 620 589 689 auctor,
616 610 708 676 tertio
733 610 842 689 hodie,
874 631 949 676 cum
972 610 1098 677 restium

97 731 129 781 ιι
147 707 301 775 Romanis
320 705 452 793 Capuae
470 728 559 772 mora
575 714 670 791 atque
687 705 950 792 impedimentum
966 729 1011 772 es.
1046 715 1084 783 tu,

146 803 220 882 tria,
246 801 379 880 ferrum,
406 823 469 886 quo
495 822 553 887 pro
579 809 611 865 te
636 809 777 866 armatus
802 799 887 866 hanc
913 822 1019 866 arcem
1040 799 1098 866 hoa

145 897 215 976 inii,
233 896 382 982 quoniam
393 916 507 981 parens
517 904 695 978 extorquet
714 893 844 980 recipa'
869 893 1098 961 haeccumdixil

146 984 315 1079 gladium
304 1013 339 1055 m
354 988 518 1076 publicum
535 998 622 1054 trans
639 988 809 1054 maceriam
825 986 911 1056 horti
927 988 1085 1067 abiecitet,

146 1087 252 1151 minus
269 1104 320 1151 ree
339 1093 487 1170 suspecta
503 1091 603 1161 esset,
627 1104 662 1149 se
678 1083 748 1170 ipse
766 1083 912 1150 convivio
929 1084 1065 1150 reddidit.

95 1192 128 1250 ἰ
211 1168 257 1246 X.
302 1177 435 1245 P'ostero
461 1177 513 1243 die
540 1186 670 1243 senatus
696 1177 846 1262 frequens
876 1178 971 1244 datus
996 1174 1098 1244 Ηιιιιι

146 1274 201 1343 ubi
218 1275 341 1384 ..prima
354 1275 423 1341 eius
449 1273 549 1339 oratio
574 1271 747 1359 perblanda
776 1295 815 1339 ac
839 1271 980 1361 benigna
1004 1273 1073 1352 fuit,

146 1369 263 1457 gratias
292 1368 356 1456 egit
379 1365 568 1453 Campanis,
594 1367 681 1451 quod
707 1366 877 1433 amicitiam
904 1391 997 1434 suam
1016 1367 1098 1434 Rome

110 1483 127 1531 ι
147 1463 288 1530 societati
313 1461 585 1549 praeposuissent,
621 1469 653 1526 et
678 1461 760 1527 inter
785 1471 890 1528 cetera
914 1462 1073 1550 magnifica

146 1559 246 1625 missa
265 1558 438 1645 pollicitus,
466 1555 556 1622 brevi
578 1566 674 1642 caput
694 1555 807 1622 Italiae
832 1558 919 1627 omni
941 1555 1076 1644 Capuam

145 1654 278 1737 iuraque
300 1652 374 1718 inde
397 1672 471 1716 cum
492 1650 604 1716 ceteris
626 1650 752 1736 populis
774 1649 956 1717 Romanum
982 1650 1068 1716 etiam
1094 1668 1098 1731 ζ

110 1756 270 1817 uturum:
305 1768 404 1812 rmum
422 1766 493 1811 esse
515 1738 673 1811 exso'rtem
690 1744 831 1811 Punicae
852 1744 1008 1812 amicitiae
1027 1740 1098 1810 foed

145 1863 209 1926 que
228 1862 337 1908 secum
354 1840 444 1917 facti,
464 1861 559 1923 quem
575 1860 678 1924 neque
695 1860 766 1905 esse
780 1837 983 1926 Campanum
999 1856 1098 1922 neque

146 1935 276 2015 debere,
301 1933 449 2022 Magium
465 1932 613 2000 Decium.
657 1956 731 2000 eum
751 1934 927 2020 postulare,
953 1945 990 2000 ut
1007 1926 1098 2001 sibid

145 2039 198 2094 tur
214 2050 253 2096 ac
270 2051 305 2095 se
322 2037 488 2116 praesente
504 2028 545 2094 de
562 2050 600 2094 eo
617 2029 771 2095 referatur
792 2040 986 2115 senatusque
1003 2020 1098 2096 consti

111 2145 128 2192 4
146 2123 211 2189 fiat
247 2146 357 2189 omnes
370 2124 405 2188 in
417 2146 488 2189 eam
506 2124 692 2189 sententiam
709 2123 821 2203 ierunt,
840 2134 1098 2210 quamquamfflfi

7 2211 10 2217 ⁴
146 2218 228 2305 parti
255 2228 286 2284 et
311 2219 360 2284 vir
385 2218 536 2304 indignus
558 2239 597 2283 ea
619 2217 796 2282 calamitate
818 2228 850 2282 et
871 2218 950 2284 haut
971 2212 1098 2306 parati!

110 2333 127 2381 5
146 2313 246 2378 minui
268 2310 434 2379 videbatur
454 2313 504 2377 ius
526 2311 689 2377 libertatis.
733 2333 881 2398 egressus
905 2313 993 2378 curia
1013 2314 1098 2378 ines

144 2407 366 2495 magistratum
397 2406 539 2474 consedit
569 2405 843 2491 conprehendique
868 2405 1008 2472 Decium
1031 2402 1098 2485 Mal

111 2510 240 2587 eatque
267 2510 339 2567 aute
364 2501 463 2587 pedes
489 2500 675 2565 destitutum
702 2521 832 2565 causam
853 2500 959 2566 dicere
980 2500 1071 2567 iussit

145 2617 218 2660 cum
235 2605 382 2660 manente
351 2594 522 2660 teserocia
543 2594 639 2660 animi
659 2603 789 2681 negaret
810 2595 882 2682 lege
899 2595 1034 2663 foederis
1051 2591 1081 2658 id

144 2696 254 2775 posse,
289 2700 358 2754 tum
383 2690 517 2756 iniectae
539 2700 686 2768 catenae,
722 2691 858 2777 ducique
880 2702 953 2758 ante
923 2692 1098 2758 tlictoret

110 2792 248 2849 acastre
265 2792 314 2848 est
335 2783 451 2849 iussus.
496 2783 601 2868 quoad
623 2784 725 2870 capite
747 2795 855 2871 aperto
878 2796 927 2852 est
949 2787 1093 2864 ductus,-

142 2875 354 2942 tionabundus
385 2877 515 2943 incessit
545 2878 586 2943 ad
617 2878 840 2945 circumfusam
871 2880 1012 2966 undique
1036 2870 1098 2944 mul

143 2970 249 3035 dinem
270 2970 462 3038 vociferans:
495 2971 632 3038 ‘habetis
655 2973 780 3039 libertat
767 2982 846 3052 t,em
878 2973 1048 3062 Campani,
1075 2980 1098 3058 q

141 3064 279 3150 petistis;
306 3064 376 3132 foro
403 3065 521 3144 medio,
552 3066 623 3132 luce
649 3067 746 3146 clara,
777 3068 957 3135 videntibus
984 3069 1098 3136 vobisr

142 3156 380 3245 Campanorum
402 3160 560 3226 secundus
582 3161 706 3227 vinctus
730 3161 771 3226 ad
792 3171 926 3228 mortem
943 3165 1055 3249 rapior.
1092 3182 1098 3219 ι

105 3271 123 3319 e
141 3253 308 3319 violentius
327 3263 420 3340 capta
438 3252 552 3341 Capua
568 3254 676 3321 fieret?
708 3255 752 3320 ite
771 3255 898 3323 obviam
915 3255 1098 3333 Hannibali,

103 3346 106 3351 ’
142 3356 250 3413 ornate
266 3347 378 3414 urbem
396 3348 542 3433 diemque
560 3349 715 3415 adventus
733 3350 801 3416 eius
819 3362 1015 3431 consecrate,
1042 3348 1098 3416 utl

109 3440 337 3528 atriumphum
362 3442 402 3508 de
429 3443 497 3508 cive
522 3452 629 3510 vestro
655 3444 825 3530 spectetis'.
879 3445 959 3511 haec
985 3444 1098 3513 vociter

141 3557 215 3602 cum
232 3537 352 3602 moveri
368 3536 483 3624 volgus
500 3537 673 3617 videretur,
692 3538 876 3605 obvolutum
889 3549 987 3626 caput
997 3551 1055 3620 est,
1071 3559 1098 3605 ot

141 3650 203 3715 que
228 3631 298 3716 rapi
319 3640 408 3697 extra
428 3640 553 3718 portam
574 3633 692 3698 iussus.
736 3633 782 3699 ita
801 3633 836 3699 in
857 3644 962 3700 castra
982 3634 1098 3722 perduc

142 3725 362 3810 extemploque
384 3727 541 3813 inpositus
563 3726 596 3792 iu
617 3749 733 3794 navem
754 3738 786 3794 et
804 3727 1033 3818 Carthaginem
1049 3728 1098 3794 mis

92 3838 123 3885 10
141 3840 182 3884 ne
203 3829 291 3885 motu
313 3820 418 3905 aliquo
442 3820 572 3908 Capuae
594 3844 634 3887 ex
655 3823 840 3910 indignitate
865 3825 912 3889 rei
937 3834 1007 3891 orto
1034 3838 1098 3891 sent

82 3912 86 3923 ’
142 3933 266 3998 quoque
288 3915 461 4001 paeniteret
483 3916 580 3982 dediti
601 3917 751 4004 principis
774 3928 818 3996 et,
845 3917 1004 4006 legatione
1021 3919 1098 3984 miss

69 4068 72 4081 ι
142 4008 345 4092 repetendum
372 4032 459 4088 eum,
485 4033 526 4076 ne
552 4021 607 4077 aut
632 4013 779 4098 negando
804 4035 885 4093 rem,
918 4035 1014 4100 quam
1040 4014 1098 4101 prii
