2528 4530
222 272 341 330 urana
357 273 444 344 xm,
464 274 584 331 aa-aa
604 273 758 348 [scara]
967 267 1008 335 19

80 456 106 498 m
124 455 143 498 a
161 453 197 498 se
215 432 393 497 deflecteret
411 431 528 497 oculos.
563 433 713 518 pavidum
731 436 832 523 primo
851 459 1008 523 nusquam
1026 462 1041 509 ι

80 526 276 614 aspicientem
299 535 353 592 aut
375 526 593 613 respicientem
617 538 772 608 secutum,
801 530 914 598 deinde
933 554 1008 605 cura

80 646 86 687 ι
109 622 256 701 humam,
285 643 371 700 cum,
399 621 549 705 quidnam
570 622 604 687 id
631 633 715 693 esset
741 626 826 709 quod
851 626 1007 736 respicere

80 741 83 778 ι
103 725 204 794 essct,
225 716 357 803 agitaret
375 715 494 794 animo,
518 724 691 802 temperare
709 718 808 784 oculis
825 720 1007 804 nequivisse

80 809 200 876 vidisse
217 819 290 895 post
309 831 379 875 sese
397 817 574 895 serpentem
595 809 675 875 mira
696 812 911 900 magnitudine
934 835 1040 904 cuma

80 928 88 969 ι
80 903 257 969 'arborum
275 926 313 969 ac
330 903 537 990 virgultorum
556 915 662 993 strage
679 904 754 971 ferri
771 929 808 972 ac
830 917 902 994 post
923 909 1007 976 inse-

80 1021 110 1062 m
125 997 251 1084 fragore
266 997 344 1064 caeli
357 996 548 1063 nimbumt
536 1008 613 1076 t,um
632 1021 713 1082 quae
726 1001 826 1067 moles
840 1024 878 1068 ea
891 1003 1039 1087 quidvee
1158 1050 1163 1071 .

80 1093 104 1156 ii
101 1101 214 1250 tesset,
233 1101 435 1177 quaerentem
445 1093 586 1171 audisse,
605 1093 782 1161 vastitatem
795 1094 826 1160 It
827 1096 906 1163 aliae
920 1119 1006 1167 esse:

80 1208 98 1250 e
82 1196 231 1271 etporro
253 1185 298 1251 ire
321 1208 379 1251 nec
401 1186 447 1251 ult
435 1195 483 1252 tra
504 1185 673 1271 inquireret
696 1188 872 1274 sineretque
890 1191 957 1258 lata
973 1192 1007 1258 in

80 1303 193 1346 resse.

80 1373 172 1438 m.
212 1374 287 1440 Hoc
313 1374 385 1439 visu
410 1375 551 1440 laetust
539 1375 691 1461 tripertito
713 1375 872 1444 Hiberum
899 1381 1038 1468 copiasr

80 1467 289 1554 tpraemissis
307 1490 361 1553 qur
352 1455 540 1536 Gallorum
559 1470 694 1548 animos,
713 1493 777 1556 qua
794 1474 1005 1565 traducendus

80 1585 125 1628 us
141 1572 222 1641 erat,
241 1562 333 1627 donis
348 1563 547 1628 conciliarent
560 1562 756 1650 Alpiumque
770 1569 920 1635 transitus
883 1591 1006 1655 usspe-

80 1665 155 1721 rtur.
184 1657 356 1744 nonaginta
369 1657 455 1722 milia
468 1658 623 1743 peditum,
638 1659 805 1726 duodecim
819 1661 905 1728 milia
919 1663 1006 1748 equi-

80 1751 221 1816 liberum
247 1752 395 1816 traduxit.
434 1751 552 1838 Ilerget
553 1775 587 1818 es
614 1753 687 1819 inde
709 1754 948 1843 Bargusiosque
974 1766 1037 1825 eta

80 1868 151 1910 mos
170 1854 202 1910 et
213 1846 434 1925 Lacetaniam,
454 1868 535 1929 quae
550 1847 692 1914 subiecta
704 1847 878 1934 Pyrenaeis
891 1851 1005 1917 monti-

82 1951 109 2019 t,
131 1939 263 2026 subigit,
287 1962 422 2025 oraeque
440 1941 514 2006 huic
532 1943 617 2007 omni
634 1943 785 2029 praefecit
802 1945 1004 2024 Hannonem,

80 2057 148 2112 ces,
176 2057 257 2118 quae
278 2033 452 2120 Hispanias
477 2033 589 2101 Galliis
616 2038 764 2126 iungunt,
791 2040 825 2105 in
850 2049 1004 2126 potestate

80 2181 82 2194 .
122 2130 232 2193 decem
250 2129 336 2193 milia
352 2131 494 2215 peditum
509 2130 661 2196 Hannoni
679 2133 720 2198 ad
737 2134 929 2218 praesidium
946 2134 1003 2200 ob-
1021 2155 1037 2202 3

80 2245 113 2288 ae
141 2222 278 2308 regionis
306 2224 379 2288 data
405 2233 436 2288 et
461 2224 546 2289 mille
572 2226 703 2309 equites.
747 2236 916 2312 postquam
945 2248 1039 2314 pera

80 2339 168 2381 aeum
188 2316 302 2381 saltum
319 2317 441 2382 traduci
459 2318 614 2382 exercitus
629 2327 677 2382 est
691 2328 820 2405 coeptus
833 2342 1004 2405 rumorque

80 2411 195 2476 rbaros
212 2410 352 2475 manavit
370 2410 480 2476 certior
498 2412 538 2477 de
555 2411 639 2477 bello
656 2411 817 2491 Romano,
841 2415 901 2478 tria
918 2414 1005 2478 milia

80 2504 320 2591 larpetanorum
350 2505 491 2590 peditum
523 2506 582 2571 iter
609 2515 794 2572 averterunt.
841 2505 1005 2593 constabat

80 2623 123 2664 tm
150 2597 234 2663 bello
256 2606 359 2663 motos
382 2621 477 2682 quam
498 2599 726 2686 longinquitate
748 2601 820 2666 viae
841 2600 1005 2687 insupera-

80 2727 82 2752 ι
99 2691 237 2778 Alpium
259 2693 400 2758 transitu.
435 2693 617 2771 Hannibal,
641 2695 715 2778 quia
731 2717 879 2761 revocare
899 2703 954 2760 aut
970 2693 1037 2764 vi5

80 2811 98 2852 e
118 2809 175 2852 eos
189 2808 304 2874 anceps
320 2797 400 2866 erat,
419 2810 459 2853 ne
474 2798 647 2855 ceterorum
662 2789 756 2855 etiarn
772 2790 893 2856 feroces
907 2788 1005 2855 animi

80 2891 177 2959 entur,
202 2903 297 2966 supra
315 2893 436 2968 septem
454 2882 540 2947 milia
558 2882 722 2948 hominum
740 2885 851 2950 domos
873 2883 1002 2962 remisit,
1023 2903 1038 2951 6

80 2985 99 3041 et
122 2976 193 3062 ipse
214 2977 340 3062 gravari
361 2977 471 3042 militia
490 2987 644 3056 senserat,
665 2976 860 3065 Carpetanos
879 2999 1004 3064 quoque

80 3070 227 3135 dimissos
246 3071 408 3136 simulans.

80 3163 187 3230 KHH.
228 3163 321 3243 Inde,
344 3188 384 3230 ne
406 3189 496 3231 mora
519 3174 612 3250 atque
631 3167 729 3231 otium
747 3168 868 3232 animos
887 3165 1036 3230 sollici-1

82 3282 157 3325 oum
174 3259 303 3344 reliquis
322 3261 421 3347 copiis
439 3260 641 3346 Pyrenaeum
659 3261 886 3347 transgreditur
908 3268 940 3324 et
962 3258 1003 3323 ad

80 3377 119 3418 tm
145 3352 270 3420 Iliberri
297 3366 400 3420 castra
425 3354 518 3420 locat.
565 3352 650 3421 Galli
675 3376 866 3440 quamquam
892 3352 1036 3419 Italiaea

80 3475 85 3511 ι
107 3447 216 3512 inferri
239 3447 421 3528 audiebant,
448 3458 568 3527 tamen,
595 3449 670 3532 quia
691 3449 723 3513 vi
747 3447 1003 3515 subactostmns

80 3564 167 3607 ecum
189 3541 354 3628 Hispanos
381 3543 468 3608 fama
496 3552 562 3609 erat
586 3543 805 3629 praesidiaque
830 3541 967 3607 valida
955 3563 1005 3605 rn-

80 3645 200 3714 ,metu
222 3638 380 3703 servitutis
400 3638 441 3702 ad
457 3661 545 3703 arma
563 3659 638 3702 cons
640 3638 766 3715 temati,
788 3636 1003 3721 Ruscinonem

80 3737 91 3794 t
106 3730 213 3817 popuh
231 3733 430 3798 conveniunt.
462 3733 548 3818 quod
564 3730 619 3798 ubi
636 3731 810 3797 Hannibali
826 3731 1004 3823 nuntiatum
1022 3741 1037 3789 ³
1088 3753 1092 3756 ’

80 3846 181 3890 noram
200 3829 303 3916 magis
326 3850 422 3913 quam
444 3827 562 3895 bellum
580 3837 722 3894 metuens
741 3837 880 3916 oratores
897 3827 940 3893 ad
955 3850 1005 3895 ne-

92 3941 195 3986 eomm
214 3923 315 4002 misit,
342 3923 489 4008 conloqui
512 3923 642 3990 semet
632 3946 738 4013 rpsum
760 3946 833 3989 cum
854 3922 893 3989 iis
911 3923 1003 4003 velle,

80 4058 84 4076 ι
97 4014 139 4080 illi
150 4019 274 4105 propius
288 4019 445 4086 Iliberrim
459 4020 656 4100 accederent,
675 4019 727 4088 vel
741 4043 776 4087 se
788 4019 1003 4103 Ruscinonem

794 4121 830 4174 2·
