2528 4530
211 236 276 303 236
453 246 572 303 LIBER
589 245 689 317 XXV,
707 244 807 301 18.19.
827 242 1011 317 [suetidi]

211 409 327 485 tiones,
354 428 435 493 quae
456 428 514 492 pro
535 414 626 492 porta
648 403 787 482 stabant,
814 426 919 471 voearr
910 402 1151 490 Crispinum
1142 407 1252 473 iussit.¹
1262 411 1264 494 J

212 504 298 589 quod
314 501 436 567 ubit
386 510 436 566 eat
455 498 602 586 Crispino
620 498 812 577 nuntiatum,
839 508 926 564 ratus
950 498 1150 609 conloquium
1163 500 1218 567 ani·

212 618 284 664 cum
319 616 358 662 ae
390 592 544 660 familiare
574 592 697 677 quaeri,
732 602 878 659 monente
907 593 1060 659 memoria
1090 594 1175 660 etiam
1196 595 1218 660 in
1258 655 1259 658 ,

107 711 108 714 ’
211 690 344 756 discidio
375 688 572 776 publicorum
603 687 767 753 foedorum
796 687 911 773 privati
940 687 1037 765 iuris,
1072 687 1220 774 parduna
1258 731 1264 742 Δ.

177 807 193 856 e
211 785 323 851 ceteris
340 783 504 870 prooessit.
544 791 714 868 postquam
730 781 764 846 in
782 790 986 867 conspectum
1004 802 1133 860 venere,
1157 788 1220 870 ‘pro
1249 798 1264 855 ·-,

211 900 291 945 voco
309 877 353 943 te’
370 877 472 962 inquit
490 876 545 941 ‘ad
562 896 712 962 pugnam,
733 874 904 962 Crispine,’
921 874 1061 955 Badius3
1080 881 1221 944 ‘conscen-
1244 914 1257 945 ς.

212 974 324 1039 damus
343 992 441 1056 equos
461 971 688 1054 summotisque
706 969 789 1047 aliis,
807 980 877 1034 uter
894 968 977 1035 bello
994 970 1106 1037 melior
1124 971 1170 1051 sit,
1184 972 1222 1039 de
1242 990 1253 1008 ²

178 1066 400 1139 rcernamus’.
445 1066 486 1131 ad
508 1084 546 1130 ea
568 1063 734 1151 Crispinus
756 1086 816 1129 nec
838 1062 900 1130 sibi
921 1087 980 1131 nec
1004 1065 1052 1131 illi
1074 1066 1120 1132 ait
1138 1066 1221 1133 bostat

211 1165 337 1241 deesse,
363 1163 396 1227 in
415 1161 529 1247 quibus
547 1161 695 1226 virtutem
712 1159 892 1225 ostendant:
921 1182 968 1238 se,
988 1160 1113 1226 etiamsi
1129 1160 1160 1226 in
1174 1160 1221 1227 ade
1257 1185 1262 1246 ss-

212 1257 395 1335 occurrerit,
432 1255 678 1332 declinaturum,
713 1276 754 1319 ne
789 1253 937 1339 hospitali
973 1256 1070 1321 caede
1106 1255 1222 1322 derum

174 1372 191 1420 8
211 1353 321 1431 violet3
344 1371 579 1434 conversusque
597 1348 713 1416 abibat.
742 1348 901 1414 enimvero
918 1348 1056 1416 ferocius
1073 1346 1223 1417 tumCum·

211 1469 313 1532 panus
331 1446 492 1531 increpare
509 1444 674 1509 mollitiam
690 1443 912 1530 ignaviamque
931 1455 962 1509 et
975 1466 1010 1510 se
1024 1445 1123 1533 digna
1132 1440 1223 1533 probra

211 1541 245 1605 in
261 1541 419 1606 insontem
436 1540 547 1615 iacere,
566 1536 755 1624 hospitalem
772 1536 898 1604 hostem
916 1538 1079 1625 appellans
1099 1539 1222 1607 simulm

177 1656 192 1704 a
212 1646 338 1720 temque
357 1654 498 1720 parcere,
527 1634 577 1699 cui
600 1634 678 1699 sciat
699 1655 808 1719 parem
826 1656 942 1699 senon
964 1656 1045 1701 esse.
1092 1636 1119 1703 si
1134 1656 1222 1723 parus

210 1730 345 1816 publicis
368 1729 548 1795 foederibus
570 1729 670 1813 mptis
694 1728 849 1814 dirempta
871 1729 964 1794 simul
986 1738 1018 1796 et
1039 1729 1242 1816 privataius,

211 1845 282 1887 esse
299 1832 402 1909 putet,
420 1823 559 1887 Badium
577 1821 778 1907 Campanum
796 1821 835 1888 Τ.
851 1820 1001 1906 Quinctio
1016 1821 1162 1911 Crispino
1176 1824 1222 1890 Bo·

211 1938 305 1981 mano
330 1917 436 2002 palam
462 1915 587 1982 duobus
618 1916 807 1983 exercitibus
837 1916 1038 1983 audientibus
1069 1918 1222 1985 renuntiat

161 2031 193 2079 10
210 2009 392 2096 hospitium.
433 2010 511 2075 nihil
529 2010 590 2075 sibi
608 2033 680 2076 cum
698 2033 736 2076 eo
754 2011 982 2090 consociatum,
1009 2012 1089 2078 nihil
1106 2013 1222 2080 foedera*

211 2116 279 2170 tum
296 2104 380 2171 hosti
397 2128 470 2171 cum
492 2106 596 2184 hoste,
624 2108 713 2171 cuius
734 2106 868 2192 patriam
890 2128 928 2173 ao
948 2117 1080 2193 penates
1104 2107 1223 2195 publicos

210 2200 412 2286 privatosque
435 2210 652 2287 oppugnatum
674 2201 821 2266 venisset.
868 2201 895 2266 si
916 2199 965 2266 vir
986 2212 1085 2281 esset,
1118 2221 1223 2289 omgre-

161 2315 192 2362 11
211 2294 346 2360 deretur.
390 2295 446 2359 diu
472 2293 669 2360 cunctantem
689 2293 872 2382 Crispinum
894 2296 1060 2382 perpulere
1087 2295 1223 2371 turmda

161 2413 193 2461 ιι
212 2412 252 2455 ne
269 2390 387 2475 inpune
409 2389 560 2455 insultare
579 2388 779 2476 Campanum
801 2399 974 2477 pateretur3
1000 2391 1109 2477 itaque
1126 2399 1225 2458 tantun

211 2496 350 2550 moratus
369 2485 445 2549 dum
466 2486 669 2571 imperatores
693 2483 882 2562 consuleret,
909 2484 1165 2570 permitterentne
1184 2480 1226 2551 ott
1248 2567 1249 2570 Ἴ

212 2588 300 2643 extra
318 2578 459 2643 ordinem
476 2579 510 2642 in
527 2588 750 2663 provocantem
768 2577 892 2643 hostem
909 2601 1067 2666 pugnare,
1091 2579 1228 2667 permira

212 2694 321 2738 eorum
338 2695 425 2737 arma
443 2673 526 2759 cepit
543 2694 722 2756 equumque
736 2674 918 2739 conscendit
931 2684 962 2740 et
969 2674 1110 2740 Badium
1122 2673 1228 2743 nomino

162 2788 194 2835 ιι
213 2764 405 2850 compellans
428 2766 469 2830 ad
490 2788 630 2853 pugnam
653 2768 808 2833 evocavit:
835 2768 922 2832 nulla
939 2791 1027 2834 mora
1044 2768 1230 2856 scampno

212 2859 298 2924 facta
324 2868 386 2936 est,
412 2858 535 2926 infestis
564 2862 652 2945 equis
680 2873 912 2928 concurrerunt.
957 2861 1128 2949 Crispinus
1154 2882 1230 2950 supro

214 2964 339 3020 scutum
357 2954 517 3020 sinistrum
535 2978 679 3022 umerum
688 2957 790 3023 Badio
808 2957 900 3024 hasta
917 2957 1074 3023 transfixit
1094 2974 1230 3046 superque
1263 3013 1264 3016 ,

213 3048 378 3134 delapsum
401 3070 474 3114 cum
496 3050 624 3116 vulnere
642 3073 682 3116 ex
704 3073 785 3135 equo
808 3052 997 3130 desiluit
975 3053 1130 3139 utpedes
1144 3053 1228 3119 hoen·

162 3164 195 3212 14
212 3155 277 3211 tem
295 3144 470 3211 conficeret.
514 3145 649 3224 Badius,
671 3147 856 3232 priusquam
874 3147 1120 3233 opprimeretur,
1138 3164 1229 3235 ιιιιιιι

163 3260 195 3349 ιι
214 3251 307 3325 atque
326 3262 407 3324 equo
424 3239 533 3306 relicto
551 3241 592 3305 ad
615 3263 689 3305 suos
712 3241 851 3327 aufugit3
879 3241 1045 3326 Crispinus
1066 3262 1180 3327 equum
1192 3260 1231 3304 ar·

213 3356 327 3418 maque
345 3343 417 3420 capt
418 3357 437 3399 a
455 3344 486 3398 et
504 3344 664 3399 cruentam
682 3335 872 3421 cuspidem
862 3335 996 3423 insignis
1016 3336 1128 3421 spoliis
1145 3342 1232 3403 osten·

212 3440 282 3492 tans
310 3450 382 3492 oum
408 3451 525 3516 magna
550 3428 702 3493 laudet
670 3439 702 3493 et
723 3438 794 3515 grat
781 3429 930 3494 tulatione
952 3429 1090 3495 militum
1112 3430 1154 3496 ad
1173 3448 1232 3494 oon·

125 3609 127 3612 Α
214 3521 298 3587 sules
326 3532 374 3587 est
362 3522 553 3587 tdeduotus
583 3521 689 3588 laudat
677 3532 790 3607 tusque
821 3522 866 3588 ibi
895 3522 1065 3609 magnifice
1096 3535 1128 3590 et
1157 3520 1231 3589 doris

214 3617 358 3682 donatus.

179 3731 194 3780 1
271 3709 426 3777 XVIIII.
471 3710 633 3776 Hannibal
659 3732 699 3775 ex
726 3734 802 3798 agro
825 3662 1051 3778 Beneventano
1078 3705 1231 3779 οιιιιιιι

120 3810 123 3817 ’
214 3803 359 3890 Capuam
377 3827 449 3870 cum
468 3806 632 3883 movisset,
656 3805 746 3871 tertio
764 3816 836 3892 post
824 3806 905 3872 tdie
922 3828 1019 3891 quam
1035 3808 1125 3874 venit
1142 3804 1231 3893 copia

178 3899 246 3966 sin
272 3901 372 3966 aciem
393 3901 514 3978 eduxit,
541 3901 787 3986 haudquaquam
809 3901 938 3981 dubius,
966 3902 1052 3988 quod
1076 3897 1232 3990 campanis

214 3990 343 4060 absente
362 4017 396 4061 se
413 4017 530 4082 paucos
549 4006 621 4063 ante
644 3995 711 4062 dies
730 3996 869 4064 secunda
886 3997 999 4065 fuisset
1020 4020 1144 4086 pugna,
1170 3992 1233 4081 quin
