2528 4514
142 221 206 288 366
319 232 435 287 amsa
453 231 697 296 xxvr1‚so.sr.
717 232 792 302 [au.
803 228 964 299 nassau]

109 392 288 467 emercede
314 389 431 454 auxilia
457 389 675 465 conducenda,
704 386 872 453 Gallorum
899 386 1015 453 animoa
1050 386 1104 452 risi
1151 414 1157 431 ι

143 486 256 553 deinde
274 505 347 550 cum
363 483 402 548 iis
420 482 517 568 legati
536 484 576 548 ab
593 482 698 548 Roma
712 479 788 548 Sex.
803 482 962 550 Antistius
978 482 1106 549 etllllte
1149 490 1156 573 J

143 581 210 646 cius
238 578 278 643 ad
304 600 372 643 rem
397 576 625 662 inspiciendam
650 576 852 656 rettulerant,
887 577 1005 643 misisse
1025 600 1050 644 se
1065 597 1108 641 un
1146 598 1157 669 Ι·

142 671 400 739 Massiliensibus
427 671 574 748 ducibus,
606 669 660 754 qui
685 693 742 757 per
767 669 912 756 hospites
938 694 1043 751 eorum,
1058 669 1109 758 pb
1154 751 1157 763 1

109 769 229 856 scipes
249 766 429 843 Gallorum,
448 765 553 832 omnia
571 764 734 851 explorata
750 765 920 831 referrent:
937 789 992 876 pro
1006 774 1110 852 ammte
1154 766 1157 813 ἶ

143 863 270 939 habere,
288 858 548 925 Hasdrubalem
538 859 660 946 ingenti
672 858 737 924 iam
752 870 862 925 coacto
877 861 1010 926 exercitu
1020 857 1111 948 proxim

143 978 218 1021 vere
244 954 338 1041 Alpis
365 953 582 1030 traiecturum,
613 975 673 1018 nec
699 963 766 1019 tum
794 976 869 1018 eum
895 955 1047 1040 quiequam
1062 950 1112 1017 dut
1152 964 1157 989 ²

143 1050 271 1125 morari,
289 1049 351 1113 nisr
341 1048 454 1132 quod
472 1049 597 1113 clausae
616 1048 719 1113 hieme
737 1049 841 1134 Alpes
860 1061 976 1115 essent

110 1168 125 1214 5
206 1144 247 1208 In
264 1143 368 1208 locum
384 1142 434 1207 M.
451 1141 598 1207 Marcelli
614 1142 653 1206 P.
663 1141 777 1207 Aelius
790 1142 912 1208 Paetus
931 1150 1113 1230 augurereatt
1154 1152 1157 1161 '

143 1238 427 1323 inauguratusque,
446 1247 478 1301 et
491 1233 552 1301 Cn.
568 1233 736 1301 Cornelius
750 1236 923 1302 Dolabella
938 1261 993 1302 rex
1008 1254 1114 1303 sacroue
1144 1244 1157 1325 ,ἓ

143 1331 349 1417 inauguratus
375 1341 425 1396 est
449 1328 482 1393 in
509 1330 614 1396 locum
634 1329 684 1395 M
706 1329 838 1409 Marcii,
866 1331 921 1414 qui
947 1332 1056 1397 biennio
1072 1336 1116 1395 ut
1154 1411 1157 1421 .

111 1449 125 1496 a
143 1435 285 1490 mortuus
304 1434 381 1489 erat.
425 1422 486 1489 hoo
504 1425 616 1489 eodem
635 1434 768 1489 annuet
788 1424 926 1489 lustrum
947 1426 1116 1492 conditunct

145 1543 164 1584 a
181 1519 364 1584 censoribus
381 1519 421 1584 P.
442 1517 630 1605 Sempronio
648 1518 808 1585 Tuditano
827 1531 861 1584 et
876 1519 926 1584 M.
942 1517 1069 1586 Cornelio
1080 1513 1118 1583 (li

111 1637 125 1682 7
145 1613 251 1701 thego.
288 1634 384 1678 censa
401 1611 517 1677 civium
536 1613 640 1698 capita
656 1623 783 1677 centum
801 1612 932 1700 triginta
950 1609 1121 1702 septennis
1146 1621 1157 1661 Ε

144 1718 270 1772 centum
297 1717 382 1783 octo,
412 1706 514 1772 minor
541 1707 700 1790 aliquanto
725 1729 876 1772 numerus
904 1729 998 1792 quam
1021 1707 1064 1793 qui
1077 1712 1120 1771 att
1153 1746 1157 1753 ·

111 1802 263 1870 abellum
289 1801 401 1866 fuerat.
447 1823 485 1867 eo
512 1824 595 1867 anno
621 1801 771 1888 primum,
799 1823 840 1866 ex
867 1823 931 1886 quo
952 1796 1121 1868 Hannibalis
1148 1810 1157 1847 ἲ

143 1894 270 1959 Italiam
286 1895 441 1973 venisset,
469 1895 629 1960 comitium
652 1906 768 1961 tectum
791 1919 863 1962 esse
880 1898 1045 1964 memoriae
1057 1890 1123 1983 proli·

144 1999 213 2053 tum
230 1999 279 2053 est
297 1998 329 2052 et
345 1988 438 2054 ludos
451 1989 614 2055 Romanos
633 1989 759 2055 semel
749 1999 943 2057 instauratos
962 1993 1002 2058 ab
1018 1988 1123 2057 aedildu

111 2083 304 2149 acurulibus
331 2081 373 2164 Q.
400 2083 533 2149 Metello
564 2095 597 2150 et
623 2082 662 2150 O.
686 2081 832 2151 Servilio.
886 2097 920 2150 et
944 2087 1056 2173 plebeis
1074 2078 1126 2147 luds

144 2177 303 2243 biduum
292 2189 448 2244 instaurat
449 2202 502 2242 um
521 2176 596 2244 aO.
610 2179 756 2246 Mamilio
775 2179 869 2246 etM.
885 2178 1024 2248 Caecilio
1039 2172 1128 2245 Moab

145 2272 298 2338 aedilibus
317 2273 432 2358 plebis3
461 2284 493 2337 et
510 2273 570 2337 tria
588 2273 680 2360 signa
698 2275 738 2338 ad
758 2272 885 2339 Cereris
903 2276 990 2341 idem
1007 2276 1128 2345 dederat·

145 2377 177 2432 et
193 2367 281 2433 Iovis
300 2366 428 2452 epulum
446 2367 506 2430 fuit
522 2367 668 2432 ludorum
687 2389 793 2432 causa.

94 2479 126 2526 10
209 2458 419 2526 Consulatum
436 2461 510 2526 inde
527 2461 637 2526 ineunt
647 2459 686 2527 C.
698 2460 853 2527 Claudius
861 2464 948 2530 Nero
963 2476 996 2530 et
1004 2459 1131 2530 Muta

143 2554 267 2620 iterum.
303 2555 359 2638 qui
376 2555 450 2639 quia
468 2554 625 2642 designati
641 2556 820 2641 provincias
840 2558 944 2622 sortiti
961 2569 1059 2636 erant,
1076 2572 1133 2644 prat·

94 2670 123 2716 11
144 2662 228 2716 tores
248 2650 352 2716 sortiri
368 2651 537 2716 iusserunt.
575 2649 614 2717 O.
633 2652 773 2717 Hostilio
791 2653 915 2717 urbana
933 2655 1050 2734 evenit3
1066 2648 1134 2718 adda

145 2756 177 2809 et
193 2745 374 2830 peregrina,
392 2757 428 2810 ut
445 2756 509 2810 tres
527 2745 560 2810 in
577 2745 756 2832 provincias
772 2747 858 2811 exire
871 2760 1017 2832 possent.
1049 2750 1083 2814 A.
1093 2745 1136 2809 fle

146 2837 228 2902 stilio
240 2836 396 2916 Sardinia,
417 2837 455 2904 C.
465 2839 610 2905 Mamilio
621 2838 739 2917 Sicilia,
757 2841 799 2904 L.
809 2841 927 2908 Porcio
939 2840 1046 2909 Gallia
1059 2837 1137 2908 evenit

96 2951 125 2997 12
146 2954 270 2996 summa
290 2932 452 3018 legionum
475 2935 569 2998 trium
595 2946 627 2999 et
649 2935 760 3021 viginti
781 2934 827 3000 ita
847 2959 906 3022 per
928 2930 1138 3023 provinciasd

145 3026 228 3104 visa,
246 3037 282 3091 ut
299 3027 391 3092 binae
411 3029 576 3094 consulum
593 3042 714 3106 essent,
738 3040 885 3113 quattuor
903 3032 1062 3118 Hispania
1075 3027 1139 3094 habt·

143 3133 205 3199 ret,
224 3122 316 3188 binas
334 3133 398 3189 tres
416 3135 592 3210 praetores,
609 3124 643 3188 in
658 3122 780 3202 Sicilia,
799 3125 833 3188 in
848 3122 1001 3192 Sardinia
1017 3139 1049 3192 et
1060 3121 1140 3193 Galli»

95 3235 126 3282 13
145 3217 224 3281 duas
248 3215 287 3283 O.
307 3218 474 3283 Terentius
497 3218 530 3282 in
551 3218 694 3296 Etruria,
723 3220 802 3283 duas
826 3217 968 3300 Quintus
989 3214 1141 3288 Fulviusit

143 3311 291 3389 Bruttiis,
311 3313 389 3376 duas
409 3312 450 3394 Q.
463 3310 616 3378 Claudius
636 3313 718 3377 cirea
732 3313 908 3378 Tarentum
926 3325 959 3379 et
974 3312 1141 3381 Sallentinos

144 3428 242 3469 unam
268 3404 306 3471 O.
330 3406 488 3471 Hostilius
511 3407 656 3472 Tubulus
685 3404 831 3493 Capuae3
868 3408 950 3472 duae
977 3409 1142 3474 urbanae&

95 3518 126 3564 14
146 3499 365 3565 scriberentur.
397 3500 506 3586 primis
526 3512 672 3584 quattuor
689 3501 867 3587 legionibus
881 3502 1020 3588 populus
1036 3502 1157 3583 trrbuutt3

145 3594 276 3671 creavit,
295 3595 329 3658 in
347 3606 467 3659 ceteras
487 3595 632 3660 consules
650 3595 813 3660 miserunt

114 3708 125 3752 1
209 3688 398 3756 XXXVII.
442 3689 633 3774 Priusquam
652 3690 798 3755 consules
816 3689 1094 3776 proficiscerentur,
1107 3705 1143 3749 ut

146 3783 289 3848 vendiale
304 3805 428 3848 sacrum
442 3783 515 3861 fuit,
536 3806 609 3868 quia
617 3783 707 3852 Vens
721 3784 761 3849 de
776 3785 864 3850 caelo
878 3784 1080 3871 lapidaverat.
1104 3774 1144 3843 sul

145 3877 237 3940 unius
259 3877 410 3963 prodigii,
436 3879 542 3956 utfit,
516 3888 656 3942 ttmen
657 3878 762 3942 ionem
789 3878 852 3942 alia
873 3899 1002 3963 quoque
1023 3873 1144 3943 nanda

110 3989 126 4035 2
145 3968 325 4035 Menturms
347 3971 458 4036 aedem
479 3972 621 4037 Iovist
590 3983 621 4037 et
642 3971 749 4035 lucum
765 3971 924 4051 Maricae,
950 3973 1028 4038 item
1048 3965 1145 4036 Atellae
