2528 4514
148 222 215 291 262
408 232 530 289 LIBER
546 232 643 303 XXV,
661 233 704 289 40.
724 237 763 304 [a.
771 250 799 288 u.
812 250 836 290 c.
854 234 920 304 542]

114 388 338 467 aaMarcello
357 390 470 456 eximie
492 399 636 456 omatum
658 399 721 469 est,
746 391 849 457 vertit.
893 390 1047 459 visebaubu
1064 392 1085 448 ν’
1124 433 1136 451 ν.

99 540 102 547 .
150 489 191 555 ab
209 489 347 555 externis
369 489 410 555 ad
431 496 554 575 portam
572 484 735 571 Capenam
757 486 904 551 dedicata
924 485 1022 553 aM
1065 501 1085 540 r*

149 584 267 669 templa
287 594 414 669 propter
435 580 618 647 excellentia
640 580 706 645 eius
728 579 854 666 generis
876 588 1068 659 ornaments,
1142 607 1145 613 ·

148 701 220 743 rum
236 678 409 763 perexigua
425 698 499 762 pars
517 684 685 760 comparet.
1092 687 1093 690 ’
1124 678 1126 690 ’

114 791 132 838 4
213 771 406 858 Legationes
425 770 564 836 omnium
582 769 681 833 ferme
704 768 878 833 civitatium
896 766 1015 835 Siciliae
1030 766 1054 835 tl
1082 772 1085 777 ’

149 863 385 931 conveniebant.
429 865 592 949 disparut
614 884 855 940 causasarum,
881 862 927 927 ila
943 860 1050 928 condid
1090 887 1092 906 ⁵
1122 863 1145 927 C

149 959 204 1043 qui
229 969 301 1025 ante
328 968 435 1044 captas
460 956 635 1044 Syracusas
661 965 716 1021 aut
741 978 806 1021 non
830 956 1019 1023 desciverant
1036 962 1081 1021 d.
1123 960 1145 1039 u'

149 1053 270 1119 dierant
295 1053 328 1117 in
353 1052 537 1130 amicitiam,
573 1060 608 1117 ut
634 1050 712 1116 socii
736 1049 846 1116 fideles
877 1050 994 1137 accepti
1024 1078 1058 1106 cr
1084 1119 1085 1124 γ

149 1168 228 1232 quos
253 1155 356 1213 metus
382 1157 456 1233 post
481 1156 590 1232 captas
616 1140 793 1232 Syracusas
826 1144 1002 1224 dediderat,
1029 1134 1085 1207 ,22

112 1260 169 1308 aa
193 1241 311 1308 victore
336 1240 424 1328 leges
450 1249 646 1327 acceperuut.
700 1248 788 1305 erant
816 1248 923 1305 tamen
953 1237 1028 1305 hund
1050 1266 1069 1292 o
1134 1292 1145 1299 .

147 1336 297 1420 reliquiae
323 1335 398 1402 belli
424 1336 507 1403 circa
527 1334 741 1423 Agrigentum
762 1333 931 1413 Romanis,
961 1329 1098 1419 npiqta
1127 1376 1140 1382 ,

147 1429 267 1496 Hanno
298 1431 395 1496 duces
425 1429 536 1514 reliqui
565 1429 677 1515 prioris
707 1427 783 1494 belli
813 1436 845 1493 et
875 1426 983 1494 tertius
1004 1444 1077 1491 nolu

147 1523 329 1590 Hannibale
358 1525 392 1589 in
421 1525 525 1590 locum
549 1522 753 1609 Hippocratis
784 1522 921 1601 missus,
963 1519 1032 1587 Lib
1045 1546 1085 1575 w*
1127 1554 1143 1571 ·

148 1640 221 1682 cum
247 1618 372 1706 generis
399 1617 646 1704 Hippocritauus
664 1654 691 1664 -
707 1615 867 1680 Muttiucn
892 1615 1045 1702 populares

147 1713 224 1778 bant
240 1749 281 1790 -,
316 1712 365 1777 vir
395 1712 518 1798 inpiger
544 1719 575 1775 et
601 1709 661 1776 sub
687 1708 869 1774 Hannibale
899 1709 1093 1796 magistro

113 1804 222 1873 obelli
249 1816 331 1870 artes
357 1806 497 1871 edoctus.
541 1805 616 1869 huic
642 1803 682 1870 ab
703 1802 849 1890 Epicyde
875 1813 908 1869 et
929 1792 1098 1873 Hammt

148 1898 251 1963 midae
278 1899 343 1964 dati
368 1899 552 1977 auxiliares,
589 1921 660 1963 cum
691 1897 804 1983 quibus
835 1898 881 1964 ita
910 1890 1145 1984 pervagatufll':

147 1990 286 2057 hostium
313 2015 420 2080 agros,
447 1993 491 2058 ita
517 1991 619 2057 socios
646 1993 687 2057 ad
712 1991 891 2059 retinendos
918 1992 953 2056 in
972 1992 1029 2057 fide
1045 1996 1133 2053 cnud*

114 2103 256 2151 reorum
278 2085 471 2170 serendoque
496 2086 690 2172 intempore
718 2086 830 2170 cuique
857 2086 1007 2151 auxilium
1028 2080 1079 2157 adit

147 2178 236 2245 brevi
261 2190 400 2266 tempore
427 2190 525 2245 totam
548 2177 689 2246 Siciliam
715 2180 859 2265 impleret
884 2179 1016 2245 nominis
1036 2174 1070 2241 sui
1087 2204 1099 2216 ·’

148 2295 221 2358 spes
252 2273 313 2339 ulia
343 2273 442 2339 maior
472 2282 548 2360 aput
577 2273 713 2339 faventis
743 2271 838 2338 rebus
871 2262 1084 2359 Carthagm'o

111 2378 242 2435 sesset.
293 2369 399 2452 itaque
433 2368 548 2434 inclusi
582 2369 623 2433 ad
657 2377 781 2452 tempus
818 2366 984 2433 moenibus
1006 2360 1109 2442 Α;1’“·”1
1138 2372 1145 2432 i

146 2461 213 2527 dux
230 2462 358 2529 Poenus
379 2460 661 2548 Syracusanusque
682 2484 746 2526 non
768 2461 900 2526 consilio
917 2458 1051 2527 Muttinis
1065 2481 1079 2508 ‘l

146 2555 263 2622 fiducia
297 2555 399 2642 magis
434 2556 505 2622 ausi
539 2557 647 2643 egredi
681 2566 770 2621 extra
803 2578 911 2621 muros
947 2555 988 2620 ad
1009 2550 1104 2618 Hira
1137 2557 1145 2613 ’.ι

112 2667 128 2716 9
147 2671 272 2714 amnem
298 2660 471 2735 posuerunt
497 2662 608 2716 castra.
653 2650 737 2734 quod
761 2648 817 2714 ubi
842 2649 997 2734 perlatum
1019 2644 1052 2711 ad
1065 2632 1104 2705 l*

147 2743 261 2807 cellum
284 2754 345 2822 est,
373 2744 530 2830 extemplo
553 2745 659 2832 copias
682 2743 780 2809 movit
802 2754 834 2809 et
856 2743 897 2809 ab
920 2743 1009 2809 hoste
1026 2738 1109 2825 quom

146 2835 246 2900 ferme
276 2836 396 2902 milium
425 2837 587 2904 intervallo
618 2837 778 2917 consedit,
814 2837 891 2922 quid
926 2844 1046 2924 agerent
1064 2834 1113 2913 Ρ*

94 2947 129 2997 10
146 2939 255 2996 reutve
286 2943 515 3018 expectaturus.
568 2934 625 3000 sed
654 2933 776 2999 nullum
805 2954 908 3018 neque
938 2933 1037 3000 locum
1058 2920 1117 2993 ΝΡ

146 3033 271 3110 tempus
307 3027 496 3093 cunctationi
530 3028 700 3094 consiliove
739 3027 826 3093 dedit
860 3027 1031 3105 Muttines,
1060 3016 1122 3079 W

145 3141 276 3206 gressus
302 3143 427 3187 amnem
454 3144 491 3188 ac
513 3121 700 3189 stationibus
722 3121 860 3187 hostium
883 3144 956 3187 oum
977 3106 1080 3209 ingenti
1096 3104 1131 3155 Ψ

94 3232 126 3281 11
144 3235 214 3280 rore
232 3235 269 3280 ac
291 3215 426 3281 tumultu
447 3216 600 3282 invectus.
644 3225 771 3302 postero
793 3216 845 3285 die
865 3238 966 3303 prope
987 3217 1060 3285 iusto
1076 3194 1144 3283 9*

145 3307 187 3373 lio
217 3308 368 3395 compulit
397 3310 497 3377 hostis
528 3311 609 3376 intra
639 3310 842 3377 munimenta.
904 3310 979 3377 inde
1011 3278 1145 3377 revoffl

146 3400 298 3468 seditione
314 3402 523 3471 Numidarum
540 3405 701 3472 incastris
720 3405 818 3488 facta,
842 3426 914 3471 cum
932 3402 1056 3473 trecenti
1067 3376 1145 3465 ἰῶ

145 3516 254 3561 eorum
270 3496 459 3565 Heracleam
482 3499 626 3567 Minoam
649 3500 892 3580 concessissent,
919 3501 962 3567 ad
987 3482 1145 3584 midi

143 3591 399 3677 revocandosque
439 3616 493 3660 eos
532 3594 693 3681 profectus
732 3617 848 3684 magno
888 3617 983 3682 opere
1015 3577 1145 3661 mou‘l

144 3683 240 3751 duces
267 3685 393 3767 dicitur,
428 3711 468 3755 ue
495 3687 625 3756 absente
652 3711 686 3754 se
713 3711 786 3755 cum
810 3689 903 3756 hoste
927 3711 1036 3756 manus
1059 3671 1145 3751 ob

91 3796 126 3845 12
143 3788 255 3844 rorent.
298 3779 333 3845 id
354 3780 448 3849 ambo
470 3806 564 3872 aegre
585 3784 673 3870 passi
695 3784 807 3864 duces,
834 3785 937 3873 magis
953 3784 1074 3857 Hunno,

144 3881 216 3938 ante
243 3873 355 3941 anxius
380 3877 481 3963 gloria
507 3879 588 3946 eius:
622 3877 793 3947 Muttinem
821 3878 882 3947 sibi
907 3879 1033 3947 modum
1051 3873 1094 3941 sa
1111 3865 1145 3903 ⁴
