2566 4538
143 205 208 271 110
409 216 527 275 LIBER
544 214 646 288 XXH,
664 213 707 270 60.
727 214 912 289 [ancbbb]

143 375 203 443 bus
221 376 399 442 necessario
417 375 538 440 adrem
551 375 716 440 militarem
730 374 875 459 exemplo
889 372 1066 439 servaretis.

52 505 54 511 ·
143 481 264 549 autem,
287 491 360 543 cum
376 490 476 555 prope
491 469 617 555 gloriati
636 469 711 546 sint,
731 469 816 553 quod
834 490 869 534 se
886 466 1033 541 hostibus
1051 467 1075 532 d

142 565 218 643 rint,
244 563 458 650 praeferrique
480 584 544 628 non
567 563 667 648 captis
688 563 784 628 modo
805 562 840 637 in
861 562 930 635 acie
951 561 997 628 ab
1023 560 1075 628 hos

144 657 200 729 sed
222 659 317 731 etiam
338 658 391 736 iis,
418 657 474 742 qui
495 656 671 723 Venusiam
695 655 934 741 Canusiumque
959 677 1075 742 per-ven

108 761 237 837 satque
262 752 325 838 ipsi
353 749 391 817 C.
415 751 563 819 Terentio
591 750 713 817 consuli
739 772 850 816 aecum
877 750 1071 828 censuerint,

142 867 336 925 voscorum,
354 855 459 932 putres
474 845 657 931 conscripti,
675 867 757 930 quae
770 844 918 918 illicacta
932 853 1016 924 sunt,
1034 843 1075 931 igr

142 941 253 1026 patiar.
298 952 392 1025 atque
414 940 534 1007 utinam
556 939 647 1016 haec,
676 961 757 1024 quae
779 950 856 1025 aput
872 961 931 1005 vos
950 948 1075 1005 acturus

145 1034 266 1101 Canusi
291 1044 368 1121 aput
392 1034 498 1120 ipsum
524 1035 698 1099 exercitum
720 1055 861 1120 agerem,
890 1034 1046 1119 optimum
1066 1042 1075 1097 t

141 1129 288 1215 ignaviae
306 1129 458 1212 cuiusque
476 1139 508 1193 et
521 1128 661 1205 virtutis,
680 1138 734 1193 aut
751 1150 834 1193 unus
853 1127 906 1192 hic
923 1127 1037 1193 saltem
1055 1150 1073 1193 a

143 1222 182 1287 P.
202 1219 423 1307 Sempronius,
447 1243 542 1306 quem
561 1222 589 1286 si
604 1221 658 1286 isti
676 1221 788 1287 ducem
808 1221 907 1287 secuti
925 1231 1047 1300 essent,
1066 1244 1075 1285 r

143 1316 238 1382 hodie
254 1316 289 1381 in
306 1316 418 1383 castris
431 1315 599 1394 Romanis,
617 1338 683 1382 non
697 1315 813 1401 captivi
825 1315 859 1380 in
871 1314 1012 1381 bostium
1025 1324 1075 1401 pot

109 1433 125 1481 9
143 1419 258 1476 essent
299 1420 348 1477 set
369 1433 441 1476 oum
463 1410 558 1476 fessis
580 1410 751 1497 pugnando
773 1408 932 1487 hostibus,
960 1418 1029 1473 tum
1050 1432 1075 1473 u

141 1505 232 1570 laetis
246 1514 277 1571 et
290 1504 368 1590 ipsis
385 1504 544 1591 plerisque
561 1505 715 1591 regressis
732 1505 766 1568 in
784 1514 887 1570 castra
905 1526 976 1582 sua,
996 1514 1075 1569 noct·

142 1600 370 1686 erumpendum
391 1599 523 1666 liberam
544 1599 730 1666 habuissent
754 1608 784 1664 et
802 1609 923 1685 septem
940 1597 1029 1663 milia
1046 1621 1075 1663 ar

141 1717 213 1760 rum
231 1694 394 1759 hominum
411 1716 574 1780 erumpere
592 1695 686 1760 etiam
706 1690 791 1780 [per]
811 1693 968 1760 confertos
984 1692 1075 1759 hoste

146 1798 230 1867 sent,
249 1810 351 1873 neque
368 1811 426 1874 per
444 1811 478 1855 se
495 1790 556 1874 ipsi
574 1789 608 1854 id
624 1789 730 1854 facere
748 1787 852 1854 conati
870 1797 943 1854 sunt
960 1809 1068 1872 neque

95 1904 127 1951 10
146 1883 236 1966 sequi
253 1881 427 1947 voluerunt.
463 1894 555 1948 nocte
571 1905 670 1969 prope
688 1891 753 1948 tota
769 1882 808 1946 P.
825 1880 1034 1967 Sempronius
1050 1881 1075 1947 Ἰ

143 1999 203 2043 nus
234 1998 299 2042 non
329 1977 447 2042 destitit
472 2000 614 2057 monere,
647 1978 805 2045 adhortari
832 1999 900 2055 eos,
933 1977 1011 2042 dum
1037 2000 1075 2064 ps

142 2071 280 2137 hostium
303 2071 386 2136 circa
408 2082 522 2150 casua,
547 2073 623 2137 dum
641 2072 730 2157 quies
749 2093 786 2137 ac
805 2070 962 2137 silentium
982 2080 1075 2152 esset,

143 2187 208 2231 nox
223 2165 385 2251 inceptum
402 2175 508 2254 tegere
526 2176 648 2251 posset,
673 2189 707 2231 se
726 2167 838 2231 ducem
861 2175 1075 2249 sequerentur:

141 2258 246 2325 lucem
266 2260 430 2345 pervenire
451 2260 486 2324 in
508 2270 576 2326 tuta
597 2262 681 2337 locs,
708 2260 742 2323 in
769 2261 925 2325 sociorum
951 2259 1051 2326 urbes

90 2376 122 2423 11
143 2351 201 2442 [si]
229 2356 311 2420 sicut
337 2378 468 2422 avorum
495 2357 647 2421 memoria
667 2354 707 2423 P.
729 2354 851 2421 Decius
873 2355 1018 2421 tribunus
1047 2379 1075 2421 m

141 2449 176 2512 in
190 2446 337 2528 Samnio,
359 2450 439 2515 sicut
456 2449 548 2516 nobis
568 2449 821 2514 adulescentibus
839 2450 942 2535 priore
955 2448 1075 2515 Punice

143 2541 333 2629 Calpurnius
343 2543 488 2610 Flamma
503 2545 648 2610 trecentis
662 2544 861 2622 voluntariis,
881 2545 1008 2609 eumad
1023 2556 1075 2609 tun

143 2657 197 2701 eos
220 2637 407 2722 capiendum
430 2639 525 2703 situm
547 2638 628 2703 inter
649 2638 770 2703 medios
793 2638 921 2703 duceret
941 2638 1061 2717 hostis,

143 2731 347 2809 “moriamur,
374 2733 502 2812 milites,
531 2745 562 2799 et
583 2743 683 2798 morte
704 2744 812 2799 nostra
834 2733 1002 2818 eripiamus
1028 2755 1070 2798 ex

94 2845 125 2890 12
145 2823 238 2891 dione
264 2825 491 2893 circumventas
518 2827 682 2913 legiones''
700 2863 739 2905 -,
767 2827 794 2893 si
820 2826 881 2892 boc
906 2825 944 2891 P.
970 2823 1075 2914 Semp:

143 2917 273 2997 diceret,
301 2941 360 2985 nec
381 2920 464 2987 viros
488 2922 615 3006 quidem
637 2943 696 2987 nec
712 2920 875 2987 Romanos
899 2943 956 2986 vos
979 2920 1075 2987 dueer

93 3031 125 3079 13
144 3033 237 3078 nemo
255 3023 359 3080 tantae
378 3015 500 3081 virtutis
520 3015 674 3081 extitisset
693 3037 808 3081 comes.
853 3015 937 3080 viam
959 3037 1025 3080 non
1048 3037 1075 3081 a«

141 3105 220 3171 mom
232 3108 335 3196 magis
349 3130 445 3193 quam
458 3109 499 3174 ad
512 3109 646 3175 salutem
659 3109 812 3175 ferentem
822 3109 1026 3187 demonstrat,
1045 3132 1075 3175 re

90 3218 124 3267 14
141 3200 175 3264 in
191 3202 338 3286 petriam,
362 3203 572 3289 adparentis,
595 3203 636 3267 ad
654 3204 804 3290 coniuges
822 3224 860 3268 ec
876 3202 993 3269 liberos
1012 3203 1075 3269 faci

142 3296 323 3375 servemini,
347 3297 436 3362 deest
453 3297 543 3362 vobis
567 3297 705 3362 animus:
731 3297 822 3382 quid,
850 3297 877 3362 si
899 3297 1075 3364 moriendus

141 3389 243 3473 patria
265 3400 363 3468 esset,
385 3390 551 3456 faceretis?
577 3391 804 3478 quinquaginta
827 3390 912 3455 milia
935 3392 1055 3458 civium

140 3504 274 3567 rumque
292 3485 375 3551 circa
392 3507 448 3550 vos
468 3506 504 3550 eo
521 3486 592 3571 ipso
610 3486 661 3551 die
680 3508 773 3551 caesa
789 3486 902 3551 iacent.
930 3487 958 3552 si
972 3497 1018 3552 tot
1033 3510 1074 3552 ex

142 3576 265 3644 virtutis
283 3601 348 3645 non
364 3589 505 3657 movent,
524 3579 603 3645 nibil
620 3602 770 3664 umquam
788 3580 942 3658 movebit,
962 3582 990 3646 si
1008 3591 1076 3647 tant

90 3693 123 3740 15
141 3671 198 3738 des
220 3672 315 3739 vilem
337 3673 434 3740 vitam
455 3696 518 3739 non
539 3673 628 3752 fecit,
656 3673 742 3739 nulla
763 3673 867 3740 faciet.
912 3685 944 3740 et
969 3674 1062 3740 liberi

140 3766 314 3835 incolumes
333 3768 507 3843 desiderate
524 3768 673 3854 patriam,
696 3769 793 3834 immo
812 3769 1003 3848 desiderate,
1027 3770 1075 3835 dur

141 3861 201 3926 tria
213 3872 274 3941 est,
294 3862 370 3926 dum
384 3863 469 3928 cives
483 3862 550 3928 eius
565 3862 656 3926 estis:
676 3885 745 3928 sero
758 3886 842 3928 nuno
857 3863 1057 3942 desideratis,

141 3954 210 4021 nuti
223 3956 338 4042 capite,
357 3956 525 4024 abalienati
537 3957 604 4022 iure
618 3956 748 4039 civium,
769 3959 851 4024 servi
866 3956 1075 4047 Carthaginis
