2528 4530
264 222 385 290 amna
401 228 776 306 samosataeus]
1000 222 1042 292 51

80 391 139 458 mis
151 389 239 458 lecit.
269 388 344 456 iude
357 389 523 456 conciliata
541 386 672 480 [gratia]
692 391 937 480 clementiaeque
954 393 1041 462 fama
1059 417 1077 465 a

93 485 139 554 ad
164 482 340 552 maritimos
364 482 461 550 modo
487 483 636 571 populos,
664 484 780 551 sedin
805 486 1042 555 mediterrancis

80 601 131 667 qus
150 602 189 646 ac
207 577 366 646 montanis
382 579 425 646 ad
447 578 617 645 ferociores
634 576 698 645 iam
715 590 826 669 gentes
843 581 957 663 valuit3
982 602 1045 652 uec

80 675 178 740 modo
191 684 348 762 repulsos,
363 672 422 740 scd
435 671 569 740 societas
587 673 682 740 etiam
695 696 854 742 armornm
869 686 980 764 parata
993 686 1042 745 est

80 769 195 855 lneque
218 766 338 853 aliquot
359 766 547 834 auxiliorum
570 767 715 835 cobortes
733 789 774 835 ox
790 769 830 836 iia
847 772 1043 859 conscriptae
1145 770 1151 781 '

80 890 91 929 a
120 862 293 928 Hannonis
309 861 355 928 cis
364 860 522 929 Hiberum
539 861 702 949 provincia
718 872 800 945 erat;
818 887 893 931 eum
908 864 1043 952 reliqna-
1059 877 1076 926 o

80 956 237 1025 Hannibal
255 956 298 1023 ad
312 954 451 1045 regionis
470 957 538 1023 eius
555 955 757 1042 praesidinm.
801 956 922 1045 itaque,
938 960 1043 1047 prius-

80 1077 104 1118 m
120 1052 334 1118 alienarentur
347 1051 462 1130 omnia,
477 1050 605 1118 obviam
623 1051 762 1119 eundum
778 1061 865 1121 ratus
883 1055 995 1121 castris
1008 1055 1042 1121 in

80 1155 180 1233 pactu
197 1145 339 1212 hostium
356 1145 468 1232 positis
486 1144 520 1211 in
537 1145 639 1212 aciem
656 1146 774 1212 eduxit
817 1169 877 1215 nec
893 1147 1040 1216 Romano
1059 1161 1074 1209 6

80 1241 220 1308 rendum
238 1250 398 1307 certamen
414 1239 529 1319 visum,
548 1240 665 1327 quippe
682 1241 738 1327 qui
755 1241 848 1308 sciret
866 1264 938 1310 oum
950 1242 1043 1309 Hau-

80 1345 140 1402 ret
157 1333 363 1401 Hasdrubale
386 1333 448 1401 sibi
471 1334 685 1401 dimicandum
707 1357 779 1404 esse
795 1335 964 1422 malletque
986 1337 1043 1404 ad-

80 1452 117 1495 us
136 1428 281 1516 singulos
301 1428 469 1514 separatim
482 1451 578 1513 quam
596 1428 747 1496 adversus
765 1430 846 1497 duos
863 1426 958 1513 simul
974 1452 1042 1497 rem

80 1545 126 1589 uc.
163 1545 224 1588 nec
241 1521 351 1609 magni
368 1522 545 1589 certaminis
560 1544 599 1589 ea
612 1522 770 1590 dimicatio
787 1522 863 1591 fititr
881 1546 939 1591 aex
956 1524 1042 1592 milia
1061 1535 1076 1583 t

80 1617 145 1683 ium
163 1639 268 1696 caesa,
287 1617 351 1683 duo
369 1625 462 1704 capta
479 1639 551 1684 cum
568 1617 726 1705 praesidio
744 1627 928 1686 castrorum.
968 1642 1042 1686 nam

80 1722 156 1778 astra
173 1721 355 1799 expugnata
373 1719 447 1777 sunt
464 1720 559 1796 atquc
575 1710 645 1799 ipss
658 1713 724 1778 dux
736 1733 809 1779 cum
821 1712 940 1798 aliquot
957 1713 1043 1799 prin-

80 1805 130 1872 bus
150 1805 318 1892 capiuntur
330 1814 362 1871 et
372 1804 474 1872 Cissis
490 1806 678 1894 propincum
696 1807 807 1873 castris
821 1807 973 1895 oppidum
988 1829 1043 1872 ex-

80 1910 176 1970 natur.
222 1909 361 1966 ceterum
381 1899 500 1988 praeda
517 1901 624 1987 oppidi
640 1900 731 1988 parvi
746 1901 828 1988 preti
848 1923 953 1968 rerum
970 1900 1040 1982 fuit,
1060 1911 1077 1960 8

80 1995 154 2062 allex
169 1994 335 2062 barbarica
351 2016 389 2062 ao
401 1995 511 2061 vilium
528 1994 771 2082 mancipiorum
789 2006 894 2063 castra
910 1997 1042 2064 militem
1060 2008 1075 2057 a

80 2111 148 2156 vere
169 2111 235 2154 non
252 2089 320 2155 eius
343 2088 438 2156 modo
456 2091 612 2155 exercitus
634 2091 689 2174 qui
705 2090 808 2157 victus
830 2099 910 2169 crat,
935 2088 992 2157 sed
1010 2099 1042 2157 et

80 2183 151 2268 ;qui
168 2205 241 2248 cum
258 2181 439 2250 Hannibale
456 2183 491 2248 in
507 2183 601 2249 Italia
621 2183 791 2263 militabat,
810 2183 957 2251 omnibus
974 2184 1041 2250 fera

80 2299 94 2342 s
108 2275 213 2356 rebus,
231 2298 273 2343 ne
285 2277 395 2365 gravia
412 2276 625 2364 inpedimenta
637 2276 811 2345 ferentibus
829 2285 945 2358 essent,
964 2279 1043 2344 citra

80 2393 209 2438 enaeum
225 2371 354 2437 relictis.
725 2414 727 2419 ·

80 2465 169 2531 LXI.
205 2464 398 2552 Priusquam
420 2475 505 2533 certa
525 2466 622 2532 huius
644 2465 743 2532 cladis
767 2466 854 2531 fama
876 2464 1039 2544 accideret,
1060 2486 1074 2532 1

80 2581 226 2647 agressus
244 2559 402 2627 Hiberum
419 2559 606 2628 Hasdrubal
624 2582 697 2627 cum
714 2569 785 2627 octo
803 2559 931 2627 milibus
952 2559 1042 2645 podi-

80 2702 93 2734 s,
114 2655 200 2721 mille
225 2656 366 2740 equitum
384 2665 545 2740 tamquam
568 2656 610 2722 ad
623 2657 763 2742 primum
785 2655 956 2723 adventum
977 2655 1043 2722 Ro·

80 2771 173 2815 iorum
200 2771 403 2829 occursurus,
429 2758 598 2837 postquam
623 2749 763 2837 perditas
784 2771 836 2816 res
859 2751 901 2817 ad
923 2748 1043 2818 Cissim

80 2866 188 2928 ssaque
213 2852 316 2909 castra
338 2845 473 2931 accepit,
496 2843 555 2908 iter
577 2844 619 2910 ad
641 2867 727 2911 mare
750 2845 912 2912 convertit.
956 2843 1042 2911 haud
1060 2862 1075 2910 2

80 2937 118 3002 aul
127 2936 306 3004 Tarracone
321 2937 469 3005 classicos
487 2937 601 3004 milites
619 2938 811 3025 navalesque
825 2939 929 3007 socios
941 2961 1042 3026 vagos

80 3032 208 3118 artisque
232 3053 292 3120 por
313 3054 421 3120 agros,
445 3033 531 3119 quod
553 3032 723 3113 demetit,
747 3045 783 3100 ut
807 3034 964 3101 secundae
989 3055 1041 3100 res

80 3124 242 3214 legentium
265 3134 384 3206 meent,
408 3127 513 3212 equits
534 3127 654 3214 passim
677 3127 808 3195 dimisso
831 3149 904 3195 cum
925 3147 1044 3214 magna

80 3219 119 3300 la,
137 3220 258 3288 maiore
274 3220 353 3308 fuga
369 3221 411 3287 ad
427 3234 525 3288 naves
544 3221 701 3308 conpellit.
746 3243 804 3288 nco
822 3220 940 3287 diutius
958 3221 1041 3285 circa
1061 3239 1075 3286 a

80 3337 135 3382 cca
150 3315 268 3382 morari
285 3338 397 3396 ausus,
414 3337 456 3383 ns
472 3315 513 3383 ab
533 3313 682 3403 Scipione
700 3316 936 3404 opprimeretur,
954 3324 1041 3380 trans

80 3431 166 3477 anm
183 3431 257 3477 sese
273 3409 401 3498 recepit.
442 3420 474 3476 et
492 3408 601 3498 Scipio
618 3410 733 3497 raptim
749 3410 791 3477 ad
808 3409 927 3475 famam
944 3427 1042 3476 novo-
1060 3426 1077 3473 a

80 3503 236 3593 „bostium
253 3504 380 3592 agmine
397 3513 483 3585 acto,
506 3524 579 3571 oum
601 3503 635 3570 in
651 3524 770 3592 paucos
791 3501 968 3591 praefectos
986 3525 1044 3567 na

80 3599 403 3679 commemorasset,
419 3598 578 3686 pracsidio
596 3598 774 3665 Tarracone
791 3596 916 3664 modico
933 3593 1042 3661 relicto

80 3694 178 3782 porias
196 3716 271 3762 oum
288 3694 391 3762 classe
407 3693 508 3760 rediit
542 3692 675 3760 vixdum
692 3692 835 3782 digresso
849 3687 1042 3757 coHasdru-
1059 3707 1076 3757 a

80 3789 199 3870 aderat,
213 3797 246 3856 et
254 3788 427 3878 Ilergetum
443 3787 571 3878 populo,
586 3786 642 3874 qui
654 3787 781 3856 obsides
791 3783 934 3872 Scipioni
946 3781 1043 3850 dedo-

80 3887 119 3954 ad
134 3884 346 3953 defectionem
362 3885 498 3973 inpulso,
512 3905 706 3958 cumeorum
723 3882 864 3972 ipsorum
880 3878 1043 3946 iuventute

80 4008 96 4051 s
119 3980 267 4050 fidelium
288 3980 441 4050 Romanis
465 3981 622 4049 sociorum
644 3987 757 4047 vastat.
802 3976 906 4134 εἶοὲἱο
928 3973 1074 4044 deludet
