<?xml version="1.0" encoding="UTF-8"?>
<!DOCTYPE html PUBLIC "-//W3C//DTD XHTML 1.0 Transitional//EN"
    "http://www.w3.org/TR/xhtml1/DTD/xhtml1-transitional.dtd">
<html xmlns="http://www.w3.org/1999/xhtml" xml:lang="en" lang="en">
 <head>
  <title>
</title>
<meta http-equiv="Content-Type" content="text/html;charset=utf-8" />
  <meta name='ocr-system' content='tesseract 3.04.00' />
  <meta name='ocr-capabilities' content='ocr_page ocr_carea ocr_par ocr_line ocrx_word'/>
</head>
<body>
  <div class='ocr_page' id='page_1' title='image "./titiliviaburbec00weisgoog_0238.png"; bbox 0 0 2528 4514; ppageno 0'>
   <div class='ocr_carea' id='block_1_1' title="bbox 143 271 933 354">
    <p class='ocr_par' dir='ltr' id='par_1_1' title="bbox 143 271 933 354">
     <span class='ocr_line' id='line_1_1' title="bbox 143 271 933 354; baseline 0.003 -17"><span class='ocrx_word' id='word_1_1' title='bbox 143 271 206 338; x_wconf 85' lang='lat'><strong>118</strong></span> <span class='ocrx_word' id='word_1_2' title='bbox 389 282 508 339; x_wconf 86' lang='lat' dir='ltr'><strong>LIBER</strong></span> <span class='ocrx_word' id='word_1_3' title='bbox 523 282 643 354; x_wconf 80' lang='lat' dir='ltr'>XXIII,</span> <span class='ocrx_word' id='word_1_4' title='bbox 662 282 688 338; x_wconf 87' lang='grc'><strong>5.</strong></span> <span class='ocrx_word' id='word_1_5' title='bbox 702 284 727 338; x_wconf 92' lang='grc'><strong>6.</strong></span> <span class='ocrx_word' id='word_1_6' title='bbox 748 286 823 353; x_wconf 81' lang='lat' dir='ltr'><strong>[au.</strong></span> <span class='ocrx_word' id='word_1_7' title='bbox 834 282 933 354; x_wconf 67' lang='lat' dir='ltr'><strong>obas]</strong></span> 
     </span>
    </p>
   </div>
   <div class='ocr_carea' id='block_1_2' title="bbox 30 441 1020 1760">
    <p class='ocr_par' dir='ltr' id='par_1_2' title="bbox 30 441 1020 1760">
     <span class='ocr_line' id='line_1_2' title="bbox 104 441 1020 527; baseline -0.008 -14"><span class='ocrx_word' id='word_1_8' title='bbox 104 453 218 514; x_wconf 80' lang='lat' dir='ltr'><strong>atuna</strong></span> <span class='ocrx_word' id='word_1_9' title='bbox 240 451 388 510; x_wconf 82' lang='lat' dir='ltr'><strong>eventum</strong></span> <span class='ocrx_word' id='word_1_10' title='bbox 409 441 583 507; x_wconf 81' lang='lat' dir='ltr'><strong>tulerimus.</strong></span> <span class='ocrx_word' id='word_1_11' title='bbox 629 441 742 506; x_wconf 89' lang='lat' dir='ltr'><strong>adicite</strong></span> <span class='ocrx_word' id='word_1_12' title='bbox 769 441 811 506; x_wconf 87' lang='lat' dir='ltr'><strong>ad</strong></span> <span class='ocrx_word' id='word_1_13' title='bbox 836 441 930 520; x_wconf 84' lang='lat' dir='ltr'><strong>haee,</strong></span> <span class='ocrx_word' id='word_1_14' title='bbox 959 464 1020 527; x_wconf 92' lang='lat' dir='ltr'><strong>quo</strong></span> 
     </span>
     <span class='ocr_line' id='line_1_3' title="bbox 30 535 1020 624; baseline -0.004 -18"><span class='ocrx_word' id='word_1_15' title='bbox 30 540 32 547; x_wconf 82' lang='lat'>&#39;</span> <span class='ocrx_word' id='word_1_16' title='bbox 142 561 279 624; x_wconf 89' lang='lat' dir='ltr'><strong>aequum</strong></span> <span class='ocrx_word' id='word_1_17' title='bbox 297 535 467 614; x_wconf 82' lang='lat' dir='ltr'><strong>dediticiis,</strong></span> <span class='ocrx_word' id='word_1_18' title='bbox 485 536 570 621; x_wconf 91' lang='lat' dir='ltr'><strong>quod</strong></span> <span class='ocrx_word' id='word_1_19' title='bbox 585 535 673 623; x_wconf 85' lang='lat' dir='ltr'><strong>leges</strong></span> <span class='ocrx_word' id='word_1_20' title='bbox 687 544 820 614; x_wconf 81' lang='lat' dir='ltr'><strong>vestras,</strong></span> <span class='ocrx_word' id='word_1_21' title='bbox 839 536 925 621; x_wconf 93' lang='lat' dir='ltr'><strong>quod</strong></span> <span class='ocrx_word' id='word_1_22' title='bbox 939 536 981 602; x_wconf 94' lang='lat' dir='ltr'><strong>ad</strong></span> <span class='ocrx_word' id='word_1_23' title='bbox 995 559 1020 602; x_wconf 88' lang='lat' dir='ltr'><strong>e:</strong></span> 
     </span>
     <span class='ocr_line' id='line_1_4' title="bbox 42 629 1020 719; baseline -0.005 -19"><span class='ocrx_word' id='word_1_24' title='bbox 42 682 45 687; x_wconf 89' lang='lat'><em>-</em></span> <span class='ocrx_word' id='word_1_25' title='bbox 141 634 176 700; x_wconf 94' lang='lat' dir='ltr'><strong>id</strong></span> <span class='ocrx_word' id='word_1_26' title='bbox 202 633 288 719; x_wconf 91' lang='lat' dir='ltr'><strong>quod</strong></span> <span class='ocrx_word' id='word_1_27' title='bbox 313 641 386 698; x_wconf 87' lang='lat' dir='ltr'><strong>ante</strong></span> <span class='ocrx_word' id='word_1_28' title='bbox 408 629 612 697; x_wconf 80' lang='lat' dir='ltr'><strong>Cannensem</strong></span> <span class='ocrx_word' id='word_1_29' title='bbox 638 639 721 696; x_wconf 88' lang='lat' dir='ltr'><strong>certe</strong></span> <span class='ocrx_word' id='word_1_30' title='bbox 748 629 872 696; x_wconf 82' lang='lat' dir='ltr'><strong>cladem</strong></span> <span class='ocrx_word' id='word_1_31' title='bbox 898 654 1020 696; x_wconf 85' lang='lat' dir='ltr'><strong>maxuu</strong></span> 
     </span>
     <span class='ocr_line' id='line_1_5' title="bbox 144 725 1020 812; baseline -0.005 -17"><span class='ocrx_word' id='word_1_32' title='bbox 144 728 303 795; x_wconf 79' lang='lat' dir='ltr'><strong>civitatem</strong></span> <span class='ocrx_word' id='word_1_33' title='bbox 328 735 469 792; x_wconf 88' lang='lat' dir='ltr'><strong>nostram</strong></span> <span class='ocrx_word' id='word_1_34' title='bbox 496 747 630 811; x_wconf 86' lang='lat' dir='ltr'><strong>magnae</strong></span> <span class='ocrx_word' id='word_1_35' title='bbox 656 725 738 812; x_wconf 84' lang='lat' dir='ltr'><strong>parti</strong></span> <span class='ocrx_word' id='word_1_36' title='bbox 763 737 905 791; x_wconf 84' lang='lat' dir='ltr'><strong>vestrum</strong></span> <span class='ocrx_word' id='word_1_37' title='bbox 928 726 1020 792; x_wconf 87' lang='lat' dir='ltr'><strong>dedin</strong></span> 
     </span>
     <span class='ocr_line' id='line_1_6' title="bbox 94 818 1005 906; baseline -0.009 -13"><span class='ocrx_word' id='word_1_38' title='bbox 94 844 126 892; x_wconf 92' lang='lat'><strong>10</strong></span> <span class='ocrx_word' id='word_1_39' title='bbox 143 820 437 906; x_wconf 71' lang='lat' dir='ltr'><strong>municarimusque</strong></span> <span class='ocrx_word' id='word_1_40' title='bbox 454 818 629 886; x_wconf 86' lang='lat' dir='ltr'><strong>vobiscum.</strong></span> <span class='ocrx_word' id='word_1_41' title='bbox 674 820 782 904; x_wconf 82' lang='lat' dir='ltr'><strong>itaque</strong></span> <span class='ocrx_word' id='word_1_42' title='bbox 805 841 1005 886; x_wconf 90' lang='lat' dir='ltr'><strong>communem</strong></span> 
     </span>
     <span class='ocr_line' id='line_1_7' title="bbox 143 913 1016 1001; baseline -0.002 -18"><span class='ocrx_word' id='word_1_43' title='bbox 143 916 279 995; x_wconf 88' lang='lat' dir='ltr'><strong>cladem,</strong></span> <span class='ocrx_word' id='word_1_44' title='bbox 313 936 395 1001; x_wconf 88' lang='lat' dir='ltr'><strong>quae</strong></span> <span class='ocrx_word' id='word_1_45' title='bbox 421 924 552 1001; x_wconf 82' lang='lat' dir='ltr'><strong>accepta</strong></span> <span class='ocrx_word' id='word_1_46' title='bbox 578 923 640 992; x_wconf 87' lang='lat' dir='ltr'><strong>est,</strong></span> <span class='ocrx_word' id='word_1_47' title='bbox 673 913 814 993; x_wconf 90' lang='lat' dir='ltr'><strong>credere,</strong></span> <span class='ocrx_word' id='word_1_48' title='bbox 843 914 1016 1001; x_wconf 88' lang='lat' dir='ltr'><strong>Campani,</strong></span> 
     </span>
     <span class='ocr_line' id='line_1_8' title="bbox 92 1009 1020 1096; baseline -0.003 -18"><span class='ocrx_word' id='word_1_49' title='bbox 92 1034 124 1083; x_wconf 87' lang='lat'><strong>11</strong></span> <span class='ocrx_word' id='word_1_50' title='bbox 143 1032 343 1078; x_wconf 88' lang='lat' dir='ltr'><strong>communem</strong></span> <span class='ocrx_word' id='word_1_51' title='bbox 372 1009 508 1096; x_wconf 82' lang='lat' dir='ltr'><strong>patriam</strong></span> <span class='ocrx_word' id='word_1_52' title='bbox 539 1009 688 1074; x_wconf 87' lang='lat' dir='ltr'><strong>tuendam</strong></span> <span class='ocrx_word' id='word_1_53' title='bbox 719 1009 863 1075; x_wconf 77' lang='lat' dir='ltr'><strong>arbitrari</strong></span> <span class='ocrx_word' id='word_1_54' title='bbox 893 1032 974 1076; x_wconf 89' lang='lat' dir='ltr'><strong>esse.</strong></span> <span class='ocrx_word' id='word_1_55' title='bbox 1019 1036 1020 1042; x_wconf 49' lang='lat'>¹</span> 
     </span>
     <span class='ocr_line' id='line_1_9' title="bbox 144 1104 1015 1189; baseline -0.002 -16"><span class='ocrx_word' id='word_1_56' title='bbox 144 1104 288 1173; x_wconf 81' lang='lat' dir='ltr'><strong>Samnite</strong></span> <span class='ocrx_word' id='word_1_57' title='bbox 310 1116 365 1171; x_wconf 87' lang='lat' dir='ltr'><strong>aut</strong></span> <span class='ocrx_word' id='word_1_58' title='bbox 385 1104 523 1171; x_wconf 83' lang='lat' dir='ltr'><strong>Etrusco</strong></span> <span class='ocrx_word' id='word_1_59' title='bbox 544 1125 596 1171; x_wconf 87' lang='lat' dir='ltr'><strong>res</strong></span> <span class='ocrx_word' id='word_1_60' title='bbox 619 1115 680 1183; x_wconf 87' lang='lat' dir='ltr'><strong>est,</strong></span> <span class='ocrx_word' id='word_1_61' title='bbox 708 1113 744 1168; x_wconf 90' lang='lat' dir='ltr'><strong>ut</strong></span> <span class='ocrx_word' id='word_1_62' title='bbox 765 1105 852 1189; x_wconf 90' lang='lat' dir='ltr'><strong>quod</strong></span> <span class='ocrx_word' id='word_1_63' title='bbox 879 1128 898 1171; x_wconf 88' lang='lat' dir='ltr'><strong>a</strong></span> <span class='ocrx_word' id='word_1_64' title='bbox 923 1105 1015 1172; x_wconf 90' lang='lat' dir='ltr'><strong>nobis</strong></span> 
     </span>
     <span class='ocr_line' id='line_1_10' title="bbox 145 1199 1020 1286; baseline 0 -20"><span class='ocrx_word' id='word_1_65' title='bbox 145 1200 199 1278; x_wconf 89' lang='lat' dir='ltr'><strong>sit,</strong></span> <span class='ocrx_word' id='word_1_66' title='bbox 222 1200 256 1266; x_wconf 93' lang='lat' dir='ltr'><strong>in</strong></span> <span class='ocrx_word' id='word_1_67' title='bbox 273 1200 366 1266; x_wconf 81' lang='lat' dir='ltr'><strong>Italia</strong></span> <span class='ocrx_word' id='word_1_68' title='bbox 383 1211 489 1266; x_wconf 82' lang='lat' dir='ltr'><strong>tamen</strong></span> <span class='ocrx_word' id='word_1_69' title='bbox 506 1200 674 1286; x_wconf 62' lang='lat' dir='ltr'><strong>imerium</strong></span> <span class='ocrx_word' id='word_1_70' title='bbox 691 1209 832 1279; x_wconf 79' lang='lat' dir='ltr'><strong>mancat3</strong></span> <span class='ocrx_word' id='word_1_71' title='bbox 855 1199 986 1267; x_wconf 90' lang='lat' dir='ltr'><strong>Poenus</strong></span> <span class='ocrx_word' id='word_1_72' title='bbox 1003 1201 1020 1266; x_wconf 90' lang='lat' dir='ltr'>h</span> 
     </span>
     <span class='ocr_line' id='line_1_11' title="bbox 143 1293 1020 1382; baseline -0.002 -20"><span class='ocrx_word' id='word_1_73' title='bbox 143 1293 274 1362; x_wconf 85' lang='lat' dir='ltr'><strong>Africae</strong></span> <span class='ocrx_word' id='word_1_74' title='bbox 292 1294 421 1380; x_wconf 90' lang='lat' dir='ltr'><strong>quidem</strong></span> <span class='ocrx_word' id='word_1_75' title='bbox 438 1295 600 1382; x_wconf 84' lang='lat' dir='ltr'><strong>indigena,</strong></span> <span class='ocrx_word' id='word_1_76' title='bbox 624 1294 665 1360; x_wconf 92' lang='lat' dir='ltr'><strong>ab</strong></span> <span class='ocrx_word' id='word_1_77' title='bbox 683 1293 802 1360; x_wconf 83' lang='lat' dir='ltr'><strong>ultimis</strong></span> <span class='ocrx_word' id='word_1_78' title='bbox 820 1304 975 1361; x_wconf 86' lang='lat' dir='ltr'><strong>terrarum</strong></span> <span class='ocrx_word' id='word_1_79' title='bbox 997 1318 1020 1362; x_wconf 76' lang='lat' dir='ltr'><strong>or</strong></span> 
     </span>
     <span class='ocr_line' id='line_1_12' title="bbox 144 1388 1020 1476; baseline -0.001 -19"><span class='ocrx_word' id='word_1_80' title='bbox 144 1388 268 1457; x_wconf 78' lang='lat' dir='ltr'><strong>Oceani</strong></span> <span class='ocrx_word' id='word_1_81' title='bbox 289 1388 503 1474; x_wconf 83' lang='lat' dir='ltr'><strong>Herculisque</strong></span> <span class='ocrx_word' id='word_1_82' title='bbox 530 1389 701 1467; x_wconf 90' lang='lat' dir='ltr'><strong>columnis,</strong></span> <span class='ocrx_word' id='word_1_83' title='bbox 730 1399 891 1476; x_wconf 87' lang='lat' dir='ltr'><strong>expertem</strong></span> <span class='ocrx_word' id='word_1_84' title='bbox 918 1391 1020 1456; x_wconf 89' lang='lat' dir='ltr'><strong>omnis</strong></span> 
     </span>
     <span class='ocr_line' id='line_1_13' title="bbox 93 1483 1020 1572; baseline -0.005 -18"><span class='ocrx_word' id='word_1_85' title='bbox 93 1505 125 1554; x_wconf 79' lang='lat'><strong>12</strong></span> <span class='ocrx_word' id='word_1_86' title='bbox 143 1485 336 1552; x_wconf 91' lang='lat' dir='ltr'><strong>condicionis</strong></span> <span class='ocrx_word' id='word_1_87' title='bbox 355 1493 386 1549; x_wconf 90' lang='lat' dir='ltr'><strong>et</strong></span> <span class='ocrx_word' id='word_1_88' title='bbox 398 1484 526 1572; x_wconf 82' lang='lat' dir='ltr'><strong>linguae</strong></span> <span class='ocrx_word' id='word_1_89' title='bbox 539 1505 637 1571; x_wconf 89' lang='lat' dir='ltr'><strong>prope</strong></span> <span class='ocrx_word' id='word_1_90' title='bbox 650 1483 808 1550; x_wconf 84' lang='lat' dir='ltr'><strong>humanae</strong></span> <span class='ocrx_word' id='word_1_91' title='bbox 821 1483 953 1550; x_wconf 86' lang='lat' dir='ltr'><strong>militem</strong></span> <span class='ocrx_word' id='word_1_92' title='bbox 967 1485 1020 1551; x_wconf 85' lang='lat' dir='ltr'><strong>tral</strong></span> 
     </span>
     <span class='ocr_line' id='line_1_14' title="bbox 142 1577 1000 1666; baseline -0.001 -20"><span class='ocrx_word' id='word_1_93' title='bbox 142 1589 255 1646; x_wconf 88' lang='lat' dir='ltr'><strong>natura</strong></span> <span class='ocrx_word' id='word_1_94' title='bbox 283 1590 314 1646; x_wconf 89' lang='lat' dir='ltr'><strong>et</strong></span> <span class='ocrx_word' id='word_1_95' title='bbox 340 1578 480 1645; x_wconf 88' lang='lat' dir='ltr'><strong>moribus</strong></span> <span class='ocrx_word' id='word_1_96' title='bbox 508 1578 516 1595; x_wconf 77' lang='lat'>⁸</span> <span class='ocrx_word' id='word_1_97' title='bbox 574 1578 649 1644; x_wconf 84' lang='lat' dir='ltr'><strong>‘tem</strong></span> <span class='ocrx_word' id='word_1_98' title='bbox 676 1577 842 1664; x_wconf 85' lang='lat' dir='ltr'><strong>ferumque</strong></span> <span class='ocrx_word' id='word_1_99' title='bbox 868 1579 1000 1666; x_wconf 87' lang='lat' dir='ltr'><strong>insuper</strong></span> 
     </span>
     <span class='ocr_line' id='line_1_15' title="bbox 144 1672 1020 1760; baseline -0.006 -20"><span class='ocrx_word' id='word_1_100' title='bbox 144 1672 287 1740; x_wconf 82' lang='lat' dir='ltr'><strong>efferavit</strong></span> <span class='ocrx_word' id='word_1_101' title='bbox 312 1672 461 1760; x_wconf 82' lang='lat' dir='ltr'><strong>pontibus</strong></span> <span class='ocrx_word' id='word_1_102' title='bbox 489 1695 527 1738; x_wconf 92' lang='lat' dir='ltr'><strong>ac</strong></span> <span class='ocrx_word' id='word_1_103' title='bbox 552 1672 689 1739; x_wconf 89' lang='lat' dir='ltr'><strong>molibus</strong></span> <span class='ocrx_word' id='word_1_104' title='bbox 716 1695 757 1738; x_wconf 89' lang='lat' dir='ltr'><strong>ex</strong></span> <span class='ocrx_word' id='word_1_105' title='bbox 782 1673 994 1740; x_wconf 89' lang='lat' dir='ltr'><strong>humanorum</strong></span> <span class='ocrx_word' id='word_1_106' title='bbox 1016 1701 1020 1735; x_wconf 76' lang='lat' dir='ltr'><strong>t</strong></span> 
     </span>
    </p>
   </div>
   <div class='ocr_carea' id='block_1_3' title="bbox 94 1767 1020 2138">
    <p class='ocr_par' dir='ltr' id='par_1_3' title="bbox 94 1767 1020 2138">
     <span class='ocr_line' id='line_1_16' title="bbox 145 1767 1020 1856; baseline -0.001 -21"><span class='ocrx_word' id='word_1_107' title='bbox 145 1779 231 1835; x_wconf 84' lang='lat' dir='ltr'><strong>strue</strong></span> <span class='ocrx_word' id='word_1_108' title='bbox 248 1768 403 1834; x_wconf 78' lang='lat' dir='ltr'><strong>faciendis</strong></span> <span class='ocrx_word' id='word_1_109' title='bbox 421 1777 466 1845; x_wconf 89' lang='lat' dir='ltr'><strong>et,</strong></span> <span class='ocrx_word' id='word_1_110' title='bbox 490 1768 577 1853; x_wconf 89' lang='lat' dir='ltr'><strong>quod</strong></span> <span class='ocrx_word' id='word_1_111' title='bbox 594 1767 740 1855; x_wconf 90' lang='lat' dir='ltr'><strong>proloqui</strong></span> <span class='ocrx_word' id='word_1_112' title='bbox 758 1768 852 1834; x_wconf 82' lang='lat' dir='ltr'><strong>etiam</strong></span> <span class='ocrx_word' id='word_1_113' title='bbox 875 1768 977 1856; x_wconf 84' lang='lat' dir='ltr'><strong>piget,</strong></span> <span class='ocrx_word' id='word_1_114' title='bbox 1005 1792 1020 1834; x_wconf 78' lang='lat' dir='ltr'><strong>r</strong></span> 
     </span>
     <span class='ocr_line' id='line_1_17' title="bbox 94 1861 1020 1951; baseline -0.003 -20"><span class='ocrx_word' id='word_1_115' title='bbox 94 1884 126 1933; x_wconf 80' lang='lat'><strong>13</strong></span> <span class='ocrx_word' id='word_1_116' title='bbox 143 1862 273 1951; x_wconf 88' lang='lat' dir='ltr'><strong>poribus</strong></span> <span class='ocrx_word' id='word_1_117' title='bbox 291 1863 437 1928; x_wconf 87' lang='lat' dir='ltr'><strong>humanis</strong></span> <span class='ocrx_word' id='word_1_118' title='bbox 452 1861 603 1929; x_wconf 88' lang='lat' dir='ltr'><strong>docendo.</strong></span> <span class='ocrx_word' id='word_1_119' title='bbox 630 1862 681 1929; x_wconf 88' lang='lat' dir='ltr'><strong>his</strong></span> <span class='ocrx_word' id='word_1_120' title='bbox 694 1862 834 1928; x_wconf 84' lang='lat' dir='ltr'><strong>infandis</strong></span> <span class='ocrx_word' id='word_1_121' title='bbox 846 1873 957 1950; x_wconf 86' lang='lat' dir='ltr'><strong>pastos</strong></span> <span class='ocrx_word' id='word_1_122' title='bbox 972 1885 1020 1951; x_wconf 73' lang='lat' dir='ltr'><strong>epi</strong></span> 
     </span>
     <span class='ocr_line' id='line_1_18' title="bbox 144 1955 1016 2044; baseline -0.001 -21"><span class='ocrx_word' id='word_1_123' title='bbox 144 1956 326 2044; x_wconf 86' lang='lat' dir='ltr'><strong>contingere</strong></span> <span class='ocrx_word' id='word_1_124' title='bbox 345 1956 440 2022; x_wconf 81' lang='lat' dir='ltr'><strong>etiam</strong></span> <span class='ocrx_word' id='word_1_125' title='bbox 457 1955 548 2022; x_wconf 84' lang='lat' dir='ltr'><strong>nefas</strong></span> <span class='ocrx_word' id='word_1_126' title='bbox 567 1957 621 2035; x_wconf 89' lang='lat' dir='ltr'><strong>sit,</strong></span> <span class='ocrx_word' id='word_1_127' title='bbox 650 1957 758 2023; x_wconf 87' lang='lat' dir='ltr'><strong>videre</strong></span> <span class='ocrx_word' id='word_1_128' title='bbox 780 1967 876 2042; x_wconf 87' lang='lat' dir='ltr'><strong>atque</strong></span> <span class='ocrx_word' id='word_1_129' title='bbox 897 1957 1016 2024; x_wconf 90' lang='lat' dir='ltr'><strong>habere</strong></span> 
     </span>
     <span class='ocr_line' id='line_1_19' title="bbox 144 2048 1020 2138; baseline 0.003 -22"><span class='ocrx_word' id='word_1_130' title='bbox 144 2060 177 2117; x_wconf 86' lang='lat' dir='ltr'><strong>et</strong></span> <span class='ocrx_word' id='word_1_131' title='bbox 194 2072 234 2115; x_wconf 88' lang='lat' dir='ltr'><strong>ex</strong></span> <span class='ocrx_word' id='word_1_132' title='bbox 246 2049 360 2116; x_wconf 88' lang='lat' dir='ltr'><strong>Africa</strong></span> <span class='ocrx_word' id='word_1_133' title='bbox 377 2060 409 2115; x_wconf 83' lang='lat' dir='ltr'><strong>et</strong></span> <span class='ocrx_word' id='word_1_134' title='bbox 426 2073 445 2116; x_wconf 89' lang='lat' dir='ltr'><strong>a</strong></span> <span class='ocrx_word' id='word_1_135' title='bbox 462 2048 656 2138; x_wconf 85' lang='lat' dir='ltr'><strong>Carthagine</strong></span> <span class='ocrx_word' id='word_1_136' title='bbox 673 2052 743 2117; x_wconf 91' lang='lat' dir='ltr'><strong>iura</strong></span> <span class='ocrx_word' id='word_1_137' title='bbox 760 2054 866 2137; x_wconf 83' lang='lat' dir='ltr'><strong>petere</strong></span> <span class='ocrx_word' id='word_1_138' title='bbox 885 2062 916 2116; x_wconf 89' lang='lat' dir='ltr'><strong>et</strong></span> <span class='ocrx_word' id='word_1_139' title='bbox 933 2050 1020 2118; x_wconf 86' lang='lat' dir='ltr'><strong>Italia</strong></span> 
     </span>
    </p>
   </div>
   <div class='ocr_carea' id='block_1_4' title="bbox 95 2143 1021 4124">
    <p class='ocr_par' dir='ltr' id='par_1_4' title="bbox 144 2143 1020 2232">
     <span class='ocr_line' id='line_1_20' title="bbox 144 2143 1020 2232; baseline 0.002 -22"><span class='ocrx_word' id='word_1_140' title='bbox 144 2146 257 2211; x_wconf 90' lang='lat' dir='ltr'><strong>darum</strong></span> <span class='ocrx_word' id='word_1_141' title='bbox 274 2167 312 2211; x_wconf 93' lang='lat' dir='ltr'><strong>ac</strong></span> <span class='ocrx_word' id='word_1_142' title='bbox 320 2143 507 2211; x_wconf 89' lang='lat' dir='ltr'><strong>Maurorum</strong></span> <span class='ocrx_word' id='word_1_143' title='bbox 519 2146 585 2232; x_wconf 82' lang='lat' dir='ltr'><strong>pati</strong></span> <span class='ocrx_word' id='word_1_144' title='bbox 597 2145 793 2231; x_wconf 86' lang='lat' dir='ltr'><strong>provinciam</strong></span> <span class='ocrx_word' id='word_1_145' title='bbox 811 2167 895 2224; x_wconf 91' lang='lat' dir='ltr'><strong>esse,</strong></span> <span class='ocrx_word' id='word_1_146' title='bbox 916 2147 967 2211; x_wconf 92' lang='lat' dir='ltr'><strong>cui</strong></span> <span class='ocrx_word' id='word_1_147' title='bbox 981 2170 1020 2213; x_wconf 90' lang='lat' dir='ltr'><strong>no</strong></span> 
     </span>
    </p>

    <p class='ocr_par' dir='ltr' id='par_1_5' title="bbox 95 2239 1020 2420">
     <span class='ocr_line' id='line_1_21' title="bbox 95 2239 1020 2326; baseline -0.004 -18"><span class='ocrx_word' id='word_1_148' title='bbox 95 2260 129 2308; x_wconf 81' lang='lat'><strong>14</strong></span> <span class='ocrx_word' id='word_1_149' title='bbox 145 2239 240 2305; x_wconf 93' lang='lat' dir='ltr'><strong>modo</strong></span> <span class='ocrx_word' id='word_1_150' title='bbox 257 2240 291 2304; x_wconf 92' lang='lat' dir='ltr'><strong>in</strong></span> <span class='ocrx_word' id='word_1_151' title='bbox 308 2239 415 2318; x_wconf 76' lang='lat' dir='ltr'><strong>Italia,</strong></span> <span class='ocrx_word' id='word_1_152' title='bbox 438 2239 623 2305; x_wconf 86' lang='lat' dir='ltr'><strong>detestabile</strong></span> <span class='ocrx_word' id='word_1_153' title='bbox 642 2239 703 2305; x_wconf 82' lang='lat' dir='ltr'><strong>sit?</strong></span> <span class='ocrx_word' id='word_1_154' title='bbox 727 2239 895 2326; x_wconf 91' lang='lat' dir='ltr'><strong>pulchrum</strong></span> <span class='ocrx_word' id='word_1_155' title='bbox 918 2241 991 2318; x_wconf 90' lang='lat' dir='ltr'><strong>erit,</strong></span> <span class='ocrx_word' id='word_1_156' title='bbox 1018 2256 1020 2289; x_wconf 82' lang='lat'><strong>¹</strong></span> 
     </span>
     <span class='ocr_line' id='line_1_22' title="bbox 144 2332 1020 2420; baseline -0.001 -21"><span class='ocrx_word' id='word_1_157' title='bbox 144 2332 327 2420; x_wconf 88' lang='lat' dir='ltr'><strong>prolapsum</strong></span> <span class='ocrx_word' id='word_1_158' title='bbox 350 2333 439 2399; x_wconf 87' lang='lat' dir='ltr'><strong>clade</strong></span> <span class='ocrx_word' id='word_1_159' title='bbox 456 2333 637 2400; x_wconf 88' lang='lat' dir='ltr'><strong>Romanum</strong></span> <span class='ocrx_word' id='word_1_160' title='bbox 659 2334 827 2420; x_wconf 89' lang='lat' dir='ltr'><strong>imperium</strong></span> <span class='ocrx_word' id='word_1_161' title='bbox 844 2343 951 2400; x_wconf 81' lang='lat' dir='ltr'><strong>vestra</strong></span> <span class='ocrx_word' id='word_1_162' title='bbox 968 2336 1020 2400; x_wconf 69' lang='lat' dir='ltr'><strong>fid&lt;</strong></span> 
     </span>
    </p>

    <p class='ocr_par' dir='ltr' id='par_1_6' title="bbox 95 2429 1020 2872">
     <span class='ocr_line' id='line_1_23' title="bbox 95 2429 1020 2517; baseline -0.004 -19"><span class='ocrx_word' id='word_1_163' title='bbox 95 2450 128 2498; x_wconf 78' lang='lat'><strong>15</strong></span> <span class='ocrx_word' id='word_1_164' title='bbox 145 2429 265 2496; x_wconf 81' lang='lat' dir='ltr'><strong>viribus</strong></span> <span class='ocrx_word' id='word_1_165' title='bbox 283 2437 439 2495; x_wconf 87' lang='lat' dir='ltr'><strong>retentum</strong></span> <span class='ocrx_word' id='word_1_166' title='bbox 458 2451 496 2495; x_wconf 91' lang='lat' dir='ltr'><strong>ac</strong></span> <span class='ocrx_word' id='word_1_167' title='bbox 513 2438 733 2516; x_wconf 89' lang='lat' dir='ltr'><strong>recuperatum</strong></span> <span class='ocrx_word' id='word_1_168' title='bbox 746 2451 827 2494; x_wconf 85' lang='lat' dir='ltr'><strong>esse.</strong></span> <span class='ocrx_word' id='word_1_169' title='bbox 854 2430 985 2517; x_wconf 84' lang='lat' dir='ltr'><strong>triginta</strong></span> <span class='ocrx_word' id='word_1_170' title='bbox 997 2454 1020 2494; x_wconf 91' lang='lat' dir='ltr'><strong>n</strong></span> 
     </span>
     <span class='ocr_line' id='line_1_24' title="bbox 144 2521 1020 2610; baseline 0 -21"><span class='ocrx_word' id='word_1_171' title='bbox 144 2533 227 2603; x_wconf 88' lang='lat' dir='ltr'><strong>tum,</strong></span> <span class='ocrx_word' id='word_1_172' title='bbox 246 2532 394 2608; x_wconf 86' lang='lat' dir='ltr'><strong>quattuor</strong></span> <span class='ocrx_word' id='word_1_173' title='bbox 411 2523 552 2607; x_wconf 88' lang='lat' dir='ltr'><strong>equitum</strong></span> <span class='ocrx_word' id='word_1_174' title='bbox 571 2523 703 2588; x_wconf 89' lang='lat' dir='ltr'><strong>arbitror</strong></span> <span class='ocrx_word' id='word_1_175' title='bbox 721 2543 761 2588; x_wconf 83' lang='lat' dir='ltr'><strong>ex</strong></span> <span class='ocrx_word' id='word_1_176' title='bbox 776 2521 953 2610; x_wconf 88' lang='lat' dir='ltr'><strong>Campania</strong></span> <span class='ocrx_word' id='word_1_177' title='bbox 971 2547 1020 2590; x_wconf 89' lang='lat' dir='ltr'><strong>scr</strong></span> 
     </span>
     <span class='ocr_line' id='line_1_25' title="bbox 143 2616 1020 2704; baseline -0.001 -20"><span class='ocrx_word' id='word_1_178' title='bbox 143 2619 208 2684; x_wconf 91' lang='lat' dir='ltr'><strong>iam</strong></span> <span class='ocrx_word' id='word_1_179' title='bbox 226 2619 378 2704; x_wconf 88' lang='lat' dir='ltr'><strong>pecuniae</strong></span> <span class='ocrx_word' id='word_1_180' title='bbox 397 2616 529 2683; x_wconf 82' lang='lat' dir='ltr'><strong>adfatim</strong></span> <span class='ocrx_word' id='word_1_181' title='bbox 547 2628 595 2684; x_wconf 87' lang='lat' dir='ltr'><strong>est</strong></span> <span class='ocrx_word' id='word_1_182' title='bbox 612 2617 834 2702; x_wconf 83' lang='lat' dir='ltr'><strong>frumentique.</strong></span> <span class='ocrx_word' id='word_1_183' title='bbox 871 2618 899 2684; x_wconf 85' lang='lat' dir='ltr'><strong>si</strong></span> <span class='ocrx_word' id='word_1_184' title='bbox 916 2640 1020 2704; x_wconf 88' lang='lat' dir='ltr'><strong>parem</strong></span> 
     </span>
     <span class='ocr_line' id='line_1_26' title="bbox 144 2711 1020 2790; baseline 0.002 -14"><span class='ocrx_word' id='word_1_185' title='bbox 144 2721 268 2777; x_wconf 85' lang='lat' dir='ltr'><strong>vestrae</strong></span> <span class='ocrx_word' id='word_1_186' title='bbox 286 2711 382 2777; x_wconf 90' lang='lat' dir='ltr'><strong>fidem</strong></span> <span class='ocrx_word' id='word_1_187' title='bbox 398 2711 536 2790; x_wconf 83' lang='lat' dir='ltr'><strong>habetis,</strong></span> <span class='ocrx_word' id='word_1_188' title='bbox 554 2734 613 2782; x_wconf 86' lang='lat' dir='ltr'><strong>nec</strong></span> <span class='ocrx_word' id='word_1_189' title='bbox 627 2711 790 2777; x_wconf 88' lang='lat' dir='ltr'><strong>Hannibal</strong></span> <span class='ocrx_word' id='word_1_190' title='bbox 808 2735 842 2778; x_wconf 88' lang='lat' dir='ltr'><strong>se</strong></span> <span class='ocrx_word' id='word_1_191' title='bbox 860 2713 977 2778; x_wconf 85' lang='lat' dir='ltr'><strong>vicisse</strong></span> <span class='ocrx_word' id='word_1_192' title='bbox 997 2737 1020 2778; x_wconf 67' lang='lat' dir='ltr'><strong>st</strong></span> 
     </span>
     <span class='ocr_line' id='line_1_27' title="bbox 145 2805 510 2872; baseline -0.003 0"><span class='ocrx_word' id='word_1_193' title='bbox 145 2805 283 2872; x_wconf 88' lang='lat' dir='ltr'><strong>Romani</strong></span> <span class='ocrx_word' id='word_1_194' title='bbox 300 2806 400 2871; x_wconf 85' lang='lat' dir='ltr'><strong>victos</strong></span> <span class='ocrx_word' id='word_1_195' title='bbox 420 2805 510 2872; x_wconf 65' lang='lat' dir='ltr'><strong>esse!</strong></span> 
     </span>
    </p>

    <p class='ocr_par' dir='ltr' id='par_1_7' title="bbox 114 2898 1020 3271">
     <span class='ocr_line' id='line_1_28' title="bbox 114 2898 1020 2968; baseline -0.001 -1"><span class='ocrx_word' id='word_1_196' title='bbox 114 2921 127 2967; x_wconf 95' lang='lat'>1</span> <span class='ocrx_word' id='word_1_197' title='bbox 211 2898 270 2966; x_wconf 89' lang='lat' dir='ltr'><strong>VI.</strong></span> <span class='ocrx_word' id='word_1_198' title='bbox 315 2898 389 2965; x_wconf 88' lang='lat' dir='ltr'><strong>Hac</strong></span> <span class='ocrx_word' id='word_1_199' title='bbox 416 2901 554 2968; x_wconf 85' lang='lat' dir='ltr'><strong>oratione</strong></span> <span class='ocrx_word' id='word_1_200' title='bbox 582 2901 720 2967; x_wconf 89' lang='lat' dir='ltr'><strong>consulis</strong></span> <span class='ocrx_word' id='word_1_201' title='bbox 748 2901 887 2967; x_wconf 89' lang='lat' dir='ltr'><strong>dimissis</strong></span> <span class='ocrx_word' id='word_1_202' title='bbox 915 2902 1020 2967; x_wconf 78' lang='lat' dir='ltr'><strong>reden]</strong></span> 
     </span>
     <span class='ocr_line' id='line_1_29' title="bbox 146 2994 1020 3082; baseline 0.002 -24"><span class='ocrx_word' id='word_1_203' title='bbox 146 2995 275 3061; x_wconf 92' lang='lat' dir='ltr'><strong>domum</strong></span> <span class='ocrx_word' id='word_1_204' title='bbox 293 2994 406 3081; x_wconf 86' lang='lat' dir='ltr'><strong>legatis</strong></span> <span class='ocrx_word' id='word_1_205' title='bbox 424 3016 506 3061; x_wconf 90' lang='lat' dir='ltr'><strong>unus</strong></span> <span class='ocrx_word' id='word_1_206' title='bbox 525 3017 565 3060; x_wconf 88' lang='lat' dir='ltr'><strong>ex</strong></span> <span class='ocrx_word' id='word_1_207' title='bbox 582 2996 632 3061; x_wconf 88' lang='lat' dir='ltr'><strong>his</strong></span> <span class='ocrx_word' id='word_1_208' title='bbox 646 2995 760 3062; x_wconf 90' lang='lat' dir='ltr'><strong>Vibius</strong></span> <span class='ocrx_word' id='word_1_209' title='bbox 771 2994 895 3061; x_wconf 89' lang='lat' dir='ltr'><strong>Virrius</strong></span> <span class='ocrx_word' id='word_1_210' title='bbox 914 3005 1020 3082; x_wconf 86' lang='lat' dir='ltr'><strong>tempu</strong></span> 
     </span>
     <span class='ocr_line' id='line_1_30' title="bbox 146 3087 1009 3177; baseline 0.001 -23"><span class='ocrx_word' id='word_1_211' title='bbox 146 3089 203 3168; x_wconf 86' lang='lat' dir='ltr'><strong>ait,</strong></span> <span class='ocrx_word' id='word_1_212' title='bbox 223 3111 286 3174; x_wconf 89' lang='lat' dir='ltr'><strong>quo</strong></span> <span class='ocrx_word' id='word_1_213' title='bbox 300 3087 457 3175; x_wconf 89' lang='lat' dir='ltr'><strong>Campani</strong></span> <span class='ocrx_word' id='word_1_214' title='bbox 473 3111 538 3155; x_wconf 91' lang='lat' dir='ltr'><strong>non</strong></span> <span class='ocrx_word' id='word_1_215' title='bbox 556 3111 668 3177; x_wconf 81' lang='lat' dir='ltr'><strong>agrum</strong></span> <span class='ocrx_word' id='word_1_216' title='bbox 687 3089 787 3155; x_wconf 91' lang='lat' dir='ltr'><strong>solum</strong></span> <span class='ocrx_word' id='word_1_217' title='bbox 801 3088 841 3155; x_wconf 90' lang='lat' dir='ltr'><strong>ab</strong></span> <span class='ocrx_word' id='word_1_218' title='bbox 854 3088 1009 3156; x_wconf 88' lang='lat' dir='ltr'><strong>Romanis</strong></span> 
     </span>
     <span class='ocr_line' id='line_1_31' title="bbox 145 3184 1020 3271; baseline -0.001 -22"><span class='ocrx_word' id='word_1_219' title='bbox 145 3207 203 3270; x_wconf 90' lang='lat' dir='ltr'><strong>per</strong></span> <span class='ocrx_word' id='word_1_220' title='bbox 232 3184 377 3250; x_wconf 89' lang='lat' dir='ltr'><strong>iniuriam</strong></span> <span class='ocrx_word' id='word_1_221' title='bbox 408 3184 591 3271; x_wconf 82' lang='lat' dir='ltr'><strong>ademptum</strong></span> <span class='ocrx_word' id='word_1_222' title='bbox 616 3206 814 3271; x_wconf 87' lang='lat' dir='ltr'><strong>recuperare,</strong></span> <span class='ocrx_word' id='word_1_223' title='bbox 847 3184 904 3249; x_wconf 86' lang='lat' dir='ltr'><strong>sed</strong></span> <span class='ocrx_word' id='word_1_224' title='bbox 929 3184 1020 3270; x_wconf 91' lang='lat' dir='ltr'><strong>impe:</strong></span> 
     </span>
    </p>

    <p class='ocr_par' dir='ltr' id='par_1_8' title="bbox 113 3277 1020 3648">
     <span class='ocr_line' id='line_1_32' title="bbox 113 3277 1020 3364; baseline -0.001 -19"><span class='ocrx_word' id='word_1_225' title='bbox 113 3298 128 3345; x_wconf 81' lang='lat'><strong>2</strong></span> <span class='ocrx_word' id='word_1_226' title='bbox 146 3277 257 3343; x_wconf 81' lang='lat' dir='ltr'><strong>Italiae</strong></span> <span class='ocrx_word' id='word_1_227' title='bbox 274 3277 369 3364; x_wconf 86' lang='lat' dir='ltr'><strong>potiri</strong></span> <span class='ocrx_word' id='word_1_228' title='bbox 385 3278 518 3364; x_wconf 85' lang='lat' dir='ltr'><strong>possint.</strong></span> <span class='ocrx_word' id='word_1_229' title='bbox 545 3277 658 3343; x_wconf 85' lang='lat' dir='ltr'><strong>foedus</strong></span> <span class='ocrx_word' id='word_1_230' title='bbox 678 3279 760 3343; x_wconf 91' lang='lat' dir='ltr'><strong>enim</strong></span> <span class='ocrx_word' id='word_1_231' title='bbox 780 3300 852 3343; x_wconf 90' lang='lat' dir='ltr'><strong>oum</strong></span> <span class='ocrx_word' id='word_1_232' title='bbox 865 3277 1020 3344; x_wconf 84' lang='lat' dir='ltr'><strong>Hanniba</strong></span> 
     </span>
     <span class='ocr_line' id='line_1_33' title="bbox 146 3370 1020 3460; baseline 0.002 -23"><span class='ocrx_word' id='word_1_233' title='bbox 146 3372 244 3438; x_wconf 82' lang='lat' dir='ltr'><strong>velint</strong></span> <span class='ocrx_word' id='word_1_234' title='bbox 264 3370 389 3460; x_wconf 83' lang='lat' dir='ltr'><strong>legibus</strong></span> <span class='ocrx_word' id='word_1_235' title='bbox 411 3371 565 3451; x_wconf 83' lang='lat' dir='ltr'><strong>facturos,</strong></span> <span class='ocrx_word' id='word_1_236' title='bbox 592 3395 694 3458; x_wconf 89' lang='lat' dir='ltr'><strong>neque</strong></span> <span class='ocrx_word' id='word_1_237' title='bbox 718 3373 963 3439; x_wconf 81' lang='lat' dir='ltr'><strong>controversiam</strong></span> <span class='ocrx_word' id='word_1_238' title='bbox 986 3373 1020 3439; x_wconf 85' lang='lat' dir='ltr'><strong>fo</strong></span> 
     </span>
     <span class='ocr_line' id='line_1_34' title="bbox 147 3466 1020 3552; baseline 0.002 -20"><span class='ocrx_word' id='word_1_239' title='bbox 147 3467 305 3552; x_wconf 90' lang='lat' dir='ltr'><strong>cumipse</strong></span> <span class='ocrx_word' id='word_1_240' title='bbox 323 3466 466 3533; x_wconf 82' lang='lat' dir='ltr'><strong>confecto</strong></span> <span class='ocrx_word' id='word_1_241' title='bbox 485 3466 567 3533; x_wconf 93' lang='lat' dir='ltr'><strong>bello</strong></span> <span class='ocrx_word' id='word_1_242' title='bbox 585 3466 747 3534; x_wconf 86' lang='lat' dir='ltr'><strong>Hannibal</strong></span> <span class='ocrx_word' id='word_1_243' title='bbox 765 3468 915 3533; x_wconf 86' lang='lat' dir='ltr'><strong>victorin</strong></span> <span class='ocrx_word' id='word_1_244' title='bbox 928 3466 1020 3534; x_wconf 83' lang='lat' dir='ltr'><strong>Afric</strong></span> 
     </span>
     <span class='ocr_line' id='line_1_35' title="bbox 146 3560 1020 3648; baseline 0.002 -22"><span class='ocrx_word' id='word_1_245' title='bbox 146 3561 200 3627; x_wconf 85' lang='lat' dir='ltr'><strong>dat</strong></span> <span class='ocrx_word' id='word_1_246' title='bbox 228 3560 462 3646; x_wconf 85' lang='lat' dir='ltr'><strong>exercitumque</strong></span> <span class='ocrx_word' id='word_1_247' title='bbox 488 3562 643 3648; x_wconf 85' lang='lat' dir='ltr'><strong>deportet,</strong></span> <span class='ocrx_word' id='word_1_248' title='bbox 674 3561 786 3628; x_wconf 88' lang='lat' dir='ltr'><strong>Italiae</strong></span> <span class='ocrx_word' id='word_1_249' title='bbox 812 3562 981 3648; x_wconf 91' lang='lat' dir='ltr'><strong>imperium</strong></span> <span class='ocrx_word' id='word_1_250' title='bbox 1009 3563 1020 3627; x_wconf 78' lang='lat' dir='ltr'><strong>l</strong></span> 
     </span>
    </p>

    <p class='ocr_par' dir='ltr' id='par_1_9' title="bbox 113 3653 1020 3837">
     <span class='ocr_line' id='line_1_36' title="bbox 113 3653 1020 3741; baseline 0 -19"><span class='ocrx_word' id='word_1_251' title='bbox 113 3655 348 3739; x_wconf 78' lang='lat' dir='ltr'><strong>arelinquatur.</strong></span> <span class='ocrx_word' id='word_1_252' title='bbox 393 3655 471 3721; x_wconf 90' lang='lat' dir='ltr'><strong>haec</strong></span> <span class='ocrx_word' id='word_1_253' title='bbox 492 3653 597 3723; x_wconf 92' lang='lat' dir='ltr'><strong>Virrio</strong></span> <span class='ocrx_word' id='word_1_254' title='bbox 623 3656 764 3741; x_wconf 85' lang='lat' dir='ltr'><strong>loquenti</strong></span> <span class='ocrx_word' id='word_1_255' title='bbox 786 3655 914 3723; x_wconf 89' lang='lat' dir='ltr'><strong>adsensi</strong></span> <span class='ocrx_word' id='word_1_256' title='bbox 936 3679 1020 3722; x_wconf 70' lang='lat' dir='ltr'><strong>omn&lt;</strong></span> 
     </span>
     <span class='ocr_line' id='line_1_37' title="bbox 146 3749 1020 3837; baseline 0.005 -23"><span class='ocrx_word' id='word_1_257' title='bbox 146 3750 291 3815; x_wconf 84' lang='lat' dir='ltr'><strong>nuntiant</strong></span> <span class='ocrx_word' id='word_1_258' title='bbox 303 3749 506 3837; x_wconf 83' lang='lat' dir='ltr'><strong>legationem,</strong></span> <span class='ocrx_word' id='word_1_259' title='bbox 525 3752 570 3815; x_wconf 82' lang='lat' dir='ltr'><strong>uti</strong></span> <span class='ocrx_word' id='word_1_260' title='bbox 583 3750 720 3816; x_wconf 88' lang='lat' dir='ltr'><strong>deletum</strong></span> <span class='ocrx_word' id='word_1_261' title='bbox 735 3750 881 3818; x_wconf 90' lang='lat' dir='ltr'><strong>omnibus</strong></span> <span class='ocrx_word' id='word_1_262' title='bbox 895 3752 1020 3818; x_wconf 76' lang='lat' dir='ltr'><strong>videret</strong></span> 
     </span>
    </p>

    <p class='ocr_par' dir='ltr' id='par_1_10' title="bbox 112 3842 1020 3934">
     <span class='ocr_line' id='line_1_38' title="bbox 112 3842 1020 3934; baseline 0.002 -24"><span class='ocrx_word' id='word_1_263' title='bbox 112 3864 130 3910; x_wconf 84' lang='lat'>4</span> <span class='ocrx_word' id='word_1_264' title='bbox 146 3842 336 3909; x_wconf 86' lang='lat' dir='ltr'><strong>Romanum.</strong></span> <span class='ocrx_word' id='word_1_265' title='bbox 364 3845 520 3931; x_wconf 87' lang='lat' dir='ltr'><strong>extemplo</strong></span> <span class='ocrx_word' id='word_1_266' title='bbox 533 3844 642 3932; x_wconf 91' lang='lat' dir='ltr'><strong>plebes</strong></span> <span class='ocrx_word' id='word_1_267' title='bbox 657 3844 697 3910; x_wconf 89' lang='lat' dir='ltr'><strong>ad</strong></span> <span class='ocrx_word' id='word_1_268' title='bbox 711 3845 920 3913; x_wconf 83' lang='lat' dir='ltr'><strong>defectionem</strong></span> <span class='ocrx_word' id='word_1_269' title='bbox 934 3867 971 3912; x_wconf 90' lang='lat' dir='ltr'><strong>ac</strong></span> <span class='ocrx_word' id='word_1_270' title='bbox 989 3869 1020 3934; x_wconf 80' lang='lat' dir='ltr'><strong>pr</strong></span> 
     </span>
    </p>

    <p class='ocr_par' dir='ltr' id='par_1_11' title="bbox 114 3940 1021 4124">
     <span class='ocr_line' id='line_1_39' title="bbox 114 3940 1004 4026; baseline 0.001 -20"><span class='ocrx_word' id='word_1_271' title='bbox 114 3959 130 4006; x_wconf 81' lang='lat' dir='ltr'><strong>s</strong></span> <span class='ocrx_word' id='word_1_272' title='bbox 148 3946 276 4004; x_wconf 87' lang='lat' dir='ltr'><strong>senatus</strong></span> <span class='ocrx_word' id='word_1_273' title='bbox 295 3949 445 4026; x_wconf 84' lang='lat' dir='ltr'><strong>spectare.</strong></span> <span class='ocrx_word' id='word_1_274' title='bbox 487 3949 625 4006; x_wconf 83' lang='lat' dir='ltr'><strong>extracta</strong></span> <span class='ocrx_word' id='word_1_275' title='bbox 642 3950 747 4006; x_wconf 76' lang='lat' dir='ltr'><strong>tamen</strong></span> <span class='ocrx_word' id='word_1_276' title='bbox 765 3940 1004 4008; x_wconf 83' lang='lat' dir='ltr'><strong>auctoritatibus</strong></span> 
     </span>
     <span class='ocr_line' id='line_1_40' title="bbox 145 4035 1021 4124; baseline 0 -21"><span class='ocrx_word' id='word_1_277' title='bbox 145 4054 204 4121; x_wconf 84' lang='lat' dir='ltr'><strong>per</strong></span> <span class='ocrx_word' id='word_1_278' title='bbox 219 4056 338 4122; x_wconf 89' lang='lat' dir='ltr'><strong>paucos</strong></span> <span class='ocrx_word' id='word_1_279' title='bbox 352 4035 419 4103; x_wconf 90' lang='lat' dir='ltr'><strong>dies</strong></span> <span class='ocrx_word' id='word_1_280' title='bbox 433 4045 481 4105; x_wconf 87' lang='lat' dir='ltr'><strong>est</strong></span> <span class='ocrx_word' id='word_1_281' title='bbox 492 4059 553 4104; x_wconf 87' lang='lat' dir='ltr'><strong>res.</strong></span> <span class='ocrx_word' id='word_1_282' title='bbox 579 4044 739 4124; x_wconf 91' lang='lat' dir='ltr'><strong>postremo</strong></span> <span class='ocrx_word' id='word_1_283' title='bbox 754 4037 850 4103; x_wconf 90' lang='lat' dir='ltr'><strong>vincit</strong></span> <span class='ocrx_word' id='word_1_284' title='bbox 864 4036 1021 4103; x_wconf 84' lang='lat' dir='ltr'><strong>sententia</strong></span> 
     </span>
    </p>
   </div>
   <div class='ocr_carea' id='block_1_5' title="bbox 0 0 1268 4514">
    <p class='ocr_par' dir='ltr' id='par_1_12' title="bbox 0 0 1268 4514">
     <span class='ocr_line' id='line_1_41' title="bbox 0 0 1268 4514; baseline 0 0"><span class='ocrx_word' id='word_1_285' title='bbox 0 0 1268 4514; x_wconf 95' lang='lat' dir='ltr'><strong> </strong></span> 
     </span>
    </p>
   </div>
  </div>
 </body>
</html>
