2528 4514
126 243 148 311 8
381 249 500 307 amaa
516 248 603 322 xxr,
622 251 647 307 a.
661 250 703 305 10.
724 248 904 320 [aueum]

126 413 209 491 tinia,
229 412 303 496 quia
319 418 442 496 praeter
456 431 545 494 spem
559 407 748 485 resisterent,
768 407 941 479 crevissent
955 407 1065 487 animi,
1082 407 1129 487 Pp

92 528 107 576 2
125 530 196 586 nus,
216 506 372 591 quianon
390 503 532 581 vicisset,
550 525 607 588 pro
625 502 708 567 vieto
727 511 825 580 esset,
844 501 1017 576 clamorem
1035 526 1129 590 repca

127 601 277 688 oppidani
293 599 406 667 tollunt
423 597 612 682 hostemque
628 597 664 662 in
680 597 788 670 minas
801 597 884 669 muri
896 597 1072 683 expellunt,
1090 599 1129 664 in<

125 696 301 782 inpeditum
319 693 589 778 trepidantemque
606 691 785 770 exturbant,
803 701 965 778 pestremo
981 691 1129 775 {usumfi

125 801 297 876 gatumqus
314 787 348 859 ie
366 797 469 855 castra
486 786 642 873 redigunt.

92 906 107 955 e
190 882 320 953 Interim
338 881 379 951 ab
397 881 501 949 Roma
517 881 640 968 legatos
658 881 785 950 venisse
802 881 982 953 nuntiatura
1001 893 1061 949 est
1092 906 1129 969 qn

126 977 187 1043 bus
205 975 332 1046 obviam
349 976 390 1045 ad
407 998 494 1043 mare
512 976 602 1043 missi
615 975 656 1045 ab
669 974 851 1043 Hannibale
865 976 920 1061 qui
932 975 1084 1056 dicerent,
1101 999 1129 1047 ur

126 1079 194 1136 tuto
212 1093 266 1136 eos
285 1071 423 1139 edituros
440 1071 523 1137 inter
540 1079 586 1136 tot
604 1080 669 1139 tam
683 1069 905 1145 effrenatarum
917 1071 1062 1159 gentium
1075 1094 1129 1143 arte

126 1186 185 1231 nec
197 1164 372 1233 Hannibali
388 1165 422 1231 in
440 1173 526 1232 tante
538 1165 719 1233 discrimine
731 1186 836 1231 rerum
854 1186 968 1250 operae
986 1187 1059 1233 osae
1075 1166 1129 1253 lagi

92 1283 109 1328 4
127 1260 228 1327 tiones
247 1260 365 1327 audire.
397 1259 569 1345 apparebat
586 1281 650 1325 non
668 1259 824 1329 admissos
844 1257 1073 1346 Carthaginem
1088 1263 1129 1347 pri

126 1355 211 1424 tinus
234 1356 342 1423 ituros.
378 1354 498 1423 litteras
520 1354 617 1440 igitur
637 1354 827 1438 nuntiosque
849 1355 891 1421 ad
913 1355 1073 1442 principes
1092 1354 1129 1435 iar

126 1450 220 1516 tionis
233 1449 388 1517 Barcinae
400 1449 580 1535 praemittit,
599 1457 634 1517 ut
645 1457 867 1535 praeponerent
885 1471 1016 1515 suorum
1030 1450 1129 1521 anima

125 1566 167 1613 ne
184 1544 260 1627 quid
278 1567 351 1629 pars
369 1542 467 1609 altera
483 1541 652 1630 gratificari
668 1543 786 1629 populo
804 1542 950 1614 Romano
968 1554 1086 1629 posset.

95 1659 107 1704 1
190 1636 236 1703 X.
273 1637 385 1721 Itaque
402 1646 621 1723 praeterquam
639 1637 725 1720 quod
743 1636 873 1709 admissi
896 1637 1060 1723 auditique
1077 1659 1129 1709 aaa

92 1753 107 1801 a
127 1753 165 1801 ea
182 1753 308 1816 quoque
326 1755 409 1797 vana
426 1741 521 1816 atque
537 1731 631 1797 inrita
644 1731 760 1817 legatio
778 1731 848 1798 fuit.
875 1731 995 1801 Hanno
1009 1730 1129 1804 unnsri

127 1847 239 1895 versus
263 1835 407 1895 senatum
429 1847 557 1892 oausam
579 1825 716 1893 foederis
738 1848 856 1919 magno
884 1827 1009 1896 silentio
1036 1834 1129 1915 propit

93 1939 108 1987 a
127 1919 346 1985 aucwmtatem
363 1943 462 1997 suam,
481 1941 545 1985 non
558 1941 631 1985 cum
644 1920 783 1992 adsensu
800 1921 994 1989 audientium
1009 1922 1087 2009 egita
1101 1938 1129 2007 pt

126 2014 204 2084 deos
222 2012 386 2084 foederum
404 2013 536 2081 arbitros
555 2035 592 2079 ao
610 2014 699 2085 testis
713 2016 883 2093 monuisse,
902 2015 1129 2102 ρωάἰκὶεωι

126 2128 167 2171 ne
180 2106 372 2178 Hamilcaris
385 2108 569 2194 progeniem
583 2107 624 2173 ad
637 2109 808 2183 exereitum
822 2109 990 2180 mitterent
1018 2133 1082 2176 nen
1092 2128 1129 2181 rat

127 2222 199 2278 nes,
226 2223 291 2266 non
313 2202 442 2287 stirpem
469 2202 536 2269 eius
564 2203 785 2286 conquiescere
815 2203 888 2281 viri,
915 2226 975 2271 nec
1001 2222 1129 2289 umqum

127 2294 227 2367 donee
250 2296 413 2382 sanguinis
439 2297 638 2381 nominisque
661 2296 789 2367 Barcini
819 2298 988 2382 quisquan
1017 2294 1129 2386 superni

93 2410 110 2455 4
128 2389 271 2473 quietura
288 2390 433 2463 Romam
451 2391 588 2457 foedera.
627 2392 787 2464 ‘iuvenem
810 2392 997 2480 fiagrantem
1016 2392 1129 2480 cupid'n

126 2485 215 2570 regui
238 2486 386 2569 viamque
408 2508 503 2550 unam
526 2486 568 2551 ad
589 2486 623 2550 id
642 2495 834 2563 cernentem,
862 2488 889 2552 si
912 2509 952 2552 ex
969 2487 1062 2559 bellis
1079 2482 1129 2559 bal

127 2579 259 2644 serendo
278 2579 456 2645 succinctus
475 2581 570 2645 armis
588 2580 829 2667 legionibusque
848 2582 943 2660 vivat,
964 2582 1052 2664 velut
1064 2588 1129 2655 [aab

126 2672 205 2737 riam
227 2673 295 2758 igni
316 2673 502 2758 praebentes
525 2674 566 2741 ad
589 2674 744 2740 exercitus
767 2675 907 2746 misistis.
945 2675 1068 2749 aluistis
1083 2692 1129 2783 erp

94 2784 108 2830 5
126 2763 188 2829 hoc
204 2766 399 2843 incendium,
427 2789 488 2850 qno
506 2790 590 2832 nunc
608 2769 734 2833 ardetis.
780 2766 961 2855 Saguntum
983 2770 1080 2841 vestri
1098 2786 1129 2841 ea

128 2859 311 2923 eumsedent
329 2860 494 2938 exereitus,
513 2862 597 2927 unde
614 2871 760 2933 areentur
777 2862 913 2941 foedere,
932 2885 1009 2936 mex
1029 2860 1129 2933 canta

94 2951 234 3113 6{agrem
256 2953 530 3114 circumsedebunlq
550 2955 880 3123 llliomantaofleglienes
902 2957 1038 3123 diclids
1055 2956 1129 3121 dlx

173 3069 198 3125 s,
216 3069 273 3133 per
291 3070 370 3133 quos
411 3071 491 3116 nore
532 3073 550 3115 e
574 3073 703 3137 orupa
736 3074 773 3118 oe
797 3074 850 3118 era
868 3075 929 3119 sun
1020 3101 1027 3117 .

126 3140 250 3207 hostem
277 3166 318 3213 an
339 3072 410 3213 vesp
419 3166 460 3209 an
486 3144 646 3210 fortunam
670 3146 833 3229 utriusque
855 3146 965 3233 populi
990 3142 1129 3233 ignorate

126 3234 248 3321 legatos
266 3236 307 3302 ab
326 3238 420 3305 sociis
439 3247 470 3303 et
487 3260 544 3323 pro
568 3240 662 3306 sociis
685 3241 847 3309 venientes
870 3240 973 3307 bonus
990 3242 1129 3327 imperata

126 3339 231 3395 vester
243 3330 277 3395 in
291 3342 393 3400 casua
406 3355 471 3399 non
485 3333 622 3412 admisit,
637 3335 686 3400 ius
700 3336 843 3422 gentium
852 3335 993 3415 sustulit3
1012 3336 1046 3400 bi
1055 3346 1129 3403 nn!

126 3424 211 3489 unde
227 3448 268 3489 ne
286 3425 424 3497 hostium
442 3428 568 3512 quidem
587 3428 684 3519 legati
701 3440 847 3497 arcentur
867 3429 952 3516 pulsi
970 3429 1012 3497 ad
1029 3452 1084 3506 nos
1098 3442 1129 3495 a

126 3529 252 3597 nerum,
269 3543 321 3587 res
340 3543 380 3589 ex
397 3522 525 3589 foedere
542 3532 739 3609 repetuntur3
762 3523 891 3610 publica
908 3524 997 3595 fraus
1016 3523 1094 3593 absit
1106 3550 1129 3581 -r

94 3634 108 3680 r
127 3624 286 3686 auctorem
305 3615 416 3702 culpae
434 3627 571 3687 stream
594 3619 732 3690 criminis
755 3619 939 3704 deposcunt.
976 3641 1039 3704 quo
1056 3613 1129 3684 lenia

127 3718 234 3791 agunt,
254 3711 383 3797 segnius
396 3711 558 3797 incipiunt,
578 3735 624 3791 eo,
645 3735 718 3784 oum
727 3715 893 3799 coeperint,
913 3724 1129 3796 vereorncpte

129 3804 320 3871 severantius
335 3805 484 3872 saeviant.
511 3805 646 3894 Aegatis
660 3808 779 3875 insulas
787 3808 990 3896 Erycemque
1003 3817 1129 3874 anteon!

127 3893 175 3958 los
192 3898 371 3983 proponite,
395 3922 475 3985 quae
494 3910 575 3993 terra
596 3902 737 3986 marique
754 3925 811 3989 per
829 3913 976 3988 quattuor
997 3913 1029 3971 et
1045 3887 1129 3986 sigini

94 4005 109 4056 a
128 4009 227 4055 annos
245 3993 334 4076 passi
352 3993 429 4061 sitis.
465 4015 524 4061 neo
540 4017 620 4082 puer
636 3995 688 4061 hie
709 3996 775 4063 dux
797 4008 878 4078 erat,
906 3999 962 4067 sed
983 4007 1069 4087 pater
1082 3994 1129 4078 lpffl
