2528 4514
261 235 379 290 mana
396 235 495 305 Χιιττ,
513 235 612 291 saco
633 235 786 306 [scara]
981 223 1044 289 109

67 417 91 439 ·
152 388 252 456 relictui
268 392 345 457 sitis.
390 391 492 478 Pyrro
515 394 674 472 videlicet,
703 395 757 479 qui
778 393 866 480 (vos)
883 394 1044 482 hospitum
1063 415 1096 462 14

125 512 166 540 u·
183 486 301 571 captivos
319 485 443 566 habuit,
463 511 504 552 an
521 487 654 555 barbaro
672 510 710 554 ac
723 487 848 567 Poeno,
867 489 923 573 qui
939 499 1044 554 utrum

115 631 116 634 τ
127 608 149 635 ιι
175 601 205 644 an
218 580 365 647 crudelior
383 582 437 660 sit,
460 582 515 647 vix
533 582 704 648 existimari
721 583 845 670 potest?
866 585 894 649 si
911 583 1044 649 videatis
1065 602 1097 651 15

125 707 174 751 ,
188 675 366 759 squalorem,
386 676 617 742 deformitatem
634 677 750 743 civium
769 689 958 758 vestrorum,
980 701 1046 744 non

118 794 146 821 ιε
159 769 276 852 profecto
294 792 353 835 vos
373 792 411 836 ea
430 772 550 857 species
569 782 695 838 moveat
716 796 812 857 quam
835 773 863 839 si
886 795 926 838 ex
947 771 1045 838 altera

145 864 247 929 cernatis
261 873 375 930 stratas
387 864 608 932 Cannensibus
624 868 744 952 campis
756 866 897 955 legiones
911 879 1043 933 vestras.
1211 948 1214 953 1

146 955 273 1042 'potestis
292 959 533 1026 sollicitudinem
551 972 583 1026 et
600 961 746 1027 lacrimas
764 962 798 1027 in
815 961 970 1028 vestibulo
989 983 1044 1027 cu·
1064 981 1094 1029 ιιι

97 1067 118 1100 ν
140 1052 257 1117 stantium
289 1065 493 1140 cognatorum
523 1067 702 1121 nostrorum
733 1056 1044 1143 exspectantiumque
1205 1076 1210 1087 ·

98 1215 99 1224 q
119 1168 204 1211 uuum
223 1158 371 1213 vestrum.
408 1171 480 1214 cum
498 1151 520 1214 ii
537 1173 595 1236 pro
612 1150 704 1216 nobis
723 1173 842 1237 proque
860 1151 898 1216 iis
917 1151 971 1234 qui
989 1149 1045 1215 ab·

99 1245 100 1248 ’
135 1237 312 1328 lasuspensi
328 1265 366 1308 ac
384 1245 507 1310 solliciti
531 1246 606 1322 sint,
630 1268 724 1330 quem
747 1246 881 1311 censetis
904 1246 1043 1310 animum

179 1358 255 1416 esse,
280 1359 413 1422 quorum
429 1339 463 1403 in
480 1339 659 1405 discrimine
677 1341 742 1405 vita
764 1339 955 1424 libertasque
978 1337 1044 1403 est?

109 1423 147 1504 ι’,
160 1451 199 1496 nc
215 1432 284 1496 dius
303 1432 411 1512 lidius,
434 1434 554 1519 ipsein
571 1457 630 1500 nos
648 1435 733 1500 mitis
751 1433 914 1499 Hannibal
937 1442 1044 1497 contra
1064 1451 1095 1496 ιτ

103 1554 164 1602 4..
192 1549 277 1591 suam
303 1549 374 1593 esse
400 1528 487 1607 velit,
520 1529 598 1594 nihil
624 1541 729 1594 tamen
754 1529 845 1596 nobis
873 1530 938 1594 vita
964 1549 1043 1615 opus

134 1636 300 1701 censeamus,
320 1645 392 1687 cum
409 1623 531 1710 indigni
549 1634 585 1689 ut
601 1625 825 1691 redimeremur
842 1647 862 1690 a
879 1624 969 1690 vobis
984 1623 1044 1689 visi

176 1716 284 1782 redicre
310 1717 446 1783 Romam
473 1719 631 1803 quondam
656 1720 781 1784 remissi
807 1718 948 1806 aPyrro
976 1719 1042 1783 sine
1063 1738 1094 1789 18

94 1832 140 1892 ſsu
154 1811 227 1893 capti;
245 1812 303 1878 sed
319 1813 438 1878 rediere
457 1836 529 1878 cum
546 1814 674 1901 legatis,
694 1813 883 1899 primoribus
898 1813 1042 1891 civitatis,

89 1896 267 1991 ιιιὶιιιττιιοι
287 1929 358 1972 sese
379 1909 495 1973 missis.
539 1910 667 1974 redeam
690 1932 749 1996 ego
772 1909 805 1974 in
826 1909 960 1996 patriam
983 1919 1045 1973 tre·

97 1992 140 2036 Ὗ·
157 2003 265 2066 nummis
283 2023 348 2066 non
365 2003 547 2068 aestimatus
563 2004 660 2069 civis?
691 2026 768 2069 suus
782 2005 895 2090 cuique
908 2005 1042 2084 animus,
1064 2025 1094 2072 19

79 2109 100 2172 ’ἦ
113 2111 123 2126 ··
137 2111 150 2138 ³1
162 2097 311 2180 conscripti.
349 2097 414 2162 scio
432 2097 465 2162 in
479 2099 658 2163 discrimine
671 2121 742 2165 esse
755 2100 852 2164 vitam
866 2121 1043 2185 corpusque

84 2215 99 2276 1¹
179 2191 263 2277 magis
291 2213 342 2255 me
369 2191 472 2256 famae
498 2193 672 2278 periculum
699 2202 817 2270 movet,
844 2215 884 2258 ne
911 2217 931 2258 a
951 2192 1043 2259 vobis

73 2275 95 2356 ,l
186 2302 210 2347 tc
224 2285 342 2370 repulsi
361 2286 521 2352 abeamus.
566 2309 668 2371 neque
691 2287 774 2351 enim
796 2308 853 2351 vos
870 2289 971 2372 pretio
988 2309 1044 2373 pe-

81 2389 101 2434 ι
113 2386 114 2408 ³
185 2370 310 2444 homines
329 2380 475 2445 credent)

90 2466 105 2529 ·Ῐ
128 2452 174 2528 ll
198 2470 259 2538 Ubi
275 2474 304 2538 is
322 2474 417 2539 finem
436 2474 524 2551 fecit,
544 2473 702 2560 extemplo
721 2472 761 2538 ab
780 2495 818 2538 ea
835 2472 940 2551 turba,
961 2495 1042 2558 quae
1062 2496 1075 2541 1

100 2557 193 2657 ,puto
207 2576 284 2645 erat,
305 2568 422 2633 clamor
439 2569 552 2633 flebilis
572 2578 620 2633 cst
638 2567 795 2645 sublatus,
814 2589 989 2652 manusque
1003 2567 1044 2632 ad

138 2681 147 2704 ἰ
164 2661 319 2728 tendebant
336 2676 474 2741 orantes,
497 2674 533 2727 ut
551 2663 612 2729 sibi
628 2662 758 2742 liberos,
778 2662 907 2741 fratres,
927 2684 1044 2750 cogna-

93 2775 96 2804 ;
125 2747 260 2821 raderent.
305 2757 439 2822 feminas
467 2780 592 2842 quoque
619 2767 722 2824 metus
750 2781 787 2823 ac
812 2757 984 2823 necessitas
1010 2758 1077 2824 ina

130 2845 209 2914 tibae
226 2851 364 2916 virorum
382 2853 592 2917 inmiscuerat.
638 2863 765 2918 senatus
788 2852 943 2919 submotis
962 2851 1045 2918 arbi-

121 2943 212 3009 ursuli
234 2957 373 3030 coeptus.
418 2946 463 3011 ibi
481 2969 553 3011 cum
572 2947 733 3012 sententiis
752 2947 925 3012 variaretur
942 2956 974 3012 et
991 2946 1044 3011 alii
1062 2966 1077 3014 3

98 3037 209 3104 ‘undos
231 3039 271 3104 dc
292 3039 433 3125 publico,
461 3040 514 3104 alii
536 3040 653 3105 nullam
672 3040 797 3126 publice
814 3041 978 3127 inpensam
996 3042 1044 3106 fa-

80 3150 153 3220 dus
181 3155 239 3198 nec
264 3134 475 3218 prohibendos
504 3158 543 3199 ex
569 3136 690 3221 privato
715 3136 841 3214 redimi,
874 3136 901 3200 si
927 3134 1078 3220 quibus4

76 3230 179 3314 ,fictum
194 3227 228 3291 in
245 3230 423 3312 praesentia
440 3230 578 3307 deesset,
598 3230 734 3294 dandam
753 3252 793 3294 ex
811 3229 930 3294 aerario
947 3250 1044 3315 pecu-

70 3393 72 3398 .
126 3331 257 3386 mutuam
274 3323 505 3407 praedibusque
523 3346 561 3388 ac
576 3324 714 3409 praediis
733 3323 907 3388 cavendum
925 3322 1042 3410 populo

131 3424 189 3494 ent,
211 3428 279 3482 tum
302 3418 341 3482 Τ.
359 3417 500 3482 Manlius
524 3418 718 3502 Torquatus,
744 3418 866 3503 priscae
888 3439 927 3483 ac
948 3418 1077 3483 nimist

67 3476 132 3607 hle,
146 3522 179 3575 ut
190 3512 348 3598 plerisque
366 3515 516 3592 videatur,
537 3514 725 3591 severitatis,
744 3513 953 3600 interrogatus
972 3536 1043 3579 sen·

67 3584 146 3666 hlaur
161 3605 203 3670 ita
219 3608 342 3673 locutus
360 3609 472 3674 fertur:

67 3700 69 3709 '
102 3689 139 3759 ‘Si
160 3704 372 3768 tantummodo
397 3703 610 3789 postulassent
635 3703 731 3790 legati
756 3725 813 3788 pro
839 3701 905 3779 his,
932 3702 986 3786 qui
1008 3702 1070 3766 inc

67 3783 157 3887 ”flium
172 3805 323 3878 potestate
342 3808 428 3876 sunt,
448 3808 482 3862 ut
494 3799 728 3875 redimerentur,
748 3798 815 3862 sine
829 3797 923 3862 ullius
940 3796 1043 3862 insec-

67 3878 140 3946 ¹l1⁰11e
159 3908 260 3955 eorum
281 3890 370 3957 brevi
397 3893 583 3957 sententiam
608 3892 811 3979 peregissem.
856 3891 933 3976 quid
958 3893 1075 3958 enims

67 3956 120 4035 ffill
132 3998 215 4062 quam
227 3986 415 4053 admonendi
428 3988 554 4067 essetis,
574 3996 741 4053 utmorem
754 3986 902 4053 traditum
915 3987 1043 4075 apatri-
