2528 4514
340 234 460 290 muna
477 234 578 304 xxx,
598 235 638 289 10.
650 236 691 288 11.
711 238 750 304 [a.
761 234 864 304 caca]
1058 224 1123 291 493

95 395 227 483 spatimn
243 391 535 482 propugnatoribus
554 391 664 456 datum
680 405 739 457 est.
770 414 828 457 sex
844 393 944 458 ferme
962 395 1124 461 onerariae
1141 417 1176 467 to

95 491 249 577 puppibus
268 489 448 554 abstractae
467 484 800 572 Carthaginemsunt.
836 487 937 554 maior
952 511 1049 573 quam
1065 511 1124 576 pro

95 605 125 649 re
138 583 275 661 laetitia,
298 582 413 648 sedeo
430 581 564 667 gratior,
592 581 677 664 quod
694 581 776 646 inter
794 582 943 647 adsiduas
961 583 1067 648 clades
1086 605 1123 648 ac

95 677 235 745 borimas
261 700 362 743 unum
393 688 684 761 quantumcumque
715 699 756 742 ex
785 677 946 765 insperato
972 678 1123 765 gaudium

95 772 265 839 adfulserat
283 793 356 838 curn
373 793 427 848 eo,
446 781 482 835 nt
499 781 666 858 appareret
683 771 770 836 haud
784 773 896 858 procul
913 772 1009 839 exitio
1022 772 1122 839 fixisse
1140 793 1172 842 21

98 865 270 933 &manem
287 866 438 942 classem,
465 866 500 930 ni
517 876 678 931 cessatum
694 889 714 932 a
730 867 899 952 praefectis
922 891 1050 934 suarum
1066 892 1124 934 na·

100 963 177 1029 ¹vium
193 965 278 1030 foret
294 972 328 1028 et
345 959 455 1049 Scipio
472 963 506 1026 in
524 974 665 1049 tempore
684 963 894 1029 subvenisset.

154 1057 218 1124 XI.
253 1057 320 1123 Per
337 1057 468 1122 eosdem
485 1058 566 1123 forte
585 1058 653 1122 dies
671 1079 743 1123 cum
753 1058 885 1123 Laelius
903 1069 936 1122 et
947 1058 1123 1125 Masinissa
1141 1079 1155 1126 1

105 1151 202 1234 quinto
237 1152 373 1219 decumo
407 1152 507 1216 ferme
539 1152 591 1217 die
620 1152 655 1217 in
679 1153 862 1219 Numidiam
892 1153 1121 1238 pervenissent,

105 1242 243 1324 Maesuli,
261 1268 398 1333 regnum
414 1246 797 1332 paternumMasinissae,
815 1247 890 1312 laeti
907 1258 943 1311 ut
960 1247 1001 1311 ad
1012 1269 1122 1333 regem

107 1338 149 1406 diu
172 1341 386 1408 desideratam
412 1362 609 1408 concessere.
654 1338 788 1429 Syphax
813 1342 913 1427 pulsis
935 1341 1009 1406 inde
1029 1361 1155 1427 prae-2

106 1430 183 1503 tetis
198 1435 432 1523 praesidiisque
453 1436 520 1501 suis
543 1446 650 1502 vetere
673 1459 708 1502 se
730 1437 912 1502 continebat
928 1440 1027 1521 regno
1045 1459 1123 1502 neu-

106 1526 211 1616 b'quam
228 1530 404 1615 quieturus.
443 1531 628 1597 stimulabat
644 1554 777 1618 aegrum
795 1553 901 1596 amore
919 1553 999 1597 uxor
1017 1552 1121 1596 socer·
1139 1551 1155 1598 a

106 1640 164 1705 quc,
191 1639 225 1693 et
241 1627 287 1691 ita
305 1626 380 1692 viris
399 1627 552 1710 equisque
570 1627 767 1704 abundabat,
789 1638 825 1691 ut
843 1626 1003 1691 subiectae
1020 1626 1119 1692 oeulis

104 1722 178 1809 ugni
198 1743 259 1809 per
280 1721 397 1787 multos
419 1721 561 1787 florentis
585 1744 684 1786 annos
708 1720 791 1786 vires
810 1720 906 1786 etiam
926 1719 1030 1785 minus
1049 1722 1121 1785 bar-

100 1806 164 1882 baro
183 1826 279 1900 atque
297 1815 453 1902 inpotenti
469 1817 574 1882 animo
591 1815 719 1902 spiritus
733 1827 865 1902 possent
882 1816 997 1881 faeere.
1023 1814 1120 1900 igitur
1138 1834 1154 1880 4

99 1911 251 1989 omnbus,
277 1910 333 1995 qui
358 1911 441 1976 bello
468 1911 535 1997 apti
560 1923 664 1990 erant,
691 1912 725 1976 in
750 1935 848 1977 unum
870 1911 988 1977 coactis
1010 1932 1120 1995 equos,

95 2021 190 2085 erma
207 2006 275 2073 tela
292 2005 417 2084 dividit3
436 2006 558 2090 equites
576 2007 610 2070 in
627 2017 761 2085 turmas,
779 2007 902 2094 pedites
920 2006 953 2071 in
972 2005 1119 2083 cohortis,

95 2098 170 2167 deut
187 2101 350 2186 quondam
368 2102 409 2165 ab
416 2099 571 2167 Romanis
585 2101 820 2167 centurionibus
836 2102 997 2179 didicerat,
1015 2101 1120 2165 distri-

95 2195 164 2262 tuit.
209 2195 351 2261 exercitu
368 2195 455 2260 haud
471 2195 593 2262 minore
611 2218 707 2280 quam
729 2218 823 2280 quem
844 2195 932 2280 prius
955 2193 1153 2271 babuerato

95 2303 230 2356 aterum
246 2289 333 2356 omni
354 2313 453 2377 prope
475 2313 559 2357 novo
578 2301 673 2375 atque
689 2289 863 2366 incondito,
890 2289 935 2353 ire
955 2288 995 2352 ad
1017 2287 1117 2354 hostis

95 2384 200 2472 tergit.
246 2395 279 2451 et
296 2385 408 2452 castris
425 2385 459 2448 in
475 2385 653 2472 propinquo
671 2384 783 2471 positis
800 2384 903 2470 primo
920 2381 1014 2468 pauci
1032 2381 1118 2464 equi·
1137 2401 1152 2449 6

95 2502 134 2545 es
162 2502 204 2544 ex
232 2488 300 2544 tuto
327 2478 528 2565 speculantes
555 2481 597 2544 ab
624 2479 811 2544 stationibus
842 2477 1009 2564 progredi,
1045 2475 1119 2541 dein

95 2573 197 2640 aculis
216 2571 367 2638 summoti
389 2595 549 2639 recmrere
573 2574 614 2639 ad
636 2596 711 2640 suos
717 2598 727 2652 3
757 2573 831 2638 inde
850 2571 1052 2638 excursiones
1070 2571 1119 2635 in-

95 2667 189 2733 rioem
205 2667 276 2732 fieri
293 2678 339 2745 et,
367 2689 439 2732 cum
459 2668 570 2753 pulsos
587 2667 763 2756 indignatio
786 2667 985 2744 accenderet,
1010 2666 1118 2752 plures

95 2762 208 2841 orbire,
236 2762 323 2850 quod
347 2761 584 2828 inritamentum
609 2762 817 2830 certaminum
843 2762 1035 2846 equestrium
1057 2771 1152 2840 ests

95 2879 159 2922 euni
179 2866 237 2921 aut
259 2856 457 2923 vincentibus
481 2880 555 2943 spes
578 2868 633 2922 aut
653 2857 755 2944 pulsis
780 2857 829 2922 ira
855 2857 1009 2946 adgregat
1031 2880 1117 2923 suos.

95 2965 129 3018 to
154 2963 226 3017 tum
247 2974 268 3017 a
287 2953 398 3038 paucis
424 2953 545 3039 proelio
574 2974 707 3019 accenso
734 2976 860 3019 omnem
881 2954 1039 3038 utrimque
1061 2968 1151 3039 po-8

95 3058 206 3113 rueme
229 3046 404 3130 equitatum
427 3047 606 3112 certaminis
630 3048 769 3113 studium
791 3049 934 3112 effundit.
983 3070 1021 3112 ae
1042 3048 1118 3112 dum

95 3142 246 3209 incorum
267 3151 413 3224 equestre
434 3141 589 3228 proelium
612 3152 693 3219 erat,
720 3141 888 3207 multitudo
905 3140 1118 3205 Masaesulio-

95 3258 170 3313 um,
197 3234 340 3322 ingentia
361 3236 488 3322 agmina
511 3234 659 3322 Syphace
686 3236 861 3312 emittente,
889 3234 1038 3299 sustineri
1063 3233 1117 3298 vix

95 3340 224 3407 ›oterat3
243 3329 371 3407 deinde,
389 3342 425 3395 ut
441 3330 540 3416 pedes
558 3331 723 3397 Romanus
740 3329 904 3417 repentino
921 3353 980 3416 per
997 3339 1115 3393 turmas
1136 3349 1150 3396 o

95 3446 161 3489 ruas
181 3423 267 3488 viam
289 3425 393 3490 dantis
414 3425 448 3490 in
463 3448 592 3492 ercursu
615 3427 760 3492 stabilem
783 3425 882 3490 aciem
904 3425 979 3490 fecit
996 3426 1117 3489 abster-

95 3519 211 3604 uitque
238 3519 338 3585 effuse
363 3520 565 3587 invehentem
592 3545 664 3587 sese
690 3521 828 3600 hostem,
863 3520 965 3608 primo
991 3520 1117 3584 barbari

95 3615 216 3703 segnius
237 3616 419 3701 permittere
441 3639 554 3701 equos,
582 3618 656 3682 dein
679 3627 763 3683 stare
785 3639 822 3682 ac
843 3638 977 3704 propere
1000 3613 1116 3679 turbati
1136 3634 1167 3682 ιο

95 3733 168 3778 iovo
191 3731 308 3796 genere
329 3734 456 3798 pugnae
478 3724 639 3799 postremo
661 3736 726 3778 non
747 3710 846 3799 pediti
869 3712 970 3777 solum
993 3709 1114 3786 cedere,

97 3806 142 3872 ed
167 3827 209 3870 ne
236 3805 374 3889 equitem
400 3806 529 3891 quidem
556 3807 711 3873 sustinere
737 3806 853 3893 peditis
875 3804 1034 3892 praesidio
1060 3827 1116 3868 au-

95 3900 222 3966 tentem.
266 3898 330 3964 iam
355 3900 448 3990 signa
475 3923 600 3987 quoque
621 3902 783 3989 legionum
810 3899 1113 3987 adpropinquabant.
1134 3918 1167 3968 11

95 4017 149 4060 um
167 4015 245 4061 vero
262 3993 440 4061 Masaesuli
457 4019 522 4062 non
539 3997 634 4063 modo
650 3997 789 4083 primum
805 3995 973 4082 impetum,
1000 3995 1058 4061 sed
1075 4017 1115 4059 ne
