2528 4514
332 269 450 325 LIBER
468 268 568 339 xxx,
586 269 629 324 15.
644 270 686 325 16.
706 273 744 338 [a.
756 267 859 338 uros]
1042 259 1108 324 499

115 450 242 514 quoque
260 439 377 493 novata
395 436 588 514 operuerat,
607 425 725 493 donati.
769 426 819 490 his
838 425 1009 492 honoribus
1028 429 1107 494 mol·
1127 451 1159 498 14

99 524 154 589 itur
169 522 256 610 regis
276 521 413 598 animus,
441 531 625 604 erectusque
643 522 676 585 in
699 543 789 606 spem
805 522 1015 609 propinquam
1033 525 1109 589 sub-

99 628 144 682 ato
163 615 314 702 Syphace
331 614 434 680 omnis
451 614 618 681 Numidiae
635 614 817 702 potiundae.

144 710 242 778 XVI.
287 706 396 796 Scipio
415 706 454 774 C.
472 708 586 774 Laelio
609 731 681 773 eum
700 708 848 795 Syphace
870 711 991 795 alisque
1010 711 1108 798 capti·
1128 734 1140 780 1

98 803 133 869 ris
148 805 286 873 Romam
302 803 415 880 misso,
439 824 511 867 oum
528 803 642 886 quibus
661 814 693 869 et
709 803 904 869 Masinissae
921 805 1019 891 legati
1035 829 1109 893 pro·

98 896 156 963 lecti
178 911 267 976 aunt,
293 898 363 984 ipse
386 897 426 962 ad
448 898 574 982 Tyneta
594 920 704 963 rursus
727 907 832 962 eastra
853 898 951 963 refert
973 910 1005 963 et
1025 922 1108 984 quae
1226 894 1229 899 ’

98 991 276 1057 munimenta
303 991 505 1057 incohaverat
523 992 690 1078 permunit.
745 989 1026 1077 Carthaginienses
1044 1018 1108 1060 non
1128 1017 1143 1064 2

98 1084 170 1151 breti
187 1087 305 1164 solnm,
328 1086 385 1151 sed
400 1108 499 1173 prope
517 1109 599 1151 vano
617 1087 733 1173 gaudio
753 1088 793 1151 ab
811 1087 888 1152 satis
906 1109 1059 1173 prospera
1075 1089 1109 1152 in

97 1198 230 1263 praesens
248 1180 483 1266 oppugnatione
505 1181 616 1246 elassis
634 1181 770 1268 perfusi,
797 1194 871 1269 post
888 1183 1007 1246 famam
1025 1182 1109 1268 eapti

101 1268 255 1361 Syphacis,
282 1275 395 1358 inquo
416 1275 488 1361 plus
505 1298 606 1362 prope
628 1298 723 1362 quam
740 1276 773 1340 in
789 1276 995 1341 Hasdrubale
1013 1288 1108 1360 atque

100 1369 219 1433 exercitu
237 1391 295 1435 suo
314 1368 382 1455 spei
398 1380 615 1454 reposuerunt,
633 1370 784 1456 perculsi,
803 1371 866 1435 iam
880 1369 967 1434 nullo
981 1381 1108 1435 auctore
1127 1392 1143 1438 a

100 1456 156 1527 hdli
178 1464 263 1528 ultra
288 1462 395 1527 audito
420 1474 560 1529 oratores
587 1466 629 1529 ad
649 1486 763 1550 pacem
783 1465 954 1551 petendam
980 1466 1109 1531 mittunt

101 1554 209 1645 aigina
230 1555 390 1622 seniorum
409 1558 578 1644 principes.
622 1559 657 1623 id
678 1570 746 1623 erat
768 1559 907 1624 sanctius
930 1559 1016 1645 apud
1036 1559 1108 1625 illos

100 1652 247 1718 msilium
267 1651 468 1735 maximaque
490 1654 531 1717 ad
552 1654 658 1740 ipsum
681 1665 826 1719 senatum
848 1655 1022 1742 regendum
1048 1655 1107 1720 vis.

99 1746 205 1825 §tiuhi
225 1747 260 1810 in
282 1757 385 1810 castra
401 1746 548 1811 Romana
565 1758 598 1811 et
617 1747 651 1811 in
672 1748 865 1834 praetorium
886 1762 1108 1835 pervenerunt,
1126 1771 1144 1817 4

96 1850 165 1908 hore
186 1841 383 1907 adulantium
399 1880 426 1889 -
442 1853 586 1929 accepto,
613 1843 721 1922 oredo,
749 1843 812 1909 ritu
838 1867 879 1910 ex
905 1868 943 1911 ea
968 1846 1109 1932 regione,

96 1947 126 2000 tx
140 1958 199 2021 qua
215 1935 341 2003 oriundi
362 1948 451 2001 erant
463 1974 494 1987 —
510 1939 754 2022 procubuerunt.
799 1940 990 2005 conveniens
1009 1941 1108 2006 oratio
1127 1960 1143 2006 5

95 2044 146 2095 hm
161 2030 273 2096 humili
291 2031 463 2097 adulationi
480 2031 554 2110 fuit,
581 2054 646 2097 non
664 2032 789 2119 culpam
806 2036 1024 2122 purgantium,
1053 2038 1110 2102 sed

95 2125 335 2191 ranaferentium
359 2125 482 2190 initium
509 2127 620 2213 culpae
641 2127 675 2190 in
693 2127 908 2192 Hannibalem
934 2131 1109 2214 potentiae-

95 2238 138 2297 ue
165 2219 236 2285 eius
262 2220 412 2286 fautores.
456 2221 584 2287 veniam
611 2221 731 2286 civitati
751 2222 904 2308 petebant
924 2223 1040 2286 civium
1063 2235 1109 2289 te-
1128 2244 1143 2290 6

95 2313 221 2380 raritate
239 2313 288 2379 bis
305 2314 369 2378 iam
384 2315 692 2393 eversae„incolumi
705 2316 829 2379 futurae
843 2314 957 2380 iterum
970 2314 1110 2380 hostium

95 2408 249 2475 enefieio:
292 2408 459 2496 imperium
490 2431 530 2473 ex
560 2409 653 2474 victis
687 2409 832 2474 hostibus
861 2408 1016 2496 populum
1042 2410 1143 2475 llo-r

94 2525 221 2581 tanum,
248 2525 312 2568 non
329 2504 500 2591 perniciem
516 2518 634 2590 petere.
678 2504 797 2590 paratis
820 2504 1024 2571 oboedienter
1043 2526 1109 2568 ser-

94 2598 142 2665 ire
158 2597 331 2684 imperaret
352 2620 432 2683 quae
454 2598 559 2664 vellet
605 2596 713 2685 Scipio
736 2611 769 2663 et
789 2598 916 2663 venisse
940 2620 978 2662 ea
1001 2620 1058 2684 spe
1075 2599 1109 2662 in
1127 2616 1143 2664 8

94 2693 224 2759 lfrieam
256 2716 290 2758 se
322 2694 365 2759 ait
395 2706 427 2759 et
458 2716 547 2780 spem
578 2717 669 2759 suam
699 2716 852 2781 prospero
887 2692 963 2760 belli
993 2704 1109 2758 eventu

94 2798 218 2866 uotam,
244 2787 408 2853 victoriam
426 2811 476 2867 se,
502 2812 567 2854 non
587 2812 701 2875 paoem
724 2790 854 2855 domum
876 2800 1110 2876 reportaturum

94 2878 180 2949 ure.⁸
204 2894 325 2960 tamen,
357 2905 430 2947 cum
451 2883 616 2949 victoriam
637 2906 737 2971 prope
757 2884 792 2949 in
813 2884 960 2950 manibus
983 2885 1109 2961 habeat,
1129 2900 1144 2948 9

93 3000 190 3044 eoem
216 2999 281 3042 non
308 2978 459 3056 abnuere,
485 2990 522 3043 ut
543 3001 654 3044 omnes
678 2992 790 3066 gentes
814 2981 929 3056 sciant,
956 2980 1110 3065 populum

93 3072 259 3159 lemanum
281 3082 314 3136 et
331 3071 490 3160 suscipere
512 3073 595 3138 iuste
612 3074 698 3138 bella
715 3086 748 3138 et
768 3074 868 3138 finire.
913 3073 1002 3158 leges
1020 3073 1108 3158 pacis
1129 3089 1162 3135 10

93 3188 110 3235 e
137 3167 199 3233 has
227 3166 350 3233 dicere:
385 3169 526 3255 captivos
550 3180 582 3234 et
602 3169 755 3255 perfugas
784 3179 816 3231 et
843 3167 994 3253 fugitivos
1018 3167 1110 3230 resti-

92 3272 182 3341 uant3
215 3262 371 3327 exercitus
394 3285 433 3328 ex
450 3263 545 3328 Italia
567 3274 599 3328 et
618 3263 725 3328 Gallia
747 3262 919 3337 deducant3
951 3260 1112 3347 Hispania

92 3356 276 3434 bstineant3
311 3356 423 3424 insulis
451 3359 612 3437 omnibus,
649 3379 730 3443 quae
755 3356 837 3421 inter
862 3354 988 3420 Italiam
1016 3365 1110 3437 atque

92 3450 224 3515 lfrieam
252 3450 332 3529 sint,
370 3452 541 3530 decedant3
577 3475 676 3517 naves
702 3451 815 3536 longas
847 3459 972 3536 praeter
998 3447 1110 3535 viginti
1130 3467 1160 3513 11

92 3566 188 3610 annes
216 3544 357 3623 tradant,
385 3546 479 3611 tritici
505 3545 692 3633 quingenta,
720 3544 831 3609 hordei
858 3554 998 3608 trecenta
1024 3542 1111 3605 milia

92 3638 230 3705 nodihm.
257 3641 410 3727 pecuniae
429 3664 585 3707 summam
603 3652 754 3725 quantam
768 3639 980 3727 imperaverit,
997 3659 1111 3724 parum
1130 3654 1161 3702 12

92 3733 244 3812 cnvenit3
280 3734 355 3800 alibi
384 3736 523 3821 quinque
549 3735 636 3800 milia
662 3735 833 3811 talentdm,
870 3732 944 3797 alibi
971 3732 1110 3815 quinque

91 3828 162 3895 iilia
188 3829 298 3916 pondo
325 3831 461 3916 argenti,
494 3830 569 3894 alibi
596 3830 713 3917 duplex
741 3828 932 3914 stipendium
957 3826 1109 3891 militibus

91 3935 267 4013 nperatum
282 3923 421 3990 invenio.
459 3923 522 3990 ‘his
542 3923 793 3990 condicionibus'
811 3922 914 4006 inquit
932 3922 1110 4007 ‘placeatne
1130 3942 1162 3989 13

92 4044 156 4098 ax,
194 4018 336 4085 triduum
363 4020 404 4084 ad
430 4020 672 4086 consultandum
704 4018 839 4084 dabitur.
893 4017 919 4082 si
946 4017 1108 4104 placuerit,

880 4119 932 4171 32*
