2528 4514
361 235 477 290 nmua
494 235 593 304 xxx,
613 234 655 290 14.
676 234 829 304 [sema]
1052 223 1115 290 497

144 394 266 462 ΧΠΠ.
318 387 410 459 Haec
435 416 500 459 non
525 393 632 458 hostili
661 392 756 458 modo
782 392 875 471 odio,
910 393 968 458 sed
998 395 1148 466 amoris1

95 491 179 559 suam
202 488 339 556 stimulis
361 499 499 554 amatam
525 488 611 576 apud
638 488 797 554 aemulum
818 509 950 555 cernens
973 511 1046 555 cum
1068 491 1116 555 di-

95 586 196 664 xisset,
223 608 289 651 non
305 582 457 650 mediocri
476 606 552 649 cura
575 581 734 670 Scipionis
753 582 893 648 animum
909 584 1040 671 pepulit.
1084 596 1116 651 et
1133 604 1148 652 2

95 678 179 747 idem
196 678 379 744 criminibus
401 688 512 764 raptae
533 701 632 765 prope
654 679 736 742 inter
758 701 846 743 arma
866 679 995 766 nuptiae
1012 703 1115 765 neque

95 775 229 841 consulto
249 795 355 858 neque
376 783 542 860 expectato
561 772 675 838 Laelio
697 772 857 838 faciebant
879 784 1007 858 tamque
1022 798 1115 862 prae-

96 890 162 957 ocps
178 867 355 947 festinatio,
381 878 417 932 ut
437 889 500 952 quo
522 867 574 933 die
599 877 724 954 captam
740 867 866 932 hostem
887 868 1035 948 vidisset,
1061 894 1116 937 eo·

99 962 161 1029 tam
181 961 379 1029 matrimonio
400 961 540 1026 iunctam
562 961 718 1048 acciperet
739 973 772 1027 et
793 961 835 1025 ad
858 973 991 1047 penates
1014 963 1115 1030 hostis

101 1057 142 1123 sui
163 1057 302 1145 nuptiale
324 1079 450 1122 sacrum
477 1056 654 1122 conficeret.
698 1079 736 1122 eo
758 1056 901 1122 foediora
927 1056 1007 1122 haec
1028 1058 1149 1127 vide-a

100 1150 202 1217 bantur
213 1149 371 1238 Scipioni,
389 1151 474 1236 quod
489 1150 596 1238 ipsum
613 1150 647 1214 in
659 1149 819 1238 Hispania
835 1150 982 1215 iuvenem
1000 1152 1116 1218 nullius

102 1244 190 1311 lorma
205 1245 370 1333 pepulerat
386 1245 540 1332 captivae.
584 1243 663 1310 haec
686 1265 794 1309 secum
810 1244 965 1310 volutanti
982 1245 1115 1311 Laelius

104 1341 318 1406 scMasinissa
339 1350 597 1428 supervenerunt
642 1362 722 1424 quos
745 1361 818 1404 oum
838 1340 956 1427 pariter
973 1341 1066 1407 ambo
1085 1353 1117 1407 et

104 1434 225 1522 benigno
252 1437 343 1502 vultu
370 1436 548 1522 excepisset
575 1447 606 1500 et
633 1436 758 1521 egregls
785 1434 932 1499 laudibus
959 1435 1117 1519 frequenti

106 1531 245 1615 aarum
263 1530 468 1609 celebrasset,
491 1530 663 1595 abductum
680 1530 714 1593 in
732 1539 890 1597 secretum
906 1529 1116 1596 Masinissam
1135 1553 1150 1599 s

109 1622 144 1689 sio
158 1625 345 1710 adloquitur:
363 1624 484 1710 ‘aliqua
500 1636 532 1690 te
549 1624 710 1701 existimo,
728 1623 918 1702 Masinissa,
940 1624 1116 1691 intuentem

108 1712 195 1786 'urme
215 1720 300 1786 bona
323 1729 355 1786 et
375 1719 528 1807 principio
549 1719 583 1783 in
600 1717 760 1803 Hispania
782 1717 824 1782 ad
840 1718 1033 1806 iungendam
1050 1741 1118 1785 me·

109 1830 165 1879 cun
188 1814 358 1881 amicitiam
383 1814 527 1892 venisse,
563 1823 595 1879 et
619 1822 733 1900 postea
757 1812 791 1876 in
816 1811 930 1877 Africa
955 1823 986 1878 te
1012 1813 1118 1901 ipsum

113 1926 225 1994 qusque
248 1909 351 1975 omnis
377 1919 447 1975 tuas
469 1909 503 1973 in
523 1909 620 1974 fidem
640 1931 745 1973 meam
772 1907 979 1975 commisisse.
1032 1909 1152 1994 etquis

113 2001 311 2071 aulaearum
337 2004 437 2070 virtus
463 2015 532 2083 est,
566 2015 695 2092 propter
725 2026 803 2088 quas
837 2004 894 2069 tibi
920 2005 1117 2093 adpetendus

111 2094 178 2164 visus
200 2099 275 2178 sim,
302 2120 366 2182 qua
386 2121 447 2186 ego
470 2119 569 2183 aeque
591 2120 629 2163 ac
651 2098 859 2185 temperantia
876 2110 908 2164 et
925 2100 1119 2167 continentia

106 2182 255 2259 birinum
276 2193 428 2280 gloriatus
449 2192 573 2258 fuerim.
626 2193 708 2258 hanc
730 2205 761 2258 te
784 2215 909 2277 quoque
933 2195 974 2258 ad
997 2207 1152 2264 ceterase

104 2288 162 2355 *aas
182 2286 314 2354 eximias
337 2287 484 2366 virtutes,
512 2287 702 2366 Masinissa,
730 2287 884 2353 adiecisse
905 2287 1011 2353 velim.
1054 2312 1119 2354 non

98 2392 153 2462 cst,
179 2405 245 2449 non
261 2420 288 2430 -
306 2383 384 2447 mihi
401 2383 494 2449 crede
510 2419 537 2429 —
554 2393 677 2448 tantum
694 2383 735 2447 ab
757 2381 901 2447 hostibus
920 2381 1047 2446 armatis
1067 2404 1120 2447 ae-

95 2477 148 2543 tati
162 2488 291 2544 nostrae
309 2477 497 2564 periculum,
525 2489 677 2561 quantum
698 2477 739 2542 ab
761 2474 958 2541 circumfirsis
980 2475 1125 2559 undique,

95 2571 316 2659 voluptatibus.
361 2572 415 2656 qui
441 2595 496 2637 eas
523 2571 731 2658 temperantia
757 2593 816 2636 sua
841 2568 977 2635 frenavit
998 2590 1036 2634 ac
1063 2569 1152 2636 (lo-s

95 2666 186 2745 tnuit,
226 2665 325 2731 multo
361 2667 462 2732 maius
494 2667 590 2732 decus
620 2666 834 2750 maioremque
864 2665 1028 2730 victoriam
1059 2664 1120 2729 sibi

95 2762 213 2849 peperit
232 2783 327 2845 quam
343 2783 401 2826 nos
422 2758 570 2848 Syphace
587 2761 671 2826 victo
689 2761 853 2827 habemns.
898 2782 978 2846 quae
996 2782 1047 2825 me
1065 2759 1121 2824 ab·
1139 2777 1153 2825 ε

95 2867 180 2923 sente
199 2865 328 2922 strenue
351 2877 388 2921 ac
409 2856 532 2921 fortiter
549 2855 653 2922 fecisti
674 2856 809 2922 libenter
827 2868 859 2923 et
876 2855 1121 2923 commemoravi

95 2962 121 3017 et
136 2950 284 3028 memini,
311 2960 415 3016 cetera
432 2962 463 3016 te
480 2951 585 3038 ipsum
606 2962 752 3036 reputare
771 2963 876 3018 tecum
894 2975 989 3037 quarn
1006 2974 1057 3017 me
1075 2950 1122 3015 di·

95 3057 182 3113 ante
200 3047 387 3111 erubescere
403 3044 498 3111 malo.
539 3043 673 3132 Syphax
689 3047 799 3133 populi
816 3046 954 3113 Romani
972 3045 1120 3131 auspiciis

95 3140 193 3206 rioms
213 3150 387 3225 captusque
405 3151 463 3206 est.
490 3139 596 3224 itaque
609 3140 688 3226 ipse,
708 3141 854 3216 coniunx,
872 3161 1015 3225 regnum,
1035 3158 1120 3222 ager,
1141 3156 1154 3202 a

95 3233 224 3323 >ppida,
251 3233 394 3300 homines
413 3234 467 3318 qui
488 3233 643 3312 incolunt,
670 3233 823 3318 quidquid
841 3232 977 3315 denique
996 3228 1122 3316 Sypha-

95 3329 135 3395 ris
154 3328 218 3393 fuit
234 3328 352 3416 praeda
369 3328 478 3415 populi
486 3328 624 3394 Romani
642 3340 700 3405 est,
718 3338 751 3393 et
767 3349 876 3414 regern
893 3325 1121 3412 coniugemque
1142 3342 1173 3390 10

95 3423 174 3502 eius,
193 3422 400 3488 etiamsinon
418 3422 495 3487 civis
511 3420 784 3508 Carthaginiensis
803 3431 897 3498 esset,
916 3418 1122 3484 etiamsinon

95 3530 216 3607 patrem
225 3516 293 3582 eius
303 3516 523 3601 imperatorem
532 3515 671 3581 hostium
684 3514 874 3593 videremus,
884 3515 1020 3580 Romam
1030 3534 1122 3599 opor-

95 3624 171 3679 teret
192 3611 276 3676 mitti
299 3632 337 3676 ac
359 3622 486 3677 senatus
508 3609 679 3697 populique
696 3609 834 3675 Romani
852 3610 891 3674 de
915 3631 953 3673 ea
973 3606 1124 3671 iudicium

95 3718 186 3793 etque
206 3705 370 3772 arbitrium
387 3728 472 3784 esse,
495 3726 575 3789 quae
592 3727 700 3792 regern
720 3704 840 3769 socium
857 3702 949 3768 nobis
968 3700 1123 3766 alienasse

95 3814 186 3889 utque
205 3801 240 3866 in
252 3823 341 3866 arma
353 3800 457 3887 egisse
475 3799 679 3887 praecipitem
693 3799 824 3864 dicatur.
860 3798 950 3862 vince
970 3794 1123 3872 animum3
1144 3812 1171 3860 11

95 3920 168 3965 tave
187 3895 348 3962 deformes
367 3895 465 3960 multa
482 3897 567 3961 bona
583 3917 646 3959 uno
662 3893 738 3958 vitio
752 3903 784 3958 et
797 3903 844 3958 tot
856 3891 1039 3957 meritorum
1052 3912 1125 3976 gra-

95 3994 166 4060 iam
184 3989 307 4057 maiore
326 3990 432 4076 culpa,
450 4013 546 4075 quam
564 4011 660 4055 causa
677 3987 829 4074 culpacst,
850 3984 1060 4071 conrumpas.’

139 4096 193 4141 livi
206 4092 251 4138 ool.
261 4090 290 4135 ll.
919 4087 953 4140 32
