2528 4514
358 261 475 316 arura
492 260 620 331 xxvn,
639 261 681 317 aa.
702 259 853 332 [aanor]
1055 253 1121 319 369

155 417 383 485 XXXVIIII.
426 419 597 484 Auxerunt
613 418 736 485 Romae
755 420 924 487 tumultum
940 421 1062 488 litterae
1080 446 1121 489 ex
1141 447 1154 492 1

95 513 200 579 Gallia
218 514 333 579 allatae
354 514 395 578 ab
412 513 454 580 L.
472 513 588 581 Porcio
610 525 769 601 praetore:
794 515 1030 583 Hasdrubalem
1053 539 1154 589 mo·2

95 608 177 674 risse
196 631 238 673 ex
255 607 395 673 hibernis
413 618 446 673 et
462 607 525 673 iam
538 608 641 695 Alpes
660 609 808 688 transire3
831 621 903 675 octo
920 610 1007 677 milia
1019 611 1122 698 Lign-

95 726 161 768 rum
184 703 365 791 conscripta
386 713 568 786 armataque
591 702 796 769 coniunctura
818 726 853 769 se
872 717 1072 791 transgresso
1088 705 1123 771 iu

95 798 218 864 [taliam
245 821 331 876 esse,
358 797 420 862 nisi
445 797 621 862 mitteretur
646 797 680 862 in
702 798 856 884 Ligures,
884 798 938 882 qui
960 822 1016 866 eos
1037 800 1121 866 bello

95 903 274 979 occuparet3
294 915 328 958 se
343 914 415 958 oum
427 891 567 957 invalido
580 892 733 971 exercitu,
752 893 858 977 quoad
871 904 973 961 tutum
985 904 1121 981 putaret,

95 1010 345 1074 progressurum.
390 987 449 1053 hae
471 987 594 1052 litterae
615 990 761 1055 consules
778 990 894 1075 raptim
911 990 1056 1057 confecto
1074 991 1155 1056 ‹ti-e

95 1083 175 1148 lectu
206 1081 360 1147 maturius
391 1104 486 1166 quam
518 1082 746 1149 constituerant
772 1083 857 1149 exire
883 1084 916 1148 in
941 1085 1120 1170 provincias

95 1187 266 1264 coegerunt
283 1200 322 1243 ea
337 1187 458 1255 mente,
481 1188 517 1241 ut
533 1187 666 1261 uterque
683 1177 808 1264 hostem
824 1178 858 1242 in
880 1201 939 1244 sua
959 1177 1123 1265 provincia

95 1271 267 1336 contineret
298 1291 402 1354 neque
428 1270 578 1358 coniungi
604 1281 660 1335 aut
685 1271 827 1336 conferre
853 1271 887 1336 in
912 1293 1010 1337 unum
1036 1271 1120 1337 vires

95 1375 261 1451 pateretur.
305 1364 475 1452 plurimum
496 1364 531 1428 in
553 1387 624 1430 eam
645 1387 713 1430 rem
735 1365 855 1430 adiuvit
872 1365 978 1451 opinio
995 1364 1155 1432 Hanni-4

95 1458 186 1536 bolis,
207 1459 306 1543 quod,
326 1459 386 1524 etsi
399 1482 438 1525 ea
451 1469 572 1525 aestate
586 1459 792 1524 transiturum
804 1459 837 1523 in
850 1458 977 1524 Italiam
990 1459 1121 1526 fratrem

95 1555 281 1632 crediderat,
303 1555 512 1633 recordando,
537 1576 618 1639 quae
636 1553 757 1640 ipsein
774 1553 908 1620 transitu
929 1575 1014 1618 nunc
1029 1553 1120 1621 Rho-

97 1648 180 1727 dani,
209 1671 294 1714 nunc
314 1649 448 1735 Alpium
476 1671 547 1714 cum
574 1648 753 1714 hominibus
779 1648 920 1732 locisque
946 1649 1119 1734 pugnando

100 1762 150 1827 per
169 1745 308 1827 quinque
329 1766 456 1809 menses
479 1743 692 1821 exhausisset,
715 1744 939 1827 hauquaquam
960 1754 1026 1808 tam
1042 1742 1120 1809 faoi·
1142 1756 1157 1805 5

100 1832 157 1901 lem
177 1849 397 1921 maturumque
419 1837 587 1903 transitum
609 1837 806 1922 expectabat.
851 1860 890 1903 ea
911 1836 1030 1903 tardius
1052 1860 1121 1904 mo-

104 1931 186 1999 rendi
204 1954 244 1996 ex
262 1931 401 1996 hibernis
420 1953 517 1996 causa
533 1932 602 1997 fuit
639 1942 780 1997 ceterum
796 1931 994 1997 Hasdrubali
1012 1942 1045 1997 et
1061 1954 1120 1997 sua
1138 1950 1152 1997 6

106 2033 135 2088 et
149 2026 278 2092 aliorum
301 2049 357 2112 spe
380 2027 486 2092 omnia
507 2026 659 2092 celeriora
681 2037 776 2109 atquo
798 2025 994 2111 expeditiora
1020 2025 1119 2091 fuere.

102 2138 159 2184 uon
185 2120 270 2186 enim
301 2131 488 2206 receperunt
516 2122 611 2186 modo
638 2118 778 2185 Arverni
808 2142 882 2184 eum
908 2119 1120 2205 deincepsque

104 2211 172 2280 aliae
194 2213 338 2281 Gallicae
362 2226 456 2299 atque
477 2215 616 2301 Alpinae
638 2224 765 2300 gentes,
793 2212 969 2278 sedetiam
992 2224 1119 2279 secutae
1216 2254 1221 2261 ·

108 2319 168 2373 tunt
194 2310 235 2375 ad
261 2310 389 2375 bellum.
434 2322 564 2375 etcum
590 2331 647 2396 per
668 2309 791 2374 munita
812 2309 963 2395 pleraque
985 2307 1153 2374 transitur

105 2396 211 2482 tanis,
246 2424 326 2487 quae
353 2415 447 2469 antea
471 2403 558 2469 invia
583 2405 722 2482 fuerant,
755 2403 904 2480 ducebat,
932 2413 1000 2466 tum
1025 2402 1121 2466 etiam

104 2492 259 2563 'duodecim
289 2522 443 2563 annorum
474 2498 682 2564 adsuetudine
712 2497 829 2584 perviis
855 2495 995 2582 Alpibus
1026 2495 1119 2561 sactis

105 2584 173 2657 inter
187 2592 314 2658 mitiora
329 2592 394 2658 iam
411 2593 589 2658 transibant
604 2593 768 2658 hominum
785 2591 923 2678 ingenia.
967 2589 1120 2655 invisitati
1137 2608 1153 2656 8

106 2700 226 2770 tamque
246 2697 339 2751 antea
356 2687 541 2773 alienigenis
560 2707 619 2752 nec
637 2686 744 2751 videre
761 2685 824 2772 ipsi
843 2685 999 2750 advenam
1015 2683 1049 2750 in
1062 2707 1121 2750 sua

107 2783 174 2846 terra
190 2782 329 2858 adsueti,
347 2782 433 2848 omni
450 2781 560 2868 generi
577 2782 715 2846 humano
733 2780 934 2846 insociabiles
954 2791 1053 2846 erant
1089 2790 1123 2846 et

104 2873 192 2952 Primo
212 2874 332 2962 ignari,
359 2898 422 2959 quo
442 2876 573 2941 Poenus
595 2887 755 2962 pergeret,
784 2898 858 2940 suas
880 2898 977 2962 rupes
1002 2898 1121 2959 suaque

100 2968 222 3036 malla
244 2981 276 3034 et
296 2991 446 3056 pecorum
468 2969 695 3052 hominumque
715 2971 868 3056 praedam
887 2970 953 3056 peti
980 2970 1121 3034 credide-

99 3072 175 3143 ¹ttnt3
202 3064 290 3128 fama
307 3064 421 3129 deinde
438 3063 553 3133 Punici
571 3063 659 3141 belli,
683 3086 745 3148 quo
764 3063 986 3129 duodecimum
1004 3085 1121 3128 annum
1139 3081 1154 3128 9

95 3159 241 3225 uebatur
257 3157 364 3236 Italia,
385 3159 461 3224 satis
480 3159 663 3236 edocuerat,
681 3159 767 3223 viam
784 3169 908 3223 tantum
924 3156 1019 3242 Alpis
1037 3179 1119 3233 esse,

95 3240 169 3319 fluas
188 3251 388 3340 praevalidas
406 3252 516 3330 urbes,
540 3264 657 3338 magno
675 3253 757 3317 inter
776 3274 810 3316 se
833 3250 929 3315 maris
953 3259 1121 3314 terrarum-

95 3354 150 3421 lue
174 3346 279 3432 spatio
304 3345 472 3423 discretas,
496 3347 535 3410 de
552 3346 685 3432 imperio
704 3357 735 3410 et
754 3345 867 3430 opibus
886 3354 1015 3408 certare.
1059 3342 1120 3407 hae
1140 3360 1172 3407 10

95 3446 206 3507 ²ausae
224 3451 413 3527 aperuerant
428 3441 521 3527 Alpis
535 3441 742 3505 Hasdrubali.
779 3450 917 3503 ceterum
936 3438 1021 3521 quod
1038 3438 1120 3502 cele-
1139 3453 1170 3501 11

95 3527 182 3601 itate
208 3533 329 3599 itineris
356 3535 533 3620 profectum
559 3546 641 3611 erat,
672 3534 707 3598 id
732 3557 821 3600 mora
847 3533 888 3597 ad
913 3531 1119 3607 Placentiam,

95 3617 165 3695 lum
193 3629 312 3694 frustra
338 3628 462 3694 obsidet
491 3630 593 3715 magis
627 3652 721 3712 quam
753 3637 930 3715 oppugnat,
966 3624 1119 3710 conrupit.

95 3724 268 3790 tradiderat
286 3724 471 3811 campestris
491 3724 599 3810 oppidi
617 3724 744 3789 facilem
762 3721 1029 3808 expugnationem
1047 3741 1118 3804 esse
1139 3738 1170 3785 12
1247 3794 1251 3800 ,

95 3831 119 3884 tt
139 3817 294 3884 nobilitas
315 3817 457 3883 coloniae
479 3818 647 3883 induxerat
664 3841 751 3895 eum,
775 3840 926 3904 magnum
944 3839 978 3880 se
996 3813 1119 3878 excidio

95 3915 156 3979 tius
176 3912 265 3977 urbis
284 3923 436 3978 terrorem
454 3914 565 3979 ceteris
584 3924 688 3978 ratum
705 3913 901 3978 iniecturum.
933 3933 997 3976 non
1014 3909 1119 3995 ipsum
1139 3928 1170 3976 rt

95 4010 194 4075 mlum
207 4029 247 4072 ea
261 4008 454 4094 oppugnatio
468 4008 610 4095 inpediit,
630 4018 679 4073 set
688 4006 901 4072 Hannibalem
915 4015 989 4091 post
1002 4003 1121 4068 famam

138 4109 192 4152 Livi
205 4108 248 4152 vot.
260 4107 287 4153 ll.
915 4107 950 4159 24
