2528 4514
143 229 208 297 228
384 240 502 297 LIBER
518 238 737 309 murm
757 238 944 310 [auam]

143 412 214 466 turo
246 399 422 486 praeteritis
453 406 540 474 sunt,
577 397 634 463 sed
667 395 848 483 perplexius
879 398 979 463 etiam
1012 418 1058 462 scr

109 517 125 567 e
143 516 269 583 genere.
310 493 436 569 ‘hostia
454 492 601 570 Romani,
619 491 819 578 sicxpellere
830 491 946 571 vultis,
965 493 1058 559 vomi<

142 590 285 678 gentium
302 588 389 654 venit
404 588 513 674 longe,
530 586 674 672 Apollini
690 587 853 653 vovendos
872 596 997 654 censeo
1007 588 1058 653 lud

142 684 311 769 quotannis
329 682 460 748 comiter
475 680 618 767 Apollini
635 680 725 758 liant,
753 703 827 746 cum
843 682 983 768 populus
1003 682 1058 747 ded

142 778 269 865 publico
291 788 428 864 partem,
454 775 569 861 privati
589 775 636 839 uti
657 775 821 840 conferant
841 798 900 861 pro
924 798 962 842 se
986 787 1058 861 atqu

93 893 126 942 1o
142 874 182 938 iis
198 873 283 937 ludis
300 870 454 937 faciendis
470 869 606 956 praeerit
622 879 749 955 praetor
764 870 807 947 is,
834 870 891 954 qui
912 871 964 936 ius
981 894 1058 958 popu

143 967 258 1051 beique
287 965 376 1032 dabit
404 987 574 1031 summum.
627 965 797 1030 decemviri
824 961 952 1032 Graeco
981 968 1044 1031 ritu

143 1083 234 1127 sacra
258 1060 386 1126 faciant.
429 1059 491 1125 hoc
517 1059 655 1124 sirecte
681 1058 818 1137 facietis,
849 1059 1031 1146 gaudebitis
1055 1088 1058 1124 ι

142 1154 258 1239 fietque
283 1176 335 1220 res
360 1163 466 1220 vestra
491 1152 616 1218 melior:
651 1176 726 1218 nam
750 1153 778 1218 is
805 1153 895 1218 diam
922 1155 1058 1242 extingur

93 1270 123 1318 11
142 1248 256 1314 duellis
272 1258 410 1326 vestros,
437 1247 493 1331 qui
509 1257 632 1312 vestros
650 1269 779 1333 campos
795 1258 933 1334 pascunt
949 1249 1058 1336 placid«

142 1343 177 1407 id
197 1364 326 1409 carmen
348 1341 538 1429 expiandum
560 1341 644 1406 diem
665 1364 765 1406 unum
791 1354 1006 1428 sumpserunt.
1051 1366 1058 1429 1

143 1438 194 1503 die
212 1449 341 1504 senatus
359 1437 538 1503 consultum
558 1436 679 1501 factum
701 1446 763 1512 est,
791 1447 827 1501 ut
847 1437 1020 1503 decemviri
1034 1438 1058 1502 d

94 1552 125 1599 12
143 1530 286 1617 Apollini
311 1552 408 1614 reque
434 1530 542 1594 divina
566 1529 713 1594 facienda
733 1530 934 1616 inspicerent.
980 1552 1058 1597 eae

144 1635 253 1711 specta
277 1625 437 1708 relataque
464 1624 505 1689 ad
532 1633 677 1689 senatum
703 1638 824 1702 essent,
853 1636 1041 1690 censuerunt

142 1718 287 1805 Apollini
310 1718 403 1784 ludos
430 1719 590 1783 vovendos
616 1717 841 1803 faciendosque
873 1730 923 1797 et,
960 1720 1058 1804 quand

143 1812 221 1878 facti
246 1822 365 1889 essent,
399 1812 566 1876 duodecim
593 1812 679 1876 milia
704 1813 785 1878 aeris
811 1813 949 1899 praetori
975 1815 1016 1880 ad
1038 1836 1058 1879 r

94 1925 126 1974 13
144 1906 250 1970 vinam
272 1916 304 1970 et
329 1906 408 1970 duas
430 1905 549 1970 hostias
572 1906 698 1971 maioris
719 1906 851 1972 dandas.
896 1908 1058 1973 alterums

145 1999 323 2064 consultum
345 1998 465 2064 factum
487 2010 550 2078 est,
577 2010 613 2064 ut
635 2001 804 2065 decemviri
826 2023 953 2067 sacrum
972 2000 1058 2070 Grac

144 2092 286 2158 facerent
309 2094 412 2178 iisque
437 2093 562 2171 hostiis,
598 2093 742 2180 Apollini
768 2094 850 2160 bove
877 2107 989 2163 aurato
1018 2108 1043 2161 et

95 2205 128 2253 14
144 2186 268 2253 duabus
286 2187 367 2253 albis
384 2188 515 2266 auratis,
535 2189 680 2253 Latonae
698 2188 779 2254 bove
796 2188 916 2254 femina
934 2200 1041 2256 aurata

144 2291 270 2367 praetor
290 2281 324 2346 iu
345 2282 428 2347 circo
451 2282 589 2346 maximo
612 2304 685 2347 cum
707 2282 847 2348 facturus
871 2295 971 2362 esset,
1003 2278 1058 2349 edix'

143 2375 280 2461 populus
297 2398 355 2461 per
371 2397 425 2442 eos
444 2376 535 2442 ludos
555 2376 669 2460 stipem
685 2376 843 2462 Apollini,
871 2389 1021 2461 quantam
1034 2396 1058 2440 co

95 2498 126 2546 15
143 2470 220 2534 dum
238 2479 335 2547 esset,
363 2469 526 2536 conferret.
579 2470 659 2535 haec
676 2482 724 2536 est
742 2471 830 2557 origo
848 2471 995 2536 ludorum
1010 2470 1058 2554 Ap

142 2563 238 2641 rium,
266 2564 428 2642 victoriae,
447 2586 510 2629 non
528 2564 717 2629 valetudinis
735 2587 825 2652 ergo,
848 2575 884 2630 ut
901 2567 1058 2651 pleriquer

143 2667 289 2722 votorum
305 2656 532 2742 factorumque.
576 2659 712 2745 populus
731 2669 898 2726 coronatus
918 2656 1058 2746 spectavit,

144 2758 253 2814 tronae
280 2752 511 2836 supplicavere3
546 2752 643 2839 vulgo
670 2755 785 2839 apertis
816 2754 920 2820 ianuis
946 2756 978 2818 in
1002 2770 1058 2839 prop

144 2842 262 2928 epulati
285 2854 358 2908 sunt
380 2844 563 2930 celeberque
586 2847 653 2912 dies
676 2849 761 2912 omni
783 2849 1058 2928 caerimoniarumg

143 2935 214 3000 fuit.

112 3049 125 3094 1
207 3029 308 3095 XHl.
340 3031 424 3098 Cum
437 3033 599 3100 Hannibal
617 3036 699 3101 circa
713 3035 898 3114 Tarentum,
919 3036 1050 3102 consules

143 3125 176 3188 in
195 3122 326 3191 Samnio
345 3138 464 3207 essent,
492 3130 549 3194 sed
567 3130 803 3196 circumsessuri
822 3128 968 3217 Capuam
986 3129 1058 3193 videl

143 3220 230 3302 quod
246 3221 365 3286 malum
383 3223 546 3290 diuturnae
569 3224 740 3290 obsidionis
764 3246 834 3291 esse
857 3226 950 3304 solet,
978 3216 1058 3290 iaml

145 3311 301 3398 Campani
323 3316 511 3394 sentiebant,
539 3319 614 3402 quia
636 3329 807 3384 sementem
831 3318 936 3384 facere
953 3314 1058 3405 prohibt

111 3425 200 3472 reos
225 3407 361 3473 Romani
392 3412 555 3476 exercitus.
608 3411 715 3497 itaque
741 3413 862 3498 legatos
895 3415 937 3478 ad
963 3403 1058 3478 Hanni

144 3499 296 3564 miserunt
317 3513 456 3582 orantes,
484 3514 531 3582 ut,
558 3506 742 3591 priusquam
765 3507 911 3573 consules
933 3509 967 3572 in
987 3521 1058 3593 agro!

144 3594 313 3660 educerent
333 3597 472 3684 legiones
496 3599 627 3684 viaeque
648 3622 758 3666 omnes
780 3600 921 3667 hostium
942 3594 1058 3688 praesidi

145 3689 332 3770 siderentur,
350 3692 542 3760 frumentum
555 3717 595 3758 ex
607 3694 791 3781 propinquis
809 3696 887 3762 locis
905 3694 1031 3763 convehi
1044 3690 1058 3755 in

112 3779 299 3868 aCapuam.
344 3784 506 3853 Hannibal
523 3787 714 3854 Hannonem
737 3811 776 3854 ex
798 3789 920 3856 Bruttis
942 3813 1013 3854 cum
1030 3806 1058 3850 er

144 3874 178 3937 in
192 3875 399 3963 Campaniam
417 3883 547 3947 transire
566 3893 596 3947 et
613 3883 687 3947 dare
706 3904 846 3967 operam,
866 3893 901 3948 ut
919 3878 1055 3948 frumenti

112 3986 130 4033 4
145 3965 233 4034 fieret
251 3969 438 4059 Campanis,
456 3975 555 4041 iussit.
592 3975 708 4041 Hanno
727 3997 766 4040 ex
775 3974 907 4043 Bruttiis
925 3976 1058 4065 profectu
