2528 4514
148 229 194 298 ss
406 236 723 310 nmunxxmuss·
742 234 927 313 [aue-⁵³7]

145 401 248 469 oculis
266 414 421 466 exrema
437 395 777 485 primum'iutemperie
794 394 935 463 variante
952 393 1103 462 caloresl

103 521 123 564 c
147 517 260 580 raquo,
287 492 468 581 elephanto,
500 490 557 577 qui
582 513 663 557 unus
692 489 905 576 superfuerat,
931 511 995 576 quo
1023 489 1103 559 altiu

97 613 129 661 11
149 613 232 675 aqua
254 595 392 655 exstaret
412 595 535 665 vectus,
562 585 679 673 vigiliis
707 594 812 651 tamen
839 593 877 661 et¹
896 593 1052 669 nocturno
1078 608 1103 650 u

147 683 342 772 palustrique
373 681 460 749 caelo
490 690 640 768 gravante
672 688 825 769 caputet
851 680 926 765 quia
951 680 1103 747 medendi

146 779 235 846 locus
253 800 312 845 nec
331 774 456 863 tempus
475 787 556 855 erat,
575 775 673 842 altero
693 774 784 841 oculo
803 775 933 861 capitur.

113 896 129 944 u
211 871 275 938 ΠΙ.
310 869 423 937 Multis
437 869 619 937 hominibus
635 868 846 953 iumentisque
859 867 954 936 foede
967 869 1097 936 amissis

146 966 274 1033 tandem
304 965 357 1031 de.
374 963 543 1051 paludibus
562 962 764 1042 emersisset,
797 962 853 1030 ubi
877 963 1017 1050 primum
1042 964 1077 1030 in
1102 1016 1103 1024 ,

146 1060 264 1148 potuit,
281 1071 384 1127 casua
400 1059 498 1138 locat,
522 1067 704 1144 certumque
721 1080 779 1145 per
794 1059 987 1145 praemissos
1006 1060 1103 1146 explo

146 1179 197 1236 res
215 1155 326 1223 habuit
344 1156 518 1222 exercitum
534 1153 715 1221 Romanum
733 1154 818 1220 circa
833 1152 943 1221 Arreti
960 1155 1088 1222 moenia

108 1272 129 1320 e
147 1249 285 1317 consulis
304 1249 418 1317 deinde
436 1249 568 1316 consilia
585 1258 680 1333 atque
697 1248 838 1314 animum
856 1257 888 1315 et
905 1248 1004 1314 situm*
1018 1249 1103 1336 regio

146 1345 319 1430 itineraque
342 1353 374 1411 et
391 1344 499 1430 copias
518 1343 559 1410 ad
577 1351 771 1409 commeatus
790 1341 1004 1428 expediendos
1023 1353 1055 1410 et
1072 1365 1103 1410 cs

147 1461 228 1525 quae
251 1459 407 1527 cognosse
428 1438 462 1503 in
483 1459 552 1504 rem
574 1446 655 1517 erat,
682 1459 807 1503 summa
829 1436 936 1504 omnia
953 1458 1029 1503 cum
1047 1459 1103 1504 cur

109 1555 133 1604 a>
147 1532 300 1619 quirendo
317 1530 541 1618 exequebatur.
576 1532 666 1619 regio
684 1540 750 1598 erat
766 1530 800 1597 in
812 1530 922 1618 primis
935 1529 1051 1612 Italiae
1062 1530 1103 1599 fer

145 1628 275 1694 Etrusci
301 1627 419 1715 campi,
451 1626 508 1711 qui
531 1624 686 1694 Faesulas
711 1624 795 1692 inter
818 1623 1046 1710 Arretiumque
1072 1626 1103 1693 ia

146 1721 297 1789 frumenti
328 1743 367 1791 ac
395 1721 518 1808 pecoris
550 1731 582 1788 et
613 1720 754 1787 omnium
780 1719 872 1807 copia
896 1742 1003 1787 rernm
1031 1721 1103 1809 opul

110 1838 132 1888 a
148 1816 259 1884 consul
280 1815 372 1881 ferox
394 1814 435 1881 ab
458 1814 624 1883 consulatu
640 1816 745 1902 priore
760 1824 794 1881 et
810 1837 875 1882 non
891 1816 987 1882 modo
1004 1815 1103 1904 legun

146 1921 273 1997 padum
290 1909 478 1989 maiestatis,
502 1911 560 1977 sed
576 1933 617 1977 ne
634 1910 768 1977 deorum
784 1909 915 1996 quidem
933 1910 1011 1978 satis
1030 1921 1103 1978 metr

123 2005 229 2070 ,hanc
253 2003 382 2070 insitam
406 2002 535 2090 ingenio
561 2005 629 2072 eius
656 2004 864 2072 temeritatem
884 2002 1012 2072 fortuna
1034 2028 1103 2094 pros

110 2121 129 2170 a
148 2098 292 2165 civilibus
315 2097 500 2184 bellicisque
521 2099 616 2166 rebus
640 2120 791 2181 successu
813 2098 943 2166 aluerat.
982 2100 1092 2185 itaque

146 2192 332 2281 apparebat,
357 2216 418 2260 nec
440 2193 516 2260 deos
539 2217 598 2262 nec
624 2193 768 2262 homines
796 2193 1013 2262 consulentem
1041 2196 1103 2263 fer<

146 2288 254 2354 omnia
270 2311 307 2355 ac
325 2310 534 2377 praepropere
553 2298 708 2356 acturum.
744 2310 871 2374 quoque
893 2289 1023 2376 pronior
1045 2313 1103 2358 ess

111 2381 223 2455 ovilia
248 2405 319 2462 sua,
351 2384 470 2472 agitare
497 2405 572 2451 eum
598 2392 692 2468 atque
717 2383 844 2450 inritare
865 2382 994 2451 Poenus
1022 2407 1103 2471 para

145 2475 238 2544 laeva
258 2478 367 2546 relicto
390 2479 481 2546 hoste
503 2477 658 2546 Faesulas
679 2488 791 2565 petens
813 2478 918 2545 medio
935 2478 1087 2547 Etruriae

144 2572 330 2658 praedatum
343 2573 506 2660 profectus
524 2582 675 2658 quantam
692 2573 864 2640 maximam
881 2574 1063 2642 vastitatem
1081 2599 1104 2663 p

121 2727 124 2731 .
146 2666 296 2733 caedibus
313 2667 530 2753 incendiisque
548 2667 671 2735 consuli
686 2667 800 2755 procul
817 2668 964 2735 ostendit.
978 2714 980 2719 -

111 2783 128 2829 s
155 2789 159 2794 ²
210 2758 400 2839 Flaminius,
420 2760 475 2846 qui
488 2783 549 2828 nec
560 2763 667 2847 quieto
681 2762 810 2848 quidem
821 2762 915 2831 hoste
930 2763 1001 2850 ipse
1020 2765 1103 2851 quiet

145 2863 226 2932 erat,
245 2866 313 2919 tum
327 2876 416 2934 vero,
434 2865 604 2943 postquam
621 2880 672 2925 res
691 2859 849 2927 sociorum
867 2868 939 2925 ante
958 2861 1068 2928 oculos
1086 2885 1103 2948 p

120 2978 123 2985 ·
146 2969 221 3013 suos
239 2947 315 3014 feni
332 2949 447 3035 agique
464 2951 557 3031 vidit,
581 2974 675 3040 suum
692 2953 726 3019 id
748 2953 886 3021 dedecus
908 2964 1012 3034 ratus,
1039 2979 1098 3042 per

145 3042 229 3108 diam
250 3041 316 3109 iam
335 3043 464 3110 Italiam
484 3047 595 3134 vagari
615 3045 760 3115 Poenum
783 3057 878 3133 atque
899 3047 1074 3116 obsistente
1096 3073 1103 3116 1

110 3154 129 3205 a·
145 3137 187 3202 ad
203 3136 275 3225 ipsa
286 3137 432 3208 Romana
449 3140 575 3207 moenia
592 3141 638 3208 ire
655 3143 884 3229 oppugnanda,
903 3146 1015 3210 ceteris
1035 3166 1103 3211 omn

143 3233 177 3298 in
199 3233 330 3300 consilio
354 3234 504 3302 salutaria
524 3237 628 3324 magis
645 3259 742 3322 quam
764 3236 908 3325 speciosa
930 3239 1103 3306 suadentib

71 3328 74 3332 ’
144 3326 299 3414 collegam
313 3330 560 3414 expectandum,
579 3339 614 3396 ut
628 3331 802 3397 coniunctis
817 3332 1006 3399 exercitibus
1022 3355 1103 3399 comi

144 3419 250 3488 animo
264 3422 458 3507 consilioque
476 3445 544 3490 rem
561 3434 721 3511 gererent,
739 3425 864 3492 interim
881 3426 1024 3511 equitatu
1043 3451 1103 3493 aux

112 3539 118 3581 :3
144 3537 207 3601 que
227 3514 345 3587 levium
369 3541 528 3585 armorum
545 3518 585 3586 ab
604 3519 707 3587 effusa
722 3521 895 3608 praedandi
912 3520 1040 3590 licentia
1057 3522 1103 3588 ho

111 3630 126 3679 9
145 3609 356 3678 cohibendum
373 3636 415 3680 -ε
441 3614 539 3680 iratus
558 3635 594 3682 se
611 3636 653 3681 ex
670 3615 801 3682 consilio
817 3616 973 3704 proripuit
990 3617 1103 3705 signun

93 3723 127 3773 10
145 3704 238 3771 simul
256 3707 376 3775 itineris
392 3729 582 3796 pugnaeque
600 3731 673 3776 cum
696 3707 958 3798 [proposuisset],
987 3712 1101 3779 ‘immo

143 3800 203 3864 reti
227 3809 300 3867 ante
325 3801 452 3869 moenia
477 3802 669 3882 sedeamus‚'
695 3805 797 3890 inquit
823 3805 889 3872 ‘hio
915 3805 1000 3883 enim
1026 3809 1103 3894 patri

144 3903 273 3977 penates
292 3906 376 3963 sunt.
419 3895 583 3966 Hannibal
600 3899 736 3965 emissus
754 3921 772 3966 e
790 3900 935 3968 manibus
954 3904 1103 3990 perpopu

93 4014 100 4048 ,⁴
143 3985 270 4073 Italiam
286 3991 504 4077 vastandoque
521 4000 554 4059 et
571 3992 693 4060 urendo
709 3995 815 4062 omnia
832 3996 873 4061 ad
890 3995 1039 4064 Romana
1057 4021 1103 4066 mc
