2528 4514
141 224 205 302 138
330 232 335 239 “
372 230 491 289 LIBER
507 227 949 303 xxmstaasqaasoss]

105 417 123 468 s
139 396 281 484 legiones
300 393 379 459 duae
397 390 560 457 Romanas
577 388 716 455 habebat
732 388 919 454 Postumius
938 388 1083 472 soeiqu

141 511 256 577 supero
286 486 366 553 mari
397 494 518 551 tantum
548 484 796 570 conscripserat,
831 494 866 548 ut
897 483 1016 571 viginti
1047 505 1083 566 qr

106 606 122 656 9
140 585 228 650 milia
245 589 436 647 armatorum
453 579 488 644 in
504 601 599 667 agros
616 578 755 644 hostium
772 577 939 643 induxerit.
988 574 1080 643 Galli

141 688 300 745 extremae
318 674 416 742 silvae
435 696 508 740 cum
525 673 814 750 circumsedissent,
841 670 898 737 ubi
918 672 1052 738 intravit
1070 695 1083 736 a

143 771 271 848 saltum,
307 778 375 835 tum
410 777 566 834 extremas
602 767 750 833 arborum
784 767 983 833 succisarum
1018 767 1083 853 inp«

142 887 224 950 quae
246 864 308 931 alia
328 863 362 929 in
384 862 478 928 aliam
499 861 679 927 instabilem
700 883 758 947 per
780 884 814 927 se
836 884 875 927 ao
897 861 981 926 male
1002 860 1081 927 haer

124 960 317 1033 ¹incidentes
339 956 469 1042 ancipiti
492 965 597 1042 strage
619 979 720 1034 arma,
747 957 847 1034 viros,
878 978 978 1040 equos
1001 955 1083 1022 obru

93 1079 126 1130 10
143 1063 179 1120 ut
199 1054 254 1118 vix
276 1053 386 1129 decem
406 1051 551 1116 homines
578 1050 762 1137 effugerent.
811 1073 886 1115 nam
913 1073 989 1115 cum
1015 1072 1083 1114 exat

144 1148 286 1235 plerique
304 1156 411 1212 essent
432 1143 580 1210 arborum
602 1145 720 1208 truncis
744 1144 995 1231 fragmentisque
1013 1167 1081 1208 ram

144 1252 280 1308 ceteram
314 1239 547 1305 multitudinem
586 1239 747 1324 inopinato
782 1239 865 1305 malo
905 1238 1063 1323 trepidam

145 1337 260 1403 saltum
277 1357 404 1402 omnem
418 1335 531 1401 armati
544 1335 808 1400 circumsedentes
820 1333 1055 1410 interfecerunt,
1073 1355 1083 1417 1

144 1440 267 1496 etanta
289 1451 421 1495 numero
443 1429 558 1514 captis,
586 1429 641 1512 qui
657 1437 786 1513 pontem
807 1427 946 1492 fluminis
965 1435 1083 1512 petent<

95 1544 126 1593 11
147 1546 236 1590 sesso
260 1533 332 1589 ante
355 1523 395 1590 ab
417 1523 562 1589 hostibus
584 1532 680 1609 ponte
702 1523 863 1588 interclusi
886 1533 970 1588 sunt.
1006 1521 1083 1588 ibil

145 1619 228 1684 mins
246 1619 332 1684 omni
349 1619 382 1683 vi
398 1641 438 1683 ne
457 1627 620 1704 caperetur
638 1617 792 1682 dimicans
812 1616 969 1682 occubuit.
998 1617 1083 1702 spoli

145 1713 231 1798 poris
250 1721 406 1798 caputque
423 1712 601 1798 praecisum
619 1712 708 1776 ducis
726 1711 787 1775 Boi
806 1720 937 1776 ovantes
951 1711 1076 1796 templo,

95 1825 127 1875 12
147 1807 381 1891 sanctissimum
400 1815 449 1871 est
466 1818 542 1892 aput
560 1829 629 1884 eos,
648 1806 790 1871 intulere.
826 1815 962 1893 purgato
979 1806 1083 1870 indeo

146 1909 182 1964 ut
199 1921 269 1965 mos
287 1901 326 1964 iis
345 1909 407 1978 est,
435 1899 558 1965 calvam
576 1923 652 1967 auro
671 1900 845 1978 caelavere,
868 1899 965 1983 idque
985 1921 1083 1964 sacrus

22 2030 25 2036 ·
146 1994 186 2060 iis
204 2003 283 2073 erat,
302 2017 365 2079 quo
384 1994 576 2061 solemnibus
594 1996 736 2073 libarent,
755 1995 967 2081 poculumque
981 1995 1083 2059 idems

96 2107 129 2156 13
149 2088 274 2155 dotibus
298 2111 368 2156 esse
391 2113 428 2156 ac
450 2091 559 2176 templi
577 2090 778 2155 antistitibus.
822 2090 941 2175 praeda
963 2108 1077 2173 quoque

146 2182 249 2249 minor
267 2180 367 2250 Gallis
395 2206 491 2268 quam
516 2183 647 2249 victoria
673 2184 747 2262 t'uit3
778 2206 853 2248 nam
880 2182 939 2248 etsi
966 2202 1072 2270 magno

127 2277 329 2353 animalium
347 2289 452 2365 strage
471 2279 568 2343 silvae
587 2301 739 2364 oppressa
757 2287 838 2355 erat,
857 2287 964 2343 tamen
983 2288 1083 2342 cetera

147 2372 221 2455 quia
238 2373 316 2438 nihil
333 2374 521 2460 dissipatum
538 2373 617 2459 fuga
631 2384 696 2451 est,
716 2383 832 2439 stratae
844 2395 902 2459 per
914 2394 1040 2438 omnem
1051 2371 1083 2435 iat

147 2468 282 2552 agminis
302 2468 443 2533 ordinem
460 2469 607 2533 inventae
626 2478 708 2532 sunt.

113 2581 128 2628 1
211 2561 327 2628 XXV.
371 2563 445 2628 Hac
470 2562 615 2626 nuntiata
638 2562 726 2626 clade
749 2582 822 2626 cum
843 2583 900 2646 per
923 2561 992 2626 dies
1013 2557 1082 2624 mult

148 2664 234 2720 tanto
264 2680 381 2742 pavore
412 2658 525 2724 fuisset
556 2657 680 2735 civitas,
717 2667 753 2722 ut
783 2657 921 2722 tabernis
952 2655 1062 2722 clausis

131 2761 301 2815 nocturna
323 2752 489 2818 solitudine
512 2776 569 2838 per
589 2753 699 2818 urbem
718 2762 789 2818 acta
807 2763 934 2818 senatus
958 2749 1083 2818 aedilibu

113 2845 269 2927 agotium
292 2846 393 2924 daret,
420 2856 456 2911 ut
477 2848 588 2913 urbem
611 2848 810 2912 circumirent
836 2848 1012 2933 aperirique
1036 2843 1082 2909 tab

127 2990 132 3003 .
150 2947 181 3001 et
206 2940 380 3004 maestitiae
402 2941 548 3027 publicae
570 2942 708 3026 speciem
730 2942 801 3007 urbi
823 2943 908 3007 demi
925 2942 1076 3015 iuberent,

149 3029 199 3096 Ti.
220 3030 425 3119 Sempronius
449 3047 593 3100 senatum
614 3035 725 3100 habuit
747 3035 991 3118 consolatusque
1012 3043 1083 3119 patr<

114 3142 131 3189 3
149 3135 181 3190 et
198 3127 394 3207 adhortatus,
412 3152 462 3208 ne,
481 3130 537 3213 qui
546 3128 707 3195 Cannensi
724 3130 832 3194 ruinae
850 3151 914 3193 non
931 3125 1083 3194 succubui

149 3221 190 3286 ad
206 3222 342 3287 minores
357 3223 550 3289 calamitates
564 3223 685 3288 animos
700 3222 927 3288 submitterent
955 3218 1083 3306 quodad

113 3315 362 3401 athaginienses
393 3317 500 3383 hostes
527 3317 803 3402 Hannibalemque
835 3316 995 3395 attineret,
1034 3336 1083 3402 pro

128 3408 243 3474 -modo
261 3420 380 3489 essent,
409 3411 490 3476 siout
507 3421 660 3497 speraret,
688 3411 808 3488 futura,
837 3407 998 3476 Gallicum
1019 3408 1083 3476 bell

150 3503 251 3568 omitti
268 3513 335 3569 tuto
359 3515 390 3570 et
412 3504 531 3570 differri
551 3527 660 3590 posse,
687 3505 903 3588 ultionemque
924 3527 997 3570 eam
1013 3504 1083 3569 frau

150 3597 280 3662 deorum
298 3620 335 3662 ao
352 3599 461 3685 populi
478 3599 615 3664 Romani
632 3608 786 3684 potestate
803 3598 881 3664 fore.
919 3600 959 3664 de
971 3595 1083 3665 hostel

131 3741 136 3757 ,
151 3690 416 3776 exercitibusque,
442 3715 499 3778 per
516 3715 597 3776 quos
613 3693 648 3757 id
664 3693 784 3759 bellum
804 3703 981 3780 gereretur,
1007 3715 1083 3760 cons

115 3809 133 3856 5
151 3787 227 3851 dum
244 3797 338 3871 atque
356 3787 550 3874 agitandum.
585 3789 654 3874 ipse
671 3789 821 3874 primum,
845 3788 923 3872 quid
939 3789 1081 3874 peditum

152 3890 296 3964 tumque,
322 3882 399 3966 quid
426 3883 555 3961 civium,
588 3881 665 3966 quid
691 3883 849 3949 sociorum
874 3883 909 3947 in
935 3883 1076 3949 exercitu

152 3973 326 4054 dictatoris,
363 3976 519 4042 disseruit.
572 3985 640 4041 tum
665 3975 837 4043 Marcellus
869 3999 1001 4044 suarum
1026 3999 1083 4064 cop
