2528 4514
335 249 451 304 arasa
470 250 569 318 xxx,
588 251 669 304 9.10.
690 255 726 319 [a.
738 249 842 322 caca]
1037 239 1100 304 491

87 430 254 474 :assurum
276 406 456 473 credebant.
505 407 611 490 itaque
634 417 665 472 et
685 406 768 471 muri
788 407 1008 475 reficiebantur
1027 431 1135 497 pro-4

87 500 323 589 ugnaculisque
342 501 557 578 armabantur,
586 512 617 566 et
633 524 691 587 pro
710 524 745 566 se
763 503 911 586 quisque,
934 526 1015 588 quae
1033 503 1102 568 diu-

87 618 142 661 nae
164 594 347 661 obsidionis
365 594 546 659 tolerandae
565 607 652 672 sunt,
675 617 716 660 ex
734 595 819 682 agris
838 598 994 662 convehit.
1029 619 1135 666 raras

87 689 184 755 antio
208 699 260 755 est
282 688 385 774 pacis,
412 689 606 771 frequentior
627 689 805 775 legatorum
828 692 870 755 ad
885 692 1101 756 Hannibalem

87 784 297 850 rcessendum
317 783 558 861 mittendorum,
584 807 658 870 pars
683 785 821 850 maxima
843 787 993 865 classem,
1021 810 1101 871 quae
1120 808 1135 856 6

87 877 324 944 dcommeatus
343 877 546 963 excipiendos
563 891 674 964 parata
693 889 773 957 erat,
791 880 916 946 mittere
933 882 1044 948 iubent
1062 883 1104 947 ad

87 972 312 1062 pprimendam
330 972 497 1038 stationem
514 973 643 1037 navium
661 974 702 1038 ad
714 974 844 1040 Uticam
862 975 987 1041 incaute
1006 999 1104 1062 agen-

87 1088 142 1136 em:
168 1067 307 1133 forsitan
324 1067 419 1133 etiam
436 1067 562 1131 navalia
579 1079 697 1146 castra,
714 1069 824 1133 relicta
842 1070 994 1154 cumplevi
1011 1093 1103 1155 prae-

87 1161 163 1240 itlio,
194 1184 415 1249 oppressuros.
459 1162 492 1224 in
514 1160 576 1226 hoc
598 1162 764 1227 consilium
781 1163 918 1228 maxime
936 1163 1134 1241 inclinant37

87 1268 192 1345 sgatos
211 1267 320 1321 tamen
337 1256 378 1320 ad
395 1255 611 1321 Hannibalem
628 1257 799 1322 mittendos
818 1268 962 1321 censent:
985 1257 1102 1343 quippe

87 1349 164 1417 lassi
190 1361 229 1415 ut
254 1349 435 1415 felicissime
467 1361 617 1434 gerantur
645 1373 716 1428 res,
752 1361 841 1437 parte
874 1351 979 1435 aliqua
1003 1351 1102 1416 levari

87 1443 184 1512 lticae
207 1444 420 1523 obsidionem,
449 1443 676 1531 Carthaginem
699 1445 802 1532 ipsam
824 1446 879 1529 qui
900 1456 1024 1511 tueatur
1046 1469 1102 1510 ne·
1120 1466 1135 1514 8

87 1561 127 1619 ue
154 1539 381 1626 imperatorem
407 1538 503 1604 alium
526 1561 622 1622 quam
643 1540 858 1605 Hannibalem
883 1561 985 1624 neque
1013 1563 1103 1605 exer-

87 1631 166 1701 itum
184 1635 283 1698 alium
306 1655 401 1717 quam
418 1632 610 1698 Hannibalis
630 1656 807 1718 superesse.
853 1634 1007 1699 deductae
1025 1656 1102 1720 ergo
1120 1651 1135 1699 9

87 1740 198 1796 ostero
226 1727 277 1792 die
302 1751 415 1805 naves,
453 1727 545 1792 simul
572 1739 603 1792 et
628 1727 725 1812 legati
751 1727 785 1791 in
806 1727 933 1792 Italiam
957 1727 1100 1814 profecti.

87 1827 247 1914 aptimque
279 1824 385 1890 omnia
411 1824 590 1889 stimulante
621 1822 747 1888 fortuna
779 1824 971 1910 agebantur3
1012 1833 1044 1888 et
1069 1823 1103 1887 in

87 1943 133 2004 pro
157 1919 295 2004 quisque
327 1928 502 1995 cessasset,
536 1917 629 2005 prodi
660 1919 699 1982 ab
732 1940 767 1982 se
798 1919 932 1984 salutem
962 1917 1102 1984 omnium

88 2015 208 2081 ebatur.

132 2107 245 2196 Scipio
269 2131 399 2194 gravem
420 2107 484 2173 iam
508 2106 616 2192 spoliis
639 2107 809 2172 multarum
831 2108 956 2173 urbium
984 2106 1103 2172 exerci-
1122 2128 1153 2175 10

87 2228 136 2269 am
154 2203 301 2280 trahens,
328 2202 460 2289 captivis
480 2201 602 2284 aliaque
623 2201 742 2288 praeda
759 2200 792 2263 in
811 2210 919 2265 vetera
940 2211 1045 2265 castra
1062 2201 1103 2266 ad

87 2299 201 2366 lticam
219 2297 340 2374 missis,
367 2295 482 2360 iamin
501 2293 729 2382 Carthaginem
745 2295 884 2359 intentus
903 2304 1037 2380 occupat
1052 2315 1103 2357 re-

87 2404 181 2461 ,etum
198 2392 277 2478 fuga
295 2391 462 2457 custodum
480 2390 613 2475 Tyneta.
655 2390 746 2456 abest
764 2413 782 2454 a
800 2387 994 2473 Carthagine
1013 2387 1103 2472 quin-
1122 2408 1152 2454 11

87 2487 174 2553 ecim
201 2483 288 2550 milia
314 2484 412 2550 ferme
437 2507 592 2570 passuum
616 2485 705 2548 locus
732 2505 804 2548 cum
831 2482 998 2568 operibus,
1035 2491 1102 2545 tum
1122 2500 1153 2547 12

87 2591 183 2670 uapte
210 2592 323 2646 natura
349 2591 434 2644 tutus
466 2590 498 2645 et
527 2580 581 2663 qui
613 2590 645 2643 et
671 2579 711 2643 ab
740 2577 935 2663 Carthagine
962 2575 1103 2662 conspici

87 2675 273 2764 tpraebere
291 2674 360 2761 ipse
378 2684 583 2760 conspectum
603 2671 664 2760 [in]
685 2672 910 2737 circumfusum
928 2693 1014 2736 mare
1032 2668 1103 2735 urbi

87 2769 184 2837 ossit.

134 2863 183 2929 X.
213 2862 307 2940 Inde,
327 2885 399 2926 cum
416 2861 552 2926 maxime
571 2860 690 2925 vallum
707 2859 845 2926 Romani
863 2860 1010 2937 iacerent,
1029 2880 1104 2925 con·
1123 2879 1136 2925 1

87 2969 182 3046 pecta
205 2957 316 3023 classis
343 2956 482 3022 hostium
504 2967 553 3020 est
569 2954 701 3021 Uticam
723 2979 742 3018 a
764 2953 959 3042 Carthagine
981 2964 1104 3040 petens.

87 3054 168 3142 gitur
196 3051 314 3118 omisso
341 3074 436 3138 opere
461 3050 697 3137 pronuntiatum
724 3049 783 3114 iter
810 3050 963 3135 signaque
988 3049 1137 3133 raptim?

87 3147 148 3213 erri
175 3156 251 3213 sunt
277 3157 407 3233 coepta,
442 3169 483 3211 ne
509 3168 608 3211 naves
639 3145 814 3209 interram
844 3154 876 3209 et
906 3141 1104 3207 obsidionem

87 3265 185 3308 'ersae
213 3263 250 3306 ac
280 3241 408 3306 minime
434 3241 540 3307 navali
569 3240 690 3327 proelio
721 3250 812 3325 aptae
843 3237 1103 3323 opprimerentur.

87 3337 125 3423 ui
152 3336 239 3404 enim
264 3337 456 3403 restitissent
481 3337 556 3424 agili
578 3347 610 3401 et
630 3335 757 3400 nautico
780 3334 988 3398 instrumento
1010 3340 1103 3418 aptae
1123 3350 1137 3396 3

89 3443 263 3499 turmatae
284 3433 378 3498 classi
399 3455 498 3498 naves
521 3441 677 3499 tormenta
698 3428 923 3511 machinasque
941 3435 1103 3513 portantes

88 3538 102 3594 t
128 3525 246 3593 autin
271 3526 484 3593 onerariarum
514 3550 608 3592 usum
634 3547 745 3591 versae
777 3536 831 3589 aut
855 3523 901 3588 ita
925 3521 1036 3608 pulsae
1063 3520 1105 3585 ad

87 3645 196 3700 nuros,
214 3631 250 3685 ut
266 3643 324 3708 pro
343 3644 460 3709 aggere
478 3643 515 3686 ac
532 3620 681 3708 pontibus
699 3621 851 3706 praebere
866 3637 1016 3682 ascensus
1030 3636 1105 3700 pos-

87 3717 162 3783 ent?
206 3715 314 3799 itaque
337 3713 459 3802 Scipio,
487 3725 596 3780 contra
623 3735 718 3797 quam
744 3714 777 3777 in
803 3711 909 3777 navali
934 3707 1139 3775 certaminet

87 3812 169 3889 olet,
201 3809 361 3888 rostratis,
394 3832 475 3895 quae
501 3809 660 3896 praesidio
687 3809 755 3874 aliis
784 3830 855 3872 esse
881 3814 1041 3893 poterant,
1071 3799 1105 3865 in

89 3908 269 3973 os'tremam
299 3905 400 3971 aciem
424 3905 560 3991 receptis
591 3926 690 3990 prope
721 3915 854 3979 terram,
891 3897 1138 3966 onerariarum5

87 3999 302 4088 uadriplicem
324 3999 467 4066 ordinem
487 4023 545 4089 pro
568 4022 657 4064 muro
680 3998 832 4064 adversus
859 3996 984 4079 hostem
1006 4014 1105 4081 oppo-
