2528 4514
363 263 482 318 orans
499 265 584 335 xxr,
602 265 627 319 5.
642 266 666 320 a
687 235 723 335 [i.
734 265 837 336 cars]
1094 260 1116 324 5

148 421 310 488 Hannibal
328 421 447 507 proelio
461 421 622 500 abstinuit,
641 425 815 507 castrisque
829 447 923 510 super
940 426 1041 513 ripam
1058 451 1115 514 po·
1135 451 1151 498 e

110 518 166 597 sitis,
179 539 250 582 oum
268 516 372 602 prima
389 517 479 601 quies
499 517 719 602 silentiumque
737 518 777 583 ab
795 519 939 585 hostibus
958 521 1032 600 fuit,
1052 546 1117 588 am-

88 633 162 679 ⁴tren
181 612 262 677 vado
289 611 411 677 traiecit
436 611 583 696 valloque
608 613 654 678 ita
679 613 846 698 producto,
879 623 916 678 ut
945 614 1050 681 locum
1076 618 1117 682 ad

85 708 95 731 '·
247 705 500 770 'cndumhots
562 705 618 770 br
711 708 764 771 'v
1103 751 1117 762 -

85 707 264 911 {medii
302 707 1168 890 eqrntibrisepriiceiiedtismouhiehigiisssiiaiiiih10

104 894 236 973 silerem,
263 894 462 960 adorirentur
477 895 619 980 peditum
638 918 765 983 agmen,
792 897 825 962 in
842 898 912 984 ripa
934 898 1116 985 elephantos

89 1011 136 1049 π,-
150 991 351 1079 quadraginta
374 1000 480 1056 autem
502 1000 592 1056 erant
614 1030 656 1039 —
679 993 826 1079 disponit.
864 993 1116 1081 Carpetanorum
1136 1017 1166 1063 11

97 1104 160 1159 ,mm
175 1084 400 1172 adpendicibus
417 1082 577 1151 Olcadum
590 1084 870 1171 Vaccaeorumque
888 1098 1014 1153 centum
1031 1090 1118 1155 milia

94 1174 185 1259 ¹'littera
207 1180 327 1244 invicta
344 1179 443 1257 acies,
466 1179 494 1244 si
512 1202 612 1264 aequo
630 1180 831 1247 dimicaretur
853 1204 974 1268 campo.
1011 1183 1116 1267 itaque
1137 1204 1167 1252 12

97 1282 129 1359 ¹st
138 1274 257 1361 ingenio
276 1274 398 1340 feroces
417 1282 448 1338 et
464 1274 663 1340 multitudine
680 1275 753 1340 freti
771 1284 815 1353 et,
839 1278 924 1360 quod
944 1286 1031 1341 metu
1048 1298 1117 1344 ces-

98 1413 101 1422 t
116 1390 166 1434 r-:e
182 1367 350 1434 credebant
369 1367 507 1447 hostem,
525 1368 560 1433 id
576 1369 692 1436 morari
710 1370 872 1435 victoriam
889 1371 949 1435 rati
967 1370 1052 1455 quod
1068 1373 1116 1435 in-

104 1475 105 1482 ’
125 1498 128 1519 r
143 1471 213 1527 set
230 1462 342 1539 amnis,
361 1462 498 1528 clamore
513 1463 638 1530 sublato
651 1465 773 1551 passim
788 1465 855 1530 sine
871 1465 966 1530 ullius
984 1465 1116 1551 imperio

126 1586 143 1611 o
169 1557 280 1640 cuique
302 1557 482 1643 proximum
504 1566 553 1622 est
574 1557 608 1622 in
629 1580 755 1623 amnem
776 1569 881 1625 ruunt.
918 1568 1006 1624 etex
1026 1569 1115 1645 parte
1136 1582 1167 1630 13

109 1660 112 1665 '
132 1681 151 1709 a
168 1684 171 1708 2
195 1652 282 1737 ripas
299 1651 349 1716 vis
366 1652 479 1739 ingens
498 1653 638 1736 equitum
655 1653 689 1716 in
706 1653 825 1718 flumen
838 1654 978 1731 inmissa,
997 1655 1116 1719 medio-

107 1789 113 1814 ,‹
165 1745 251 1810 alveo
263 1745 502 1829 hautquaquam
515 1747 584 1835 pari
600 1747 769 1812 certamine
783 1769 980 1825 concursum,
1000 1747 1115 1834 quippo
1135 1771 1165 1817 14

105 1907 107 1930 ἓ
121 1871 139 1892 o
159 1839 252 1925 perles
270 1839 426 1905 instabilis
441 1861 478 1907 ac
491 1841 546 1905 vix
559 1841 641 1906 vado
655 1841 755 1908 fidens
769 1841 821 1906 vel
834 1841 874 1907 ab
887 1842 999 1907 inermi
1013 1843 1116 1925 equite

143 1962 165 1989 ιι
185 1943 298 1999 ternae
317 1943 388 1999 acto
405 1935 540 2019 perverti
557 1944 676 2020 posset,
695 1957 792 2020 eques
810 1958 939 2022 corpore
957 1936 1116 2019 armisque

105 2025 107 2078 Ῐ
133 2056 177 2105 a,
192 2050 270 2112 equo
287 2028 340 2092 vel
357 2049 413 2113 per
430 2029 551 2094 medios
568 2029 712 2115 gurgites
724 2029 838 2106 stabili,
849 2031 1024 2096 comminus
1040 2029 1116 2094 emi-

133 2118 165 2177 =sr
180 2144 208 2187 ·e
223 2144 290 2188 rsm
307 2131 440 2208 gereret.
475 2145 548 2208 pars
566 2145 683 2210 magna
699 2124 827 2190 flumine
845 2123 1027 2211 absumpta,
1047 2125 1116 2207 qui-
1136 2146 1167 2194 15

143 2241 164 2269 Ἣ
186 2217 333 2282 anticoso
356 2216 442 2281 amni
463 2216 558 2281 delati
579 2217 613 2280 in
634 2217 735 2283 hostis
755 2218 795 2284 ab
818 2219 991 2305 elephantis
1011 2218 1117 2283 obtriti

94 2297 187 2384 „zanab
200 2310 350 2393 pomemi,
370 2309 484 2393 quibus
498 2332 662 2397 regressus
680 2312 713 2375 in
723 2335 812 2376 suam
825 2314 926 2397 ripam
939 2313 1034 2377 tutior
1047 2313 1115 2391 fuit,
1137 2332 1167 2378 16

93 2416 148 2465 ἰι
163 2404 235 2470 varia
253 2392 461 2491 trepidatione
483 2427 556 2473 cum
578 2407 611 2470 in
632 2429 730 2470 unum
757 2407 988 2493 colligerentur,
1015 2407 1118 2491 prius-

102 2523 103 2526 ¹
199 2521 217 2564 a
233 2508 320 2567 tanto
338 2521 455 2586 pavore
472 2501 645 2586 reciperent
658 2501 790 2578 animos,
809 2499 972 2564 Hannibal
991 2500 1117 2585 agmine

114 2620 167 2649 Μ
193 2603 236 2659 :to
259 2617 386 2659 amnem
407 2596 570 2682 ingressus
594 2595 705 2682 fugam
729 2618 768 2660 ex
789 2595 859 2681 ripa
875 2591 950 2658 fecit
973 2593 1118 2658 vastatis-

167 2688 247 2774 agris
264 2688 347 2753 intra
363 2711 482 2777 paucos
501 2689 568 2754 dies
584 2687 780 2774 Carpetanos
797 2710 922 2773 quoque
935 2688 970 2752 in
987 2687 1118 2752 deditio·

101 2788 153 2838 c„
176 2782 304 2868 accepit.
333 2792 365 2847 et
381 2783 445 2847 iam
459 2784 564 2849 omnia
577 2793 663 2848 trans
677 2782 837 2848 Hiberum
855 2791 979 2867 praeter
992 2779 1118 2868 Sagun·
1137 2802 1167 2848 17

103 2904 164 2936 rur:
187 2875 498 2964 Carthaginiensium
517 2888 616 2944 erant.

152 2969 206 3036 VI.
244 2970 330 3037 Cum
353 2970 539 3060 Saguntinis
563 2972 682 3038 bellum
704 2972 845 3036 nondum
872 2979 952 3048 erat,
980 2979 1118 3035 ceterum
1138 2993 1150 3037 1

133 3094 145 3119 ιι
167 3063 241 3131 belli
263 3088 361 3132 causa
382 3067 552 3133 certamina
569 3089 642 3131 cum
664 3066 803 3130 finitimis
827 3066 1024 3141 serebantur,
1051 3087 1118 3127 ma

143 3181 182 3225 oe
199 3160 400 3226 Turdetanis.
426 3161 542 3246 quibus
561 3183 633 3226 cum
652 3160 778 3226 adesset
793 3161 888 3236 idem,
907 3159 962 3242 qui
974 3157 1037 3222 litis
1053 3166 1118 3220 erat
1137 3178 1152 3223 2

93 3295 101 3322 2
129 3277 180 3332 ur,
197 3276 257 3320 neo
275 3263 433 3323 certamen
450 3256 536 3334 iuris,
557 3256 613 3320 sed
631 3256 695 3319 vim
710 3254 818 3339 quaeri
831 3260 1003 3339 appareret,
1022 3250 1119 3336 legati

99 3365 103 3412 ζ
131 3345 312 3436 Saguntinis
329 3349 466 3415 Romam
484 3350 574 3416 missi
592 3349 746 3414 auxilium
764 3349 804 3427 ad
827 3347 942 3413 bellum
960 3346 1024 3410 iam
1042 3345 1119 3410 haut

125 3467 182 3509 oe
198 3444 358 3510 inminens
376 3454 512 3510 orantes.

85 3606 92 3619 ,
153 3537 310 3605 Consules
329 3547 405 3605 tnnc
421 3539 543 3605 Romae
561 3549 649 3605 erant
661 3539 700 3604 P.
716 3536 881 3604 Cornelius
896 3533 1004 3619 Scipio
1023 3542 1054 3598 et
1068 3531 1117 3596 Ti.
1137 3555 1151 3601 3

85 3626 297 3721 {Sempronius
313 3633 461 3720 Longus.
501 3635 556 3718 qui
582 3656 655 3699 cum
677 3633 789 3719 legatis
807 3632 841 3694 in
864 3639 1006 3695 senatum
1023 3627 1120 3691 intro-

132 3728 190 3794 ctis
207 3729 249 3795 de
265 3728 447 3816 republica
463 3730 645 3795 retulissent
657 3728 890 3814 placuissetque
904 3723 985 3787 mitti
997 3722 1118 3808 legatos

85 3876 88 3883 .
136 3822 330 3911 Hispaniam
348 3823 391 3890 ad
406 3845 457 3889 res
477 3824 632 3890 sociorum
649 3820 876 3907 inspiciendas,
895 3817 1009 3901 quibus
1030 3816 1057 3881 si
1074 3817 1120 3881 vi-
1137 3838 1154 3883 4

85 3890 213 3995 blerctnr
231 3918 330 4007 digna
348 3940 454 3997 causa,
473 3928 505 3985 et
517 3917 691 3984 Hannibali
708 3913 934 3991 denuntiarent,
953 3921 989 3976 ut
1006 3909 1047 3975 ab
1063 3907 1121 3976 Sa-

88 4013 229 4101 guntinis
248 4012 345 4080 sociis
361 4012 471 4100 populi
487 4012 624 4080 Romani
642 4011 824 4089 abstineret,
844 4016 875 4073 et
893 4005 1119 4090 Carthaginem
