2528 4514
140 223 203 287 438
354 230 471 285 mssa
488 229 630 298 xxvm,
648 228 691 285 ss.
704 228 747 283 aa.
767 232 877 297 [aas.
888 228 952 299 see]

92 413 123 460 rr
143 392 294 475 cuiusque
311 388 435 475 generis
453 408 582 451 numero
600 385 792 472 expleturos,
820 386 957 466 securis,
988 395 1078 464 rutra,
1099 387 1142 453 lal-

142 507 209 562 ces,
245 482 396 558 alveolos,
433 480 546 556 molas,
581 488 733 562 quantum
763 479 797 544 in
826 479 1036 567 quadraginta
1057 481 1143 568 longas

41 571 45 579 ’
141 600 239 644 naves
258 598 337 662 opus
356 584 453 652 esset,
480 572 572 637 tritici
590 581 715 637 centum
732 581 764 636 et
781 572 895 659 viginti
916 574 1005 639 milia
1022 575 1143 651 modiin,

93 692 125 741 rs
143 682 174 737 et
191 672 225 735 in
241 670 390 735 viaticum
408 665 627 731 decurionibus
645 664 882 751 remigibusque
900 667 1087 746 conlaturos3
1100 666 1144 732 Pe
1183 670 1185 676 ’

141 764 254 841 rusini,
282 760 419 838 Clusini,
446 759 627 826 Russellani
652 758 770 824 abietes
791 760 825 824 in
847 759 1049 827 fabricandas
1072 784 1144 827 naves
1183 761 1185 781 ²

143 868 174 922 et
190 855 339 920 frumenti
356 876 505 940 magnum
527 875 701 919 numerum.
745 852 847 919 abiete
870 876 912 919 cx
932 854 1065 941 publicis
1081 855 1143 921 silvis

93 973 124 1019 19
145 959 193 1014 est
210 972 298 1014 usus.
334 946 487 1013 Umbriae
503 946 612 1032 populi
629 955 660 1011 et
676 956 800 1032 practer
817 947 877 1014 hos
893 947 1026 1013 Nursini
1042 959 1072 1014 et
1085 948 1145 1014 Res·
1182 954 1184 959 '

144 1044 201 1109 tini
218 1052 249 1108 et
262 1041 452 1106 Amiternini
466 1037 665 1123 Sabinusque
683 1041 784 1105 omnis
803 1063 881 1128 ager
897 1042 1014 1108 milites
1031 1040 1143 1127 polliciti

143 1137 258 1214 Marsi,
285 1134 429 1220 Paeligni
446 1134 681 1217 Marrucinique
702 1134 792 1199 multi
813 1134 974 1201 voluntari
994 1134 1144 1202 nomina'n

93 1250 127 1299 20
145 1231 279 1297 classem
297 1229 463 1306 dederunt3
491 1224 653 1293 Camertes
671 1249 743 1293 cum
761 1250 863 1312 aequo
881 1228 1011 1295 foedere
1027 1228 1144 1296 cumlia-

143 1325 244 1389 manis
271 1332 390 1399 essent,
416 1321 575 1386 cohortem
596 1329 748 1386 armatam
771 1331 989 1389 sescentorum
1010 1323 1142 1389 hominm
1182 1355 1185 1395 ÷

41 1496 45 1502 Ι
92 1438 124 1485 21
143 1418 304 1482 miserunt.
336 1416 463 1502 triginta
480 1415 608 1479 navium
625 1415 904 1503 carinae-viginti
922 1417 1143 1501 quinquereme,
1178 1424 1185 1459 '³

144 1511 254 1575 decem
271 1510 483 1594 quadriremes
501 1545 527 1556 -
544 1531 616 1574 cum
635 1519 739 1574 essent
756 1511 891 1594 positae,
913 1511 986 1596 ipse
1002 1511 1047 1576 ita
1061 1506 1144 1576 institit

143 1605 243 1691 operi,
262 1615 297 1669 ut
315 1605 365 1669 die
383 1603 622 1690 quadragesimo
640 1604 748 1687 quinto
760 1626 856 1687 quam
869 1627 909 1669 ex
929 1605 1017 1670 silvis
1035 1605 1143 1671 dedam

143 1701 274 1766 materia
295 1709 374 1777 erat,
401 1721 497 1764 naves
518 1699 688 1764 instructae
709 1708 909 1783 armataeque
931 1700 966 1764 in
988 1697 1143 1784 aquamde

143 1796 254 1860 ductae
274 1794 345 1859 sint.

111 1906 124 1951 1
208 1887 414 1952 XXXXVI.
457 1886 625 1954 Profectus
648 1887 682 1950 in
705 1884 846 1952 Siciliam
868 1897 916 1953 est
939 1889 1065 1975 triginta
1083 1883 1143 1951 nari·

143 1981 204 2046 bus
227 1980 329 2067 longis
352 1980 599 2046 voluntariorum
621 1989 740 2066 septem
763 1980 861 2046 ferme
879 1982 1009 2048 milibus
1026 1983 1059 2047 in
1072 1999 1143 2046 nares

110 2075 307 2161 rimpositis.
352 2084 383 2139 et
404 2073 442 2139 P.
460 2074 605 2139 Licinius
627 2074 661 2138 in
681 2071 824 2141 Bruttios
846 2076 887 2140 ad
913 2076 996 2142 duos
1018 2075 1143 2142 exercitus

144 2169 323 2234 consulares
342 2169 435 2234 venit.
476 2160 517 2232 ex
533 2168 572 2233 iis
591 2190 663 2232 eum
681 2167 741 2233 sibi
760 2169 906 2254 sumpsit,
935 2192 1031 2254 quem
1048 2171 1086 2234 L.
1100 2164 1145 2232 Ve-

110 2281 125 2328 3
145 2265 242 2328 turius
270 2263 378 2328 consul
404 2262 569 2340 habuerat3
596 2261 726 2327 Metello
749 2260 811 2348 (ut)
834 2263 950 2347 quibus
973 2263 1145 2351 praefuisset

144 2358 266 2423 facilius
290 2380 361 2421 cum
384 2357 522 2421 adsuetis
545 2356 675 2441 imperio
696 2378 763 2421 rem
784 2367 949 2443 gesturum
971 2368 1071 2436 ratus,
1097 2376 1147 2443 per·

109 2469 126 2514 4
144 2451 237 2516 misit.
273 2462 304 2516 et
321 2460 479 2536 praetores
497 2450 612 2515 diversi
630 2451 662 2514 in
680 2451 855 2536 provincias
872 2452 1018 2537 profecti.
1054 2448 1147 2534 etquis

143 2545 276 2629 pecunia
293 2545 334 2610 ad
352 2544 468 2610 bellum
482 2544 598 2621 deerat,
618 2545 685 2630 agri
696 2543 850 2631 Campani
868 2546 1034 2631 regionem
1051 2570 1071 2612 a
1085 2545 1148 2609 fusa

110 2658 125 2704 5
145 2638 268 2706 Graeca
285 2641 326 2704 ad
344 2661 428 2704 mare
448 2661 571 2703 versam
588 2639 722 2703 vendere
740 2648 923 2723 quaestores
941 2641 1038 2720 iussi,
1059 2636 1148 2705 indicio

143 2756 267 2816 quoque
284 2734 452 2818 permisso,
480 2733 535 2817 qui
557 2756 633 2818 ager
654 2733 730 2798 civis
750 2732 905 2818 Campani
928 2734 1058 2812 suisset,
1082 2729 1148 2798 utiis

142 2826 286 2910 publicus
304 2828 412 2911 populi
429 2826 565 2892 Romani
583 2836 675 2892 esset.
718 2826 813 2890 indici
829 2828 1008 2911 praemium
1026 2827 1149 2893 constitu·

143 2930 223 2995 tum,
251 2930 385 3002 quantae
403 2921 553 3005 pecuniae
571 2943 648 3007 ager
663 2921 817 2985 indicatus
835 2930 921 2986 esset
937 2944 1014 3006 pars
1033 2923 1149 2987 decuma

111 3030 124 3077 6
144 3022 174 3077 et
193 3011 252 3078 Cn.
273 3010 406 3079 Servilio
429 3015 564 3099 praetori
585 3014 671 3082 urbis
689 3015 849 3100 negotium
872 3016 998 3093 datum,
1026 3026 1061 3081 ut
1078 3014 1150 3080 Cam·

142 3108 216 3191 paui
238 3107 336 3185 cives,
363 3107 418 3173 ubi
440 3108 552 3192 cuique
574 3130 613 3174 ex
640 3118 766 3173 senatus
789 3108 933 3173 consulto
955 3109 1065 3174 liceret
1084 3104 1150 3173 lubi·

142 3211 222 3278 tare,
249 3200 293 3266 ibi
315 3200 503 3280 habitarent,
531 3203 852 3285 animadverteretque
873 3203 907 3266 in
931 3226 1001 3283 eos,
1028 3196 1149 3289 quiriti

142 3293 325 3359 habitarent.

110 3408 123 3451 7
206 3387 329 3453 Eadem
347 3399 465 3455 aestate
483 3389 583 3476 Mago
601 3389 791 3454 Hamilcaris
811 3389 892 3454 filius
912 3412 953 3455 ex
971 3393 1089 3457 minore
1103 3389 1150 3453 Ba·

141 3481 264 3545 liarium
281 3482 397 3560 insula,
425 3483 479 3549 ubi
496 3483 687 3561 hibernarat,
709 3485 870 3549 iuventute
886 3482 970 3550 lecta
988 3486 1023 3550 in
1040 3486 1150 3551 classen

141 3574 301 3660 imposita,
335 3576 369 3640 in
389 3577 514 3642 Italiam
537 3578 662 3664 triginta
685 3578 784 3642 ferme
810 3579 954 3643 rostratis
980 3579 1109 3646 navibus
1131 3594 1151 3638 et

142 3669 247 3732 multis
265 3673 402 3736 oneraris
420 3672 585 3737 duodecim
603 3673 688 3737 milia
705 3673 861 3759 peditum,
884 3673 949 3739 duo
967 3673 1068 3740 ferme
1084 3670 1153 3755 equi·
1182 3686 1185 3725 t

109 3781 123 3828 8
143 3771 209 3826 tum
227 3764 345 3829 traiecit
360 3762 566 3852 Genuamque
583 3767 677 3832 nullis
691 3767 855 3852 praesidiis
870 3768 1072 3834 maritumam
1083 3784 1151 3832 oram

142 3858 312 3923 tutantibus
331 3861 492 3945 repentino
510 3861 646 3926 adventu
669 3862 759 3948 cepit.
804 3862 877 3927 inde
899 3862 941 3926 ad
962 3884 1053 3927 oram
1070 3861 1154 3946 Ligu-

142 3972 211 4014 rum
230 3953 430 4038 Alpinorum,
451 3957 477 4022 si
495 3979 573 4042 quos
592 3958 635 4024 ibi
654 3968 757 4024 motus
776 3957 879 4025 facere
897 3968 1017 4044 posset,
1038 3958 1154 4023 classem
