2528 4514
193 218 312 273 111111
327 218 424 289 xxv,
443 219 486 275 ar.
502 219 544 275 ar.
564 220 716 291 [auara]
904 208 967 275 251

10 376 152 441 amissus.
196 374 273 441 urbs
299 376 474 462 diripienda
499 376 590 442 militi
615 377 689 443 data
715 387 763 444 est
785 379 969 447 custodibus

10 469 45 533 1111
75 491 130 556 per
154 469 266 534 domos
293 491 415 550 eorum,
453 470 506 555 qui
536 471 618 536 intra
642 472 800 558 praesidia
824 472 970 540 Romana
1061 554 1065 559 Ι

10 572 74 629 ant.
119 584 189 628 cum
206 562 306 628 multa
322 564 401 642 irae,
428 563 528 630 multa
544 565 692 630 avaritiae
709 565 804 632 foeda
825 567 970 653 exempla
988 588 1002 635 9

10 664 115 735 antur,
140 655 357 722 Archimeden
381 659 551 724 memoriae
576 659 735 744 proditum
758 661 862 726 estin
882 668 969 727 tanto

10 750 88 829 dtu,
121 762 273 836 quantum
299 762 391 838 capta
417 752 493 818 urbs
519 753 553 817 in
583 753 729 819 discursu
758 754 969 842 diripientium

10 854 72 908 um
94 844 173 910 ciere
194 855 331 931 poterat,
357 847 512 912 intentum
533 845 658 925 formis,
685 869 765 933 quas
785 849 820 914 in
840 849 970 936 pulvere

10 938 149 1023 ipserat,
169 939 210 1005 ab
227 939 338 1026 ignaro
351 942 449 1007 milite
462 942 533 1027 quis
547 951 632 1008 esset
643 942 842 1008 interfectum
847 968 857 1023 3
876 965 970 1031 aegre
989 963 1022 1013 10

10 1030 165 1101 lancellam
182 1034 293 1100 tulisse
311 1036 552 1122 sepulturaeque
565 1059 673 1102 curam
691 1036 829 1103 habitam
848 1047 881 1103 ct
895 1061 969 1127 pro-

10 1125 65 1207 qois
93 1129 185 1194 etiam
214 1129 371 1212 inquisitis
402 1130 512 1195 honori
542 1130 761 1217 praesidioque
790 1153 906 1197 nomen
932 1154 969 1198 ac

10 1220 119 1287 noriam
144 1223 212 1288 eius
240 1223 348 1290 fuisse.
402 1224 463 1289 hoc
489 1247 637 1291 maxume
668 1225 763 1291 modo
791 1223 968 1311 Syracusae
989 1247 1020 1295 11

10 1320 69 1397 1111,
96 1319 129 1382 in
159 1318 274 1402 quibus
304 1319 440 1404 praedae
471 1329 593 1384 tantum
623 1319 701 1398 fuit,
737 1329 889 1403 quantum
915 1320 970 1384 vix

10 1408 248 1567 &Carthagine
274 1423 342 1477 tum
367 1412 493 1491 fuisset,
526 1435 598 1478 cum
624 1434 688 1497 qua
713 1413 832 1479 viribus
860 1413 969 1498 aequis

73 1514 122 1571 tur.

31 1588 115 1664 Pacis
141 1609 214 1664 ante
241 1600 352 1667 diebus
385 1623 481 1687 quam
509 1599 687 1687 Syracusae
717 1611 902 1686 caperentur
927 1599 966 1665 Τ.
989 1622 1020 1670 11

10 1676 96 1756 botius
112 1715 183 1759 cum
202 1694 478 1779 quinqueremibus
497 1695 657 1780 octoginta
673 1693 802 1760 Uticam
820 1695 860 1762 ab
879 1694 970 1782 Lily-

10 1794 43 1843 ¹⁸⁰
58 1789 214 1854 transmisit
240 1799 288 1868 et,
325 1812 398 1855 cum
424 1799 497 1856 ante
527 1790 630 1855 lucem
660 1801 786 1875 portum
811 1791 967 1869 intrasset,
988 1809 1020 1858 18

10 1878 97 1948 flodus
119 1883 277 1949 frumento
304 1895 432 1950 onustas
461 1884 543 1969 cepit
569 1905 779 1971 egressusque
799 1885 833 1949 in
855 1894 969 1951 terram

10 1974 144 2057 Quietus
173 1988 221 2043 est
246 1979 442 2063 aliquantum
463 1979 532 2065 agri
554 1979 637 2045 circa
654 1978 784 2046 Uticam
805 1981 970 2065 praedam·

10 2070 117 2137 noma
134 2072 259 2159 generis
277 2082 360 2139 retro
378 2074 419 2139 ad
435 2074 526 2139 navis
549 2074 623 2160 egit.
667 2073 860 2161 Lilybaeum
877 2075 969 2140 tertio
989 2093 1022 2140 14

10 2144 189 2243 ι’1111111111
206 2169 367 2256 profectus
386 2180 452 2234 erat
474 2192 547 2235 cum
565 2178 691 2235 centum
713 2170 842 2256 triginta
859 2192 970 2236 onera-

10 2237 140 2328 -lltdbus
159 2263 315 2330 frumento
332 2264 511 2349 praedaque
529 2264 651 2329 onustis
668 2263 763 2341 redit,
790 2264 886 2348 idque
903 2264 968 2328 fru-

10 2352 82 2419 Um
95 2359 252 2443 extemplo
272 2356 448 2443 Syracusas
466 2358 564 2435 misit,
593 2357 678 2442 quod
699 2357 732 2420 ni
754 2367 819 2421 tam
840 2358 873 2420 in
891 2368 969 2421 tem·
989 2376 1022 2423 1o

10 2446 250 2529 1111111111111111,
278 2451 449 2517 victoribus
476 2451 630 2535 victisque
655 2451 773 2537 pariter
793 2450 969 2535 perniciosa

10 2542 204 2612 marabot.

29 2626 156 2705 XXXII.
200 2639 324 2705 Eadem
350 2650 468 2706 aestate
494 2641 528 2705 in
545 2638 716 2727 Hispania,
745 2661 818 2704 cum
843 2637 1003 2705 bienni01

10 2733 134 2798 mathil
156 2735 325 2800 admodum
348 2735 551 2801 memorabile
573 2735 692 2800 factum
714 2743 799 2800 esset
817 2733 971 2800 consiliis-

10 2826 116 2913 tnagis
139 2849 235 2913 quam
258 2829 352 2894 armis
374 2828 493 2896 bellum
513 2839 686 2918 gereretur,
713 2829 850 2895 Romani
870 2829 971 2916 impa-

10 2910 61 2984 ldss
80 2923 198 3009 egressi
225 2923 364 2990 hibernis
386 2925 494 3011 copias
516 2925 755 2991 coniunxerunt
798 2924 844 2991 ibi
866 2925 1002 2990 consi-a

10 3015 238 3096 advocatum,
266 3019 469 3103 omniumque
491 3019 524 3083 in
546 3041 644 3084 unum
667 3029 877 3105 congruerunt
899 3039 970 3084 sen·

10 3099 69 3187 1111,
92 3112 219 3196 quando
241 3112 282 3177 ad
302 3113 336 3177 id
356 3113 498 3179 locorum
518 3113 552 3178 id
573 3113 667 3179 modo
690 3124 795 3178 actum
812 3119 912 3188 esset,
934 3120 970 3176 ut

10 3198 172 3271 statuam
203 3206 382 3271 tendentem
411 3208 446 3273 in
475 3207 600 3272 Italiam
625 3207 807 3282 retinerent,
843 3215 1004 3290 tempusa

10 3294 61 3365 tid
76 3298 138 3365 iam
157 3299 224 3386 agi,
242 3310 278 3364 ut
294 3299 412 3366 bellum
429 3301 463 3366 in
479 3301 638 3388 Hispania
654 3300 803 3365 finiretur.
843 3307 875 3363 et
892 3297 968 3363 satis

13 3384 158 3460 ilvirium
176 3394 346 3460 madebant
362 3397 536 3462 accessisse
557 3395 670 3483 viginti
690 3394 777 3459 milia
795 3391 970 3459 Celtibero-

10 3502 62 3552 rea
77 3488 181 3554 hieme
199 3490 240 3555 ad
258 3513 345 3556 arma
362 3492 577 3558 excitatorum.
613 3499 676 3556 tres
695 3487 851 3555 exercitus
869 3496 967 3553 erant.
986 3507 1004 3554 4

10 3578 120 3647 drubal
148 3580 299 3672 Gisgonis
334 3585 418 3651 filius
454 3595 485 3651 et
510 3585 610 3673 Mago
646 3583 820 3650 coniunctis
857 3581 968 3648 castris

10 3694 74 3760 tque
92 3677 191 3744 ferme
213 3678 335 3744 dierum
352 3680 411 3746 iter
432 3679 472 3746 ab
489 3679 642 3746 Romanis
661 3678 798 3744 aberant.
842 3676 970 3763 propior
987 3695 1004 3743 5

25 3768 215 3838 Hamilcaris
238 3773 320 3841 filius
338 3774 536 3853 Hasdrubal,
564 3783 655 3840 vetus
676 3775 711 3839 in
731 3771 888 3858 Hispania
910 3771 970 3836 im·

10 3872 73 3947 ‚tor;
105 3868 147 3934 ad
165 3868 274 3935 urbem
291 3869 416 3936 nomine
433 3869 615 3956 Amtorgim
633 3867 803 3934 exercitum
821 3865 968 3933 habebat.
