2528 4530
292 256 410 313 arnna
427 256 645 329 xxv,13.14.
665 260 704 328 [a.
715 256 819 329 cara]
1007 247 1073 314 229

77 417 186 495 sarcito,
215 415 407 482 vitabundus
431 424 534 481 castra
555 413 695 481 hostium
718 414 940 501 consulesque,
967 417 1022 504 qui
1038 418 1072 484 in

77 513 166 577 omnio
188 521 291 589 erant,
319 533 392 576 cum
414 509 598 575 Benevento
619 508 684 575 iam
706 510 984 597 adpropinquaret,
1011 511 1106 582 trias

78 607 121 671 'dia
135 628 288 692 passuum
306 603 347 670 ab
364 604 435 690 ipsa
452 602 530 669 urbe
548 603 618 669 loco
636 604 720 670 edito
737 614 841 670 castra
858 605 979 691 posuit3
996 605 1072 672 inde

78 702 193 766 :sociis
221 700 304 765 circa
329 699 470 785 populis,
498 720 561 783 quo
589 708 708 764 aestate
735 709 965 785 comportatum
991 710 1068 780 erat,

78 794 144 859 :vehi
166 794 361 859 frumentum
382 794 416 857 in
438 803 542 858 castra
563 792 656 857 iussit
677 794 842 878 praesidiis
865 795 961 873 datis,
988 816 1070 880 quae

78 899 225 954 mmeatus
252 911 307 954 eos
334 897 606 975 prosequerentur.
653 886 798 974 Capuam
825 889 899 954 inde
924 891 1104 962 nuntiumo

78 984 130 1060 isit,
149 1005 213 1067 qua
230 982 282 1048 die
298 982 333 1047 in
351 982 462 1047 castris
481 982 522 1047 ad
539 980 757 1068 accipiendum
770 981 963 1048 frumentum
980 1006 1071 1070 prae-

78 1101 86 1142 r
101 1085 205 1143 essent
222 1077 308 1142 omni
326 1077 466 1161 undique
483 1097 599 1162 genere
611 1075 827 1142 vehiculorum
844 1077 1070 1144 iumentorum·

78 1194 95 1236 s
113 1193 151 1236 ex
168 1171 254 1257 agris
274 1180 443 1237 contracto.
492 1171 525 1234 id
542 1192 600 1257 pro
618 1180 722 1236 cetera
739 1170 883 1236 socordia
899 1171 1069 1258 neglegen-
1088 1196 1103 1243 r

78 1289 136 1351 ,que
153 1290 173 1331 a
193 1265 366 1352 Campanis
384 1276 504 1332 actum:
531 1266 625 1352 paulo
643 1265 715 1352 plus
734 1265 964 1351 quadringenta
981 1265 1069 1331 vehi·

79 1360 222 1426 lamisso
244 1370 276 1425 et
297 1382 399 1446 pauca
420 1369 582 1447 praeterea
604 1361 751 1426 iumenta
793 1359 833 1425 ob
852 1359 886 1423 id
907 1359 1068 1446 castigatis

79 1455 270 1533 ·Hannone,
297 1455 383 1539 quod
408 1477 449 1520 ne
474 1454 577 1520 fames
604 1455 745 1539 quidem,
777 1476 859 1539 quae
884 1463 989 1520 mutas
1016 1476 1069 1519 ao·

79 1550 176 1617 nderet
193 1549 327 1628 bestias,
347 1571 455 1615 curam
472 1571 581 1615 eorum
600 1549 765 1614 stimulare*
778 1558 896 1636 posset,
916 1548 978 1613 alia
994 1571 1067 1636 pro-

79 1655 114 1709 rta
131 1644 200 1710 dies
219 1643 260 1709 ad
277 1643 469 1709 frumentum
492 1644 609 1709 maiore
632 1653 786 1730 apparatu
802 1643 984 1730 petendum.
1029 1665 1101 1715 eas

79 1740 135 1805 rnia
153 1740 235 1806 sicut
253 1749 323 1804 acta
341 1750 429 1804 erant
446 1762 519 1804 cum
533 1741 694 1805 enuntiata
701 1739 935 1805 Beneventanis
949 1749 1065 1818 essent,

79 1844 149 1918 atos
168 1835 278 1899 decem
297 1835 453 1920 extemplo
472 1834 514 1899 ad
531 1834 676 1900 consules
695 1834 778 1900 circa
794 1834 988 1912 Bovianum,
1011 1833 1067 1900 ubi

79 1939 132 1994 stra
157 1929 374 1994 Romanorum
400 1938 502 2007 erant,
537 1930 700 1996 miserunt.
754 1930 809 2014 qui
840 1951 913 1994 oum
939 1929 1099 2007 auditiaa

80 2045 111 2086 ae
136 2023 178 2088 ad
201 2022 347 2108 Capuam
372 2032 553 2109 agerentur,
584 2024 666 2090 inter
691 2046 727 2089 se
752 2035 1003 2109 comparassent,
1030 2033 1066 2087 ut

80 2137 107 2181 er
128 2117 161 2181 in
185 2116 392 2202 Campaniam
416 2118 588 2183 exercitum
610 2117 750 2195 duceret,
779 2117 927 2195 Fulvius,
955 2118 1006 2183 cui
1027 2140 1066 2182 ea

80 2211 189 2276 >vincia
216 2210 399 2289 obvenerat,
435 2211 596 2296 profectus
622 2222 713 2277 nocte
739 2210 915 2277 Beneventi
940 2211 1066 2277 moenia

95 2306 269 2392 ingressus.
323 2327 362 2369 ex
378 2304 555 2390 propinquo
577 2305 754 2390 cognoscit,
781 2302 974 2369 Hannonem
991 2325 1065 2369 cum
1084 2324 1116 2372 10

80 2400 183 2466 troitus
209 2408 297 2485 parte
323 2398 500 2485 profectum
522 2400 761 2477 frumentatum,
789 2421 845 2486 per
866 2407 1065 2483 quaestorem
1096 2428 1099 2436 ·

80 2493 202 2581 mpanis
229 2494 338 2558 datum
363 2494 569 2573 frumentum,
596 2494 659 2560 duo
681 2493 768 2559 milia
788 2492 1000 2579 plaustrorum
1016 2493 1066 2557 in-

80 2589 187 2654 rditam
212 2587 426 2672 inermemque
452 2589 546 2654 aliam
573 2588 698 2655 turbam
724 2587 905 2665 advenisse,
932 2608 989 2673 per
1014 2596 1065 2651 tu-

81 2683 161 2748 ltum
179 2704 217 2746 ac
235 2683 474 2769 trepidationem
491 2683 597 2749 omnia
614 2683 668 2772 agi
680 2693 916 2768 castrorumque
928 2681 1065 2746 formam

81 2776 242 2842 militarem
260 2778 401 2842 ordinem
423 2777 561 2843 inmixtis
581 2776 758 2864 agrestibus
775 2777 815 2842 iis
833 2775 970 2842 externis
989 2774 1065 2841 sub·

81 2895 135 2936 un.
180 2870 230 2936 his
250 2871 325 2937 satis
344 2872 512 2959 compertis
532 2871 643 2936 consul
665 2871 816 2937 militibus
836 2871 943 2949 edicit,
972 2871 1064 2958 signa
1082 2891 1112 2939 11

81 2979 148 3030 tum
168 2988 316 3050 armaque
341 2967 375 3031 in
391 2968 567 3052 proximam
589 2976 726 3032 noctem·
738 2966 934 3053 expedirent:
961 2976 1065 3030 castra

81 3061 148 3126 rica
166 3061 379 3148 oppugnanda
397 3083 477 3127 esse.
522 3071 633 3145 quarta
654 3060 763 3148 vigilia
779 3060 913 3146 profecti
931 3059 1062 3124 sarcinis
1082 3078 1113 3125 12

81 3153 173 3220 nibus
199 3154 494 3241 impedimentisque
520 3155 696 3221 Beneventi
725 3154 842 3221 relictis
869 3153 1063 3239 paulo-ante

81 3272 128 3315 sm
156 3270 230 3313 cum
256 3249 296 3314 ad
322 3260 425 3314 castra
450 3249 680 3334 pervenissent,
717 3257 838 3313 tantum
864 3246 989 3333 pavoris
1015 3245 1064 3309 in-

82 3352 179 3419 nunt,
207 3353 241 3406 ut
259 3343 287 3407 si
304 3343 337 3408 in
354 3343 448 3429 plano
467 3352 569 3408 castra
590 3343 693 3428 posita
716 3351 835 3418 essent,
863 3338 1062 3406 hauddubie

82 3458 126 3503 no
143 3437 265 3522 impetu
284 3438 353 3522 capi
369 3437 536 3522 potuerint
582 3436 713 3502 adtitudo
735 3436 796 3501 loci
819 3443 850 3500 et
868 3434 1062 3499 munimenta
1081 3454 1112 3503 18

82 3531 210 3609 endere,
229 3553 310 3616 quae
328 3531 414 3596 nulla
431 3553 471 3595 ex
488 3539 576 3617 parte
594 3529 674 3596 adiri
690 3530 752 3596 nisi
770 3530 868 3596 arduo
886 3550 923 3594 ao
941 3526 1062 3592 difficili

82 3648 162 3692 ensu
179 3635 331 3711 poterant.
376 3626 447 3690 luce
469 3624 570 3710 prima
586 3625 739 3712 proelium
760 3624 873 3711 ingens
892 3642 1061 3688 accensum
1079 3642 1112 3692 14

128 3741 188 3785 neo
214 3719 332 3785 vallum
358 3721 452 3786 modo
479 3729 619 3785 tutantur
643 3719 764 3798 Poeni,
801 3719 859 3785 sed
884 3728 919 3782 ut
945 3714 1060 3801 quibus

82 3839 113 3882 rs
131 3815 263 3899 aequior
280 3825 378 3894 esset,
397 3814 564 3881 deturbant
581 3815 708 3881 nitentis
726 3837 783 3903 per
800 3813 899 3881 ardua
915 3813 1033 3878 hostes.

86 3909 209 3980 XIIIL
253 3909 360 3976 Vincit
381 3920 488 3977 tamen
512 3910 617 3976 omnia
642 3910 786 3997 pertinax
807 3910 920 3988 virtus,
948 3917 980 3973 et
1004 3905 1094 3978 ali-r

83 4016 103 4070 ιι
125 4003 222 4072 simul
242 4004 384 4092 partibus
408 4004 449 4071 ad
471 4004 588 4071 vallum
609 4026 648 4071 ao
669 4003 773 4073 fossas
794 4012 980 4093 perventum
1002 4011 1060 4081 eat,
