2528 4514
145 255 211 319 414
387 261 505 318 LIBER
523 260 667 330 XXVIII,
685 260 727 314 27.
749 263 824 328 [au.
836 260 938 330 sota]

146 425 262 491 civium
280 424 457 510 adgnosco,
484 420 583 497 facta,
610 417 707 495 dicta,
731 417 878 496 consilia,
903 418 1029 484 animoa
1045 422 1154 486 hostium

112 544 128 590 5
146 519 248 584 video.
293 517 370 601 quid
387 515 472 580 enim
488 537 562 592 vos,
585 511 647 577 nisi
665 513 752 595 quod
767 511 926 601 Ilergetes
945 524 1004 579 aut
1020 513 1154 592 Laoemni,

146 624 201 678 aut
218 611 351 699 optastis
370 610 456 675 aliud
474 619 529 674 aut
547 607 718 695 sperastis?
744 618 777 672 et
793 606 840 672 illi
853 618 964 675 tamen
973 608 1155 675 Mandonium

147 719 241 791 atque
265 705 450 782 Indibilem,
477 703 585 790 regiae
610 700 784 768 nobilitatis
811 701 914 781 viros,
942 703 1043 769 duces
1067 702 1155 769 lurum

148 799 248 866 secuti
258 808 341 877 sunt,
360 821 417 864 vos
429 798 604 884 auspicium
614 808 646 862 et
655 796 823 884 imperium
832 797 1049 865 adUmbrum
1056 797 1154 864 Aut-

113 921 128 966 s
148 906 180 961 et
198 893 354 960 Calenum
371 893 504 958 Albium
522 890 690 959 detulistis.
734 903 850 980 negate
869 916 928 960 vos
951 893 989 958 id
1011 916 1109 959 omnes
1120 894 1154 959 fo

146 991 229 1055 cisse
247 999 302 1054 aut
324 990 445 1053 factum
466 987 620 1066 voluisse,
647 987 778 1066 milites3
804 1009 985 1075 paucorum
1008 1012 1077 1055 eum
1091 989 1152 1053 luno

145 1108 214 1151 rem
240 1095 334 1168 atque
361 1083 531 1148 amentiam
558 1105 629 1148 esse
659 1082 794 1147 libenter
822 1083 953 1148 credam
982 1082 1150 1170 negantibus
1176 1088 1185 1167 j

146 1201 205 1246 nec
223 1179 308 1246 enim
326 1201 364 1244 ea
383 1191 456 1244 sunt
474 1178 658 1256 commissa,
682 1199 763 1262 quae
780 1178 914 1264 vulgata
930 1178 966 1242 in
984 1200 1101 1244 omnem
1114 1198 1150 1241 eu·

113 1297 127 1343 t
147 1274 279 1340 ercitum
297 1274 365 1339 sine
382 1273 516 1360 piaculis
538 1273 721 1360 ingentibus
744 1272 866 1359 expiari
883 1272 1022 1358 possint.
1062 1271 1148 1338 indta

147 1392 185 1434 ea
207 1381 369 1453 tamquam
390 1368 523 1434 vulnera
546 1368 682 1454 attingo,
710 1368 768 1433 sed
789 1366 852 1432 nisi
873 1378 962 1433 tacta
988 1378 1147 1451 tractataqut

112 1484 128 1532 8
148 1463 253 1530 sanari
279 1487 344 1530 non
368 1475 513 1550 possunt.
563 1463 710 1548 equidem
734 1461 836 1548 pulsis
858 1463 1022 1551 Hispania
1047 1460 1147 1529 carm
1173 1464 1185 1497 '-

146 1557 344 1645 giniensibus
362 1558 466 1624 nullos
485 1558 629 1625 homines
648 1557 816 1624 credebam
830 1580 914 1637 esse,
931 1559 990 1624 ubi
1002 1558 1065 1624 vita
1075 1555 1147 1622 inuia

147 1665 233 1719 esset
250 1676 336 1720 mea:
365 1654 411 1718 sio
428 1676 479 1718 me
497 1678 561 1721 non
580 1655 684 1719 solum
706 1654 859 1719 adversus
883 1654 991 1720 socios
1008 1672 1145 1742 gesson,
1173 1678 1185 1715 :

114 1768 128 1814 9
148 1749 319 1815 sedetiam
338 1749 490 1814 adversus
509 1748 620 1815 hostis.
656 1748 821 1815 incastris
839 1771 881 1814 en
898 1748 1016 1815 meis·
1029 1757 1145 1833 quantun
1174 1805 1185 1811 -

55 1901 58 1905 .
147 1844 254 1929 opinio
280 1843 408 1908 fefellitl
425 1881 452 1892 -
469 1845 556 1909 fama
581 1844 691 1910 mortis
713 1866 804 1909 meae
826 1867 892 1910 non
914 1855 1046 1932 accepta
1065 1843 1144 1917 solum
1180 1877 1185 1883 ·

97 1956 129 2003 10
148 1937 318 2003 sedetiam
341 1948 507 2025 expectata
529 1950 588 2005 est.
632 1962 696 2007 non
718 1940 803 2024 quod
830 1962 892 2026 ego
914 1939 1040 2027 vulgari
1054 1937 1145 2005 faena

145 2054 203 2118 per
220 2031 323 2098 omnis
342 2032 437 2098 velim
453 2070 480 2080 -
497 2034 657 2119 equidem,
686 2033 714 2099 si
731 2044 832 2099 totum
854 2035 1030 2116 exercitum
1046 2043 1145 2100 morum

146 2127 225 2191 mihi
251 2139 380 2214 optasse
407 2130 582 2207 crederem,
609 2129 661 2194 hic
689 2129 795 2194 statim
823 2140 896 2194 ante
923 2130 1034 2196 oculos
1054 2138 1145 2195 vestm
1182 2182 1185 2187 .

147 2245 286 2289 morerer
306 2245 367 2289 neo
388 2248 440 2290 me
463 2224 528 2289 vita
547 2224 673 2289 iuvaret
693 2224 797 2289 invisa
820 2223 943 2289 civibus
972 2236 1004 2290 et
1029 2223 1145 2289 militibus
1176 2258 1185 2271 ·

96 2337 125 2382 11
145 2319 225 2383 meis
242 2356 282 2397 -,
312 2320 369 2385 sed
391 2318 558 2384 multitudo
582 2319 684 2385 omnis
708 2320 788 2384 sicut
810 2331 925 2384 natura
947 2321 1044 2386 maris
1064 2334 1146 2406 persa
1177 2350 1181 2357 ·

145 2413 304 2479 inmobilis
319 2425 378 2492 est,
398 2425 430 2478 et
443 2414 529 2479 venti
547 2425 579 2478 et
597 2437 692 2479 aurae
707 2414 896 2479 cient-ita
909 2426 966 2480 aut
978 2412 1156 2499 tranquillat
1176 2436 1185 2461 =

146 2519 200 2572 aut
217 2509 375 2594 procellae
393 2509 426 2573 in
445 2508 535 2573 vobis
555 2520 637 2574 sunt.
682 2520 715 2573 et
731 2531 829 2574 causa
850 2520 947 2594 atque
970 2511 1058 2596 origo
1075 2503 1147 2575 omni!
1176 2531 1185 2545 ·

95 2621 126 2667 12
146 2603 260 2669 furoris
279 2627 377 2690 penes
397 2614 540 2669 auctores
559 2614 622 2681 est3
646 2627 704 2670 vos
723 2604 912 2690 contagione
930 2594 1148 2684 inanimam?

145 2697 280 2762 mihine
299 2698 392 2762 hodie
411 2698 539 2782 quidem
557 2698 637 2763 scire
655 2698 820 2776 videmini,
848 2720 912 2783 quo
932 2699 1086 2764 amentiae
1099 2714 1147 2783 pm

145 2791 248 2874 gressi
266 2791 348 2869 sitis,
368 2793 445 2875 quid
462 2793 611 2858 facinoris
628 2792 662 2857 in
680 2816 745 2871 me,
768 2793 844 2877 quid
860 2792 895 2858 in
911 2795 1050 2880 patriam
1064 2810 1147 2880 paren
1179 2848 1183 2853 .

146 2884 249 2965 uisque
268 2906 305 2949 ac
323 2886 439 2952 liberos
457 2899 596 2965 vestros,
619 2887 696 2971 quid
712 2888 745 2952 in
763 2888 840 2953 deos
860 2888 1052 2954 sacramenti
1068 2895 1146 2955 testas
1179 2942 1185 2948 .

147 2978 221 3062 quid
248 2980 400 3046 adversus
428 2983 582 3069 auspicia,
611 2984 671 3047 sub
697 2983 811 3065 quibus
834 2982 993 3062 militatis,
1020 2982 1092 3068 qnid
1112 2975 1147 3043 td·
1183 3007 1185 3012 ·

144 3096 255 3138 versus
274 3098 394 3140 morem
412 3077 541 3142 militiae
560 3077 820 3164 disciplinamque
839 3077 1011 3155 maiorum,
1029 3076 1099 3163 quid
1111 3069 1146 3137 ad-

96 3188 124 3235 13
144 3191 255 3234 versus
275 3171 389 3235 summi
407 3171 520 3257 imperi
541 3173 738 3237 maiestatem
761 3171 830 3236 ausi
854 3171 934 3238 sitis.
981 3173 1021 3238 de
1038 3195 1086 3237 me
1099 3170 1146 3255 ipsu

144 3276 232 3327 taceo
247 3302 270 3310 —
286 3276 404 3331 temere
425 3267 531 3352 potius
558 3290 653 3350 quam
680 3267 772 3332 avide
799 3267 1014 3347 credideritis,
1042 3266 1146 3348 deniquo
1182 3314 1185 3319 -

144 3379 203 3443 ego
223 3358 297 3436 sim,
325 3360 414 3424 cuius
432 3361 545 3446 imperi
567 3363 694 3428 taedere
717 3361 891 3426 exercitum
911 3362 1043 3428 minime
1059 3361 1146 3425 mirus

144 3449 219 3513 dum
247 3453 335 3518 sit-:
366 3454 470 3540 patria
495 3456 572 3539 quid
599 3456 638 3520 de
665 3456 757 3522 vobis
783 3467 959 3536 meruerat,
987 3480 1079 3542 quam
1097 3468 1145 3518 cnm

141 3544 319 3613 Mandonio
351 3559 383 3613 et
413 3549 542 3614 Indibili
572 3551 783 3616 consociando
815 3549 950 3616 consilia
975 3542 1148 3638 prodebatis?

92 3661 124 3706 14
143 3640 218 3723 quid
244 3643 380 3729 populus
397 3643 576 3722 Romanus,
605 3667 677 3711 cum
702 3645 871 3732 imperium
893 3645 1035 3711 ablatum
1056 3646 1092 3710 ab
1109 3636 1146 3705 tn’·

143 3736 235 3801 bunis
260 3737 412 3824 suffragio
434 3740 543 3825 populi
565 3740 678 3806 creatis
702 3741 743 3804 ad
761 3741 905 3806 homines
925 3741 1064 3827 privatos
1081 3738 1146 3801 detu-

141 3829 237 3907 listis,
261 3854 332 3896 oum
352 3857 389 3898 eo
407 3833 478 3919 ipso
496 3858 559 3899 non
579 3835 730 3913 contenti,
756 3837 782 3900 si
799 3858 858 3922 pro
876 3834 1010 3900 tribunis
1028 3834 1094 3898 illos
1108 3828 1146 3892 ht·

141 3923 272 4001 beretis,
300 3927 404 3992 fasces
422 3928 619 4014 imperatoris
639 3929 736 3994 vestri
760 3930 800 3994 ad
819 3953 888 4008 eos,
916 3929 1031 4014 quibus
1049 3940 1145 3992 serunt

143 4017 192 4081 cui
218 4017 426 4104 imperarent,
462 4045 634 4108 numquam
665 4024 788 4103 fuerat,
823 4024 986 4091 Romanus
1015 4016 1146 4088 exercitut
