2528 4514
196 249 311 302 LIBER
330 249 441 319 XXVI,
460 249 503 306 32.
517 249 559 303 33.
580 252 617 317 [a.
628 249 658 304 O.
669 250 731 318 210]
910 239 972 302 301

95 406 152 469 ›uli
168 405 317 482 Romani,
346 408 435 471 cuius
458 406 669 472 munificentia
695 429 732 472 ac
754 409 844 474 donis
867 409 973 476 multis

96 499 196 576 tibus,
224 499 284 564 hoc
306 500 441 583 denique
464 502 533 584 ipso
551 499 673 566 Punico
695 500 777 567 bello
800 503 907 567 adiuta
924 525 974 568 or·

95 617 144 658 res
163 593 289 678 publica
306 605 399 658 esset.
432 595 458 658 si
476 594 516 658 ab
534 594 642 660 inferis
661 596 775 662 existat
792 619 848 661 rex
861 596 970 676 Hiero,
991 621 1007 666 4

97 711 112 752 s
135 689 258 772 imperii
275 688 410 752 Romani
428 689 541 765 cultor,
568 710 630 772 quo
653 712 705 754 oro
723 701 778 754 aut
796 688 971 776 Syracusas

95 807 139 846 am
158 784 187 847 ei
205 784 328 847 ostendi
345 805 453 867 posse,
473 806 554 860 oum,
573 783 629 848 ubi
647 785 827 850 semirutam
845 808 882 850 ac
900 807 973 871 spo-

95 877 199 941 atriam
216 878 401 961 respexerit,
421 877 598 962 ingrediens
612 875 749 941 Romam
765 879 799 942 in
816 878 972 945 vestibulo

95 994 162 1056 :ope
180 973 213 1034 in
231 982 333 1056 porta,
363 973 462 1057 spolia
478 972 596 1057 patriae
616 994 692 1036 suae
709 972 834 1039 visurus
854 974 913 1038 sit?
930 1011 972 1023 —-

95 1089 172 1149 aquc
191 1088 262 1130 cum
285 1068 326 1130 ad
347 1067 496 1134 inuidiam
520 1065 656 1131 consulis
679 1065 972 1152 miserationemque
991 1092 1006 1136 a

95 1184 122 1223 m
146 1161 334 1238 dicerentur,
362 1160 468 1225 mitius
491 1172 596 1225 tamen
623 1161 827 1226 decreverunt
852 1172 971 1247 patres:

95 1254 237 1330 darcelli‚
257 1256 383 1337 quaeis
402 1278 515 1341 gerens
534 1255 650 1320 bellum
668 1256 828 1340 victorque
843 1257 970 1343 egisset,
992 1281 1006 1326 o
1039 1253 1048 1274 '

95 1349 170 1412 enda
188 1371 272 1425 esse3
291 1350 324 1412 in
341 1350 471 1413 relicum
489 1371 581 1414 cume
600 1351 722 1415 senatui
738 1350 805 1415 foro
823 1373 890 1416 rem
909 1348 972 1436 Sy-

96 1467 127 1505 m
145 1443 409 1526 mandaturosque
428 1444 548 1507 consuli
556 1443 714 1521 Laevino,
733 1453 782 1522 ut,
801 1445 886 1528 quod
904 1445 971 1509 sine

95 1539 129 1601 rei
155 1537 300 1622 publicae
327 1538 394 1602 fieri
420 1548 546 1622 posset,
582 1538 716 1604 fortunis
743 1540 810 1604 eius
837 1539 971 1604 civitatis

95 1641 125 1694 rt.
170 1632 275 1695 missis
299 1632 422 1696 duobus
446 1632 643 1698 senatoribus
665 1633 699 1696 in
717 1632 908 1718 Capitolium
931 1634 971 1698 ad
991 1655 1005 1700 7

95 1750 116 1801 ι,
136 1727 182 1788 uti
199 1726 313 1789 rediret
330 1727 363 1788 in
381 1726 512 1802 curiam,
536 1736 567 1791 et
584 1727 768 1792 introductis
789 1725 904 1792 Siculis
923 1749 973 1792 se-

95 1821 228 1884 nsultum
245 1821 408 1885 recitatum
423 1831 483 1898 est,
502 1821 660 1907 legatique
674 1821 809 1908 benigne
823 1823 971 1908 appellati
989 1841 1004 1888 8

95 1915 129 1978 ssi
160 1915 200 1978 ad
232 1937 335 1999 genua
366 1937 399 1979 se
430 1914 574 1980 Marcelli
605 1916 743 1982 consulis
774 1918 972 2002 proiecerunt

95 2007 104 2093 l
135 2020 165 2072 et
192 2008 405 2086 obsecrantes,
438 2020 485 2087 ut,
522 2032 602 2094 quae
629 2011 839 2096 deplorandae
864 2034 902 2078 ac
926 2012 971 2082 le·

97 2102 264 2167 alamitatis
284 2127 379 2168 causa
397 2104 564 2181 dixissent,
582 2106 707 2170 veniam
720 2106 765 2172 eis
784 2107 872 2171 daret
889 2117 921 2171 et
938 2107 971 2170 in

95 2197 297 2280 ientelamque
329 2221 363 2262 se
393 2198 565 2281 urbemque
598 2195 773 2283 Syracusas
805 2202 968 2285 acciperet.

110 2293 170 2356 hoo
189 2293 299 2356 consul
317 2293 486 2357 clementer
503 2291 677 2376 appellatos
696 2315 750 2357 eos
769 2294 894 2359 dimisit.

95 2387 178 2452 (ΙΙΙ.
225 2386 395 2471 Campanis
416 2387 528 2451 deinde
547 2394 674 2451 senatus
692 2387 784 2450 datus
803 2397 865 2464 est,
893 2408 970 2470 quo·
990 2410 1002 2454 1

95 2481 129 2545 zio
151 2480 369 2558 miserabilior,
398 2504 494 2545 causa
515 2480 622 2544 durior
643 2489 718 2544 erat.
762 2501 863 2564 neque
886 2481 969 2545 enim
989 2502 1003 2548 2

94 2597 201 2659 menas
220 2598 334 2660 negare
353 2585 496 2660 poterant
513 2596 572 2639 nec
585 2574 709 2660 tyranni
724 2585 826 2653 erant,
844 2576 878 2640 in
890 2597 969 2658 quos

95 2669 272 2746 :onferrent,
293 2670 349 2733 sed
368 2669 443 2733 satis
457 2691 592 2753 pensum
605 2691 777 2754 poenarum
790 2679 836 2735 tot
849 2692 969 2735 veneno

95 2786 128 2840 s,
165 2773 210 2827 tot
237 2764 338 2827 securi
368 2763 527 2848 percussis
559 2763 755 2829 senatoribus
785 2764 969 2830 credebant:

97 2857 225 2922 obilium
244 2880 423 2942 superesse,
451 2880 531 2942 quos
549 2880 607 2923 nec
625 2882 683 2924 sua
705 2860 907 2937 conscientia,
934 2870 969 2924 ut
989 2880 1003 2926 3

95 2975 106 3014 1
125 2952 164 3014 de
179 2974 213 3015 sc
227 2952 355 3036 gravius
371 2951 569 3017 consulerent
581 2953 752 3038 impulerit,
770 2976 829 3018 nec
843 2955 968 3019 victoris

97 3070 111 3109 s
131 3047 342 3124 damnaverit;
371 3069 424 3112 eos
443 3047 617 3112 libertatem
635 3047 696 3113 sibi
719 3049 847 3130 suisque
865 3057 896 3110 et
913 3046 969 3112 bo-

95 3141 204 3222 ‚iquam
222 3151 343 3224 partem
362 3163 462 3218 orare,
483 3142 567 3206 cives
580 3141 741 3207 Romanos
755 3139 967 3205 adfinitatibus

95 3257 103 3298 r
122 3245 152 3298 et
170 3236 351 3320 propinquis
375 3237 500 3299 iamiam
520 3235 758 3321 cognationibus
777 3257 816 3299 ex
834 3233 968 3299 conubio

95 3341 212 3394 unctos.
250 3331 413 3393 summotis
433 3329 544 3392 deinde
563 3351 580 3392 e
600 3328 715 3413 templo
733 3328 892 3414 paulisper
909 3328 966 3391 du·
985 3349 1001 3394 4

104 3447 144 3487 an
163 3425 368 3488 arcessendus
387 3449 406 3487 a
417 3423 528 3508 Capua
543 3422 583 3505 Q·
597 3422 730 3487 Fulvius
749 3432 833 3488 esset
845 3459 872 3469 -
884 3445 967 3487 mor-

95 3541 112 3580 o
129 3527 200 3602 post
220 3528 342 3602 captam
363 3517 515 3583 Claudius
535 3516 645 3581 consul
662 3526 780 3597 erat-,
808 3526 843 3598 ut
861 3539 966 3581 coram

95 3634 123 3676 re
141 3612 195 3695 qui
212 3635 262 3676 res
282 3613 447 3697 gessisset,
476 3613 556 3675 sicut
574 3612 654 3675 inter
670 3609 855 3674 Marcellum
876 3607 967 3675 Sicu-

96 3708 282 3790 isceptatum
311 3707 427 3783 fuerat,
455 3707 688 3790 disceptaretur.
733 3705 805 3768 dein
828 3726 900 3769 cum
917 3703 965 3768 M.
986 3727 1000 3773 5

112 3799 150 3865 C.
168 3800 316 3865 Fulvium
335 3800 461 3864 fratrem
479 3800 599 3877 Flacci,
627 3800 747 3884 legatos
767 3798 848 3876 eius,
876 3808 907 3862 et
925 3797 965 3881 Q.

95 3919 113 3958 n
137 3904 168 3958 et
189 3896 230 3959 L.
249 3894 415 3959 Veturium
433 3894 612 3972 Philonem,
640 3895 714 3957 item
734 3891 858 3958 Claudii
880 3893 967 3979 lega-

118 3990 262 4055 omnibus
290 3991 435 4076 gerendis
461 3989 555 4055 rebus
583 3989 759 4069 adfuerant,
795 3991 828 4055 in
856 4000 968 4056 senatu
