2528 4514
145 235 209 300 350
333 244 452 300 LIBER
469 243 596 313 XXVII,
615 245 657 298 21.
671 244 714 299 22.
734 242 989 314 [aucbdbbdd]

110 424 123 470 1
207 402 308 468 XXI.
360 400 481 467 Actum
499 400 538 465 de
555 399 686 485 imperio
703 399 849 466 Marcelli
870 401 905 465 in
923 400 1008 467 circo
1022 400 1150 470 Flaminio

109 518 125 565 a
144 506 192 564 est
208 496 329 584 ingenti
346 517 500 561 concursu
516 492 680 578 plebisque
698 503 729 559 et
747 494 889 560 omnium
906 495 1066 585 ordinum,
1081 517 1151 562 accu-

144 591 287 675 savitque
305 589 447 654 tribunus
465 587 566 674 plebis
580 610 643 652 non
651 587 840 653 Marcellum
857 589 966 668 modo,
986 591 1151 656 sedonrueu

144 683 353 749 nobilitatem:
380 682 491 747 fraude
509 704 616 746 eorum
635 690 666 746 et
684 682 882 748 cunctatione
899 683 986 763 fieri,
1004 694 1039 749 ut
1054 682 1151 749 Hanni·
1195 763 1196 774 χ

143 778 196 844 bal
214 777 369 842 decimum
386 777 449 841 iam
468 798 584 841 annum
601 776 726 841 Italiam
742 777 941 862 provinciam
959 777 1086 857 habeat,
1102 778 1151 843 du·
1194 798 1196 810 ¹

111 891 125 939 a
145 872 206 936 tius
224 872 269 936 ibi
286 894 380 956 quam
399 869 591 956 Carthagine
608 870 730 935 vixerit.
774 869 891 936 habere
908 871 1052 938 fructum
1067 871 1149 959 impul

144 967 302 1055 prorogati
320 965 472 1031 Marcello
490 965 641 1050 populum
659 966 852 1031 Romanum:
871 967 922 1033 bis
942 988 1071 1033 caesum
1086 988 1151 1032 exer·
1192 1049 1194 1059 Ι

109 1061 241 1135 4citum
263 1062 330 1125 eius
353 1060 472 1125 aestiva
490 1059 649 1124 Venusiae
673 1059 732 1125 sub
755 1061 845 1126 tectis
869 1082 978 1148 agere.
1022 1061 1099 1127 hanc
1116 1059 1151 1125 tri·
1191 1102 1196 1110 -

143 1152 220 1220 buni
238 1153 410 1220 orationem
431 1154 475 1218 ita
497 1152 600 1219 obruit
617 1152 789 1220 Marcellus
816 1156 1151 1221 commemorationem

143 1271 213 1313 rum
236 1271 377 1325 suarum,
405 1258 439 1312 ut
461 1269 524 1312 non
545 1247 668 1334 rogatio
689 1248 791 1313 solum
814 1248 853 1314 de
876 1250 1016 1335 imperio
1035 1250 1098 1315 eiua
1114 1246 1151 1313 ab·

143 1343 283 1429 rogando
305 1341 530 1426 antiquaretur,
559 1341 615 1406 sed
636 1352 763 1427 postero
785 1343 836 1407 die
859 1343 1025 1408 consulem
1042 1341 1150 1408 eumin-

110 1465 126 1512 5
144 1438 230 1523 genti
247 1459 403 1502 consensu
421 1435 579 1501 centuriae
596 1458 705 1503 omncs
724 1447 873 1502 crearent.
902 1438 1032 1503 additur
1048 1436 1151 1523 conlega

144 1531 182 1595 Τ.
203 1529 370 1613 Quinctius
389 1529 570 1615 Crispinus,
597 1531 652 1614 qui
678 1541 745 1595 tum
769 1540 894 1617 praetor
921 1541 998 1598 erat
1051 1540 1150 1618 postem

144 1626 195 1690 die
221 1635 379 1710 praetores
407 1624 502 1690 creati
523 1624 561 1689 P.
581 1625 725 1690 Licinius
749 1625 886 1692 Crassus
908 1626 1014 1692 Dives
1035 1624 1149 1714 pontifex

143 1720 313 1798 maximus,
341 1719 379 1784 P.
398 1719 543 1784 Licinius
561 1718 680 1798 Varus,
710 1718 827 1786 Sextus
849 1720 953 1787 Iulius
973 1721 1101 1800 Caesar,
1120 1716 1150 1801 Q

147 1814 310 1881 Claudius.

111 1933 125 1979 6
210 1907 416 1973 Comitiorum
438 1909 579 1994 ipsorum
601 1907 713 1979 diebus
736 1909 869 1975 sollicita
890 1910 1003 1977 civitas
1026 1911 1065 1976 de
1080 1909 1152 1975 Etru·

143 2003 209 2068 riae
227 2001 403 2068 defectione
421 2003 490 2069 fuit.
526 2005 713 2090 principium
731 2004 798 2070 eius
816 2004 862 2069 rei
879 2003 919 2069 ab
935 2003 1090 2071 Arretinis
1103 2000 1151 2068 tei

145 2096 184 2163 C.
204 2096 394 2182 Calpurnius
418 2099 597 2183 scripserat,
623 2099 677 2182 qui
700 2121 769 2163 eam
791 2098 987 2185 provinciam
1009 2122 1066 2186 pro
1085 2116 1152 2185 prae·

112 2215 124 2260 r
145 2203 211 2257 tore
229 2190 397 2257 obtinebat.
424 2193 530 2276 itaque
549 2192 713 2258 confestim
732 2215 769 2258 eo
783 2193 900 2258 missus
910 2192 1083 2259 Marcellus
1093 2212 1151 2257 con

145 2285 195 2351 sul
212 2285 409 2372 designatus,
437 2287 490 2369 qui
508 2309 574 2351 rem
591 2288 759 2372 inspiceret
777 2308 823 2363 ae,
852 2288 879 2351 si
897 2287 997 2374 digna
1010 2289 1153 2360 videretur,

144 2380 282 2445 exercitu
304 2381 403 2445 accito
425 2380 542 2444 bellum
560 2402 600 2445 ex
618 2380 737 2466 Apulia
754 2380 787 2444 in
803 2380 967 2446 Etruriam
985 2381 1153 2448 transferret

109 2496 125 2543 8
144 2496 181 2540 eo
199 2484 284 2539 metu
303 2474 462 2560 conpressi
480 2474 608 2542 Etrusci
630 2476 823 2559 quieverunt.
867 2477 1109 2543 Tarentinorum
1123 2473 1156 2538 le·

143 2569 224 2656 gatis
247 2590 357 2654 pacem
380 2568 558 2653 petentibus
581 2592 654 2634 cum
675 2568 817 2634 libertate
839 2591 877 2634 ac
898 2570 1028 2656 legibus
1048 2574 1108 2636 suis
1121 2588 1157 2633 rc·

144 2685 297 2748 sponsum
319 2662 359 2727 ab
383 2673 493 2728 senatu
517 2674 578 2742 est,
605 2674 640 2728 ut
661 2664 810 2741 redirent,
837 2686 910 2728 cum
926 2664 1052 2731 Fabius
1069 2658 1157 2731 conoul

144 2758 279 2822 Romam
297 2757 445 2823 venisset.

111 2870 125 2916 9
207 2850 295 2914 Ludi
313 2860 343 2914 et
352 2850 487 2916 Romani
505 2861 536 2917 et
553 2851 657 2937 plebei
675 2875 712 2917 eo
731 2875 813 2917 anno
830 2851 863 2916 in
882 2851 1029 2940 singulos
1048 2854 1110 2918 dies
1123 2849 1157 2913 in·

145 2944 283 3009 staurati.
329 2945 445 3011 aediles
465 2946 587 3011 curules
606 2946 694 3011 fuere
711 2946 753 3010 1..
774 2945 941 3011 Cornelius
962 2947 1158 3014 Caudinustt

146 3035 215 3102 Ser.
236 3036 395 3125 Sulpicius
415 3036 532 3118 Galba,
550 3038 655 3125 plebei
673 3039 711 3105 C.
732 3039 885 3106 Servilius
903 3050 935 3105 et
955 3039 998 3124 Q.
1020 3038 1159 3108 Caecilius

93 3153 125 3199 10
143 3133 302 3199 Metellus.
349 3132 519 3200 Servilium
540 3134 699 3220 negabant
724 3135 791 3200 iure
813 3145 868 3200 aut
889 3135 1056 3201 tribunum
1076 3132 1158 3222 plebis

143 3227 241 3293 fuisse
260 3237 313 3293 aut
331 3229 464 3293 aedilem
483 3250 567 3306 esse,
594 3230 680 3312 quod
701 3240 821 3313 patrem
843 3229 925 3306 eius,
954 3252 1053 3313 quem
1070 3229 1159 3295 triun-

142 3322 245 3386 virtlm
275 3323 434 3409 agrarium
464 3321 603 3389 occisum
634 3346 654 3387 a
679 3322 768 3387 Boiis
799 3322 882 3387 circa
907 3321 1072 3389 Mutinam
1104 3339 1158 3387 ease

143 3417 247 3501 opinio
268 3417 455 3501 perdecem
478 3438 576 3481 annos
597 3416 713 3494 fuerat,
741 3417 846 3481 vivere
868 3426 965 3500 atque
987 3418 1023 3482 in
1039 3416 1159 3483 hostium

142 3519 297 3595 potestate
320 3532 390 3575 esse
409 3509 484 3575 satis
504 3509 676 3575 constabat.

111 3624 123 3669 1
206 3603 325 3669 XXII.
371 3604 549 3669 Undecimo
572 3627 654 3669 anno
676 3603 790 3669 Punici
810 3601 886 3669 belli
907 3604 1106 3670 consulatum
1124 3601 1162 3665 in·

142 3696 243 3761 ierunt
260 3697 308 3762 M.
326 3697 497 3763 Marcellus
519 3698 662 3782 quintum
680 3736 706 3745 -
722 3708 758 3762 ut
779 3706 961 3762 numeretur
982 3698 1160 3769 consulatus,

142 3812 237 3874 quem
254 3793 329 3857 vitio
347 3804 468 3857 creatus
486 3815 549 3857 non
566 3792 666 3880 gessit
678 3829 705 3840 -
717 3801 748 3856 et
767 3792 806 3856 T.
818 3790 986 3874 Quinctius
997 3791 1160 3878 Crispinus.

108 3901 125 3948 a
143 3885 283 3967 utrisque
300 3886 481 3951 consulibus
491 3887 583 3951 Italia
601 3888 725 3951 decreta
737 3885 899 3971 provincia
911 3896 961 3950 est
974 3895 1005 3951 et
1019 3886 1084 3950 duo
1101 3904 1162 3949 con-

143 3976 247 4040 sulum
265 3979 375 4063 prioris
395 3981 468 4044 anni
490 3981 644 4046 exercitus
662 4016 688 4027 —
706 3980 815 4046 tertius
834 3979 993 4046 Venusiae
1012 3984 1161 4049 tumeret,
