2528 4530
291 242 408 312 utana
426 256 839 327 111111111111119]
1022 245 1083 310 341

84 425 147 481 unta
171 436 303 500 corpora
327 415 391 479 ictu
417 423 448 479 et
475 422 542 478 tum
569 413 707 480 conferta
734 413 834 479 turba.
880 414 936 478 sed
961 423 1085 479 utnon

84 531 169 574 onnes
187 507 342 573 vulnerati
363 516 450 585 sunt,
476 506 521 572 ita
542 506 574 571 in
595 528 729 591 quorum
745 507 841 595 tergis
859 506 955 573 infixa
973 516 1085 574 stetere

83 602 140 689 pila,
156 612 190 666 ut
208 612 257 667 est
274 623 375 688 genus
396 623 526 687 anceps,
552 601 586 665 in
608 601 716 688 fugam
738 602 821 668 versi
839 603 932 668 etiarn
949 602 1088 689 integros

83 706 210 762 avertere.
246 705 313 760 tum
330 695 393 760 iam
411 718 474 760 non
491 718 572 760 unus
590 696 783 781 manipulus,
802 697 858 761 sed
875 719 933 783 pro
951 719 985 763 se
1002 696 1088 781 quis-
1108 712 1139 765 10

83 812 125 875 que
141 790 245 867 miles,
272 789 327 873 qui
344 790 438 855 modo
456 790 587 873 adsequi
605 812 720 877 agmen
737 789 925 877 fugientium
943 791 1090 878 elephan-

83 895 164 949 torum
190 894 325 969 poterat,
357 884 421 970 pila
447 884 597 949 conicere.
651 906 687 949 eo
713 884 814 970 magis
840 907 929 950 ruere
954 886 988 949 in
1015 908 1089 952 suos

83 977 173 1044 beluae
191 989 339 1062 tantoque
357 979 507 1043 maiorem
526 989 661 1065 stragem
680 979 772 1044 edere
790 999 884 1063 quam
896 979 977 1044 inter
990 978 1089 1045 hostis

82 1073 236 1150 ediderant,
263 1081 380 1158 quanto
406 1075 508 1138 acrius
535 1096 634 1159 pavor
655 1083 884 1138 consternatam
906 1073 972 1159 agit
994 1095 1090 1158 quam

82 1166 225 1232 insidentis
243 1167 384 1253 magistri
402 1167 533 1253 imperio
546 1167 673 1255 regitur.
708 1168 742 1232 in
758 1166 971 1254 perturbatam
989 1176 1089 1231 trans·
1109 1187 1139 1233 11

82 1281 157 1326 cursu
178 1260 340 1326 beluarum
362 1260 462 1326 aciem
489 1262 580 1348 signa
605 1261 743 1328 inferunt
760 1262 895 1327 Romani
915 1261 1036 1348 pedites
1059 1273 1090 1327 et

82 1352 148 1419 houd
163 1378 278 1441 magno
297 1355 464 1420 certamine
482 1355 662 1441 dissupatos
677 1355 921 1441 trepidantisque
935 1365 1088 1421 avertunt.

82 1455 133 1512 tum
152 1449 184 1513 in
205 1450 362 1535 fugientes
381 1449 554 1533 equitatum
574 1449 701 1513 inmittit
723 1447 907 1525 Marcellus,
934 1471 993 1513 nec
1015 1459 1088 1514 ante
1108 1468 1139 1516 12

82 1539 136 1608 luis
152 1543 303 1626 sequendi
321 1553 369 1607 est
386 1541 489 1607 factus
506 1564 602 1627 quam
618 1543 652 1608 in
669 1552 772 1607 castra
784 1552 933 1628 paventes
948 1543 1091 1629 conpulsi

82 1645 146 1700 sunt.
188 1659 262 1701 nam
290 1658 384 1721 super
410 1636 485 1712 alia,
512 1658 594 1719 quae
619 1645 767 1701 terrorem
790 1636 1089 1721 trepidationemque
1109 1657 1141 1705 13

81 1725 213 1805 lacerent,
242 1728 398 1814 elephanti
421 1750 546 1812 quoque
568 1729 630 1794 duo
652 1730 686 1793 in
707 1730 778 1815 ipsa
794 1739 884 1815 porta
901 1742 1088 1807 corruerant,

81 1824 224 1907 coactique
251 1832 338 1887 erant
363 1823 477 1887 milites
504 1844 561 1907 per
587 1823 708 1889 fossam
733 1824 912 1908 vallumque
941 1846 1031 1891 ruere
1057 1825 1091 1889 in

80 1927 173 1982 astra.
217 1915 263 1981 ibi
280 1916 417 1981 maxima
433 1916 571 1981 hostium
590 1918 701 1983 caedes
719 1916 812 1983 facta.
853 1940 945 1984 caesa
962 1920 1003 1984 ad
1020 1928 1091 1984 octo

80 2011 148 2076 uilia
159 2009 336 2087 hominum,
351 2009 489 2094 quinque
503 2010 669 2096 elephanti.
697 2033 755 2076 nec
763 2010 916 2078 Romanis
929 2015 1091 2079 incruenta
1110 2032 1142 2078 14

80 2105 192 2171 ictoria
209 2104 283 2169 fuit:
301 2105 386 2169 mille
403 2104 502 2170 ferme
520 2116 551 2170 et
569 2107 758 2191 septingenti
772 2107 811 2171 de
825 2107 947 2173 duabus
961 2108 1092 2192 legioni-

80 2221 120 2264 tus
140 2208 172 2263 et
190 2198 345 2262 sociorum
365 2220 461 2283 supra
477 2198 562 2264 mille
580 2200 709 2265 trecenti
727 2200 832 2277 occisi,
850 2200 1004 2265 vulnerati
1021 2222 1091 2285 per-

80 2292 152 2358 nulti
187 2292 303 2356 civium
338 2292 565 2376 sociorumque.
622 2291 784 2357 Hannibal
818 2305 909 2357 nocte
947 2294 1092 2377 proxima
1110 2313 1141 2360 15

79 2395 165 2451 astra
182 2386 295 2462 movit3
314 2386 491 2470 cupientem
507 2386 631 2469 insequi
639 2385 827 2450 Marcellum
838 2385 998 2470 prohibuit
1011 2385 1091 2450 mul-

79 2479 163 2545 tudo
182 2479 368 2544 sauciorum.

123 2571 205 2639 XV.
252 2571 487 2658 Speculatores,
506 2574 560 2657 qui
577 2583 839 2659 prosequerentur
855 2595 983 2661 agmen,
1001 2573 1091 2639 missi
1110 2595 1123 2640 1

78 2677 189 2734 ostero
203 2667 254 2731 die
268 2666 460 2744 rettulerunt,
474 2667 614 2732 Bruttios
624 2666 836 2732 Hannibalem
849 2677 963 2752 petere.
989 2667 1091 2733 lsdem
1109 2685 1124 2732 o

79 2782 162 2827 erme
181 2759 291 2825 diebus
310 2769 341 2825 et
358 2761 399 2826 ad
413 2760 453 2844 Q.
468 2760 617 2826 Fulvium
635 2759 794 2825 consulem
807 2760 906 2848 Irpini
924 2770 955 2826 et
967 2761 1093 2827 Lucani

78 2852 289 2920 tVulcientes
308 2855 428 2920 traditis
446 2855 610 2942 praesidiis
628 2853 832 2935 Hannibalis,
859 2855 990 2940 quaein
1008 2855 1093 2922 urbi-

79 2971 122 3015 us
149 2947 323 3026 habebant,
356 2950 539 3015 dediderunt
566 2972 637 3015 sese
663 2950 892 3035 clementerque
918 2975 937 3016 a
963 2951 1092 3016 consule

78 3065 136 3109 um
153 3040 320 3107 verborum
338 3052 458 3108 tautum
471 3043 674 3143 castigationp
689 3042 731 3109 ob
744 3066 879 3109 errorem
892 3046 1092 3129 praeteritum

78 3137 187 3223 coepti
204 3147 290 3215 sunt,
309 3147 341 3202 et
357 3137 477 3202 Bruttis
496 3137 605 3203 similis
625 3160 697 3224 spes
715 3139 825 3204 veniae
842 3138 926 3203 facta
944 3146 1000 3215 est,
1020 3159 1092 3204 oum
1111 3158 1126 3205 a

78 3231 102 3299 h
120 3231 161 3296 iis
180 3229 294 3297 Vibius
313 3240 344 3296 et
360 3231 494 3297 Paccius
515 3231 641 3310 fratres,
667 3232 761 3318 longe
782 3230 968 3296 nobilissimi
989 3231 1092 3317 gentis

77 3327 147 3404 ius,
176 3326 322 3403 eandem,
349 3347 430 3409 quae
452 3325 525 3391 data
542 3325 683 3391 Lucanis
701 3334 780 3403 erat,¹
808 3325 1021 3390 condicionem
1039 3325 1094 3388 de-

77 3419 193 3486 litionis
218 3428 359 3505 petentes
387 3419 555 3486 venissent.
601 3420 641 3503 Q.
659 3418 779 3484 Fabius
806 3418 916 3483 consul
942 3419 1127 3505 oppidum4

77 3539 96 3580 u
116 3511 299 3580 Sallentinis
321 3514 523 3580 Manduriam
543 3515 575 3579 vi
598 3514 688 3600 cepit.
732 3513 776 3579 ibi
798 3513 839 3578 ad
860 3513 918 3578 tria
935 3513 1021 3579 milia
1037 3513 1094 3578 ho-

77 3609 188 3674 ninum
206 3618 298 3692 capta
315 3618 346 3673 et
363 3617 484 3674 ceterae
502 3609 636 3694 praedae
654 3608 857 3692 aliquantum.
1093 3684 1102 3691 α

129 3702 211 3768 Inde
228 3702 399 3768 Tarentum
421 3702 578 3790 profectus
596 3703 629 3767 in
650 3701 728 3788 ipsis
751 3702 894 3769 faucibus
911 3713 1020 3789 portus
1037 3723 1094 3788 po·

76 3797 129 3864 uit
156 3805 268 3862 castra
321 3797 424 3876 navis,
460 3820 538 3882 quas
564 3796 677 3861 Livius
704 3797 841 3862 tutandis
868 3794 1128 3864 commeatibuso

76 3890 237 3969 tabuerat,
272 3892 386 3977 partim
421 3890 702 3957 machinationibus
737 3899 846 3957 onerat
880 3900 1092 3978 apparatuque

76 3985 226 4052 noenium
261 3987 560 4072 oppugnandomm,
600 3985 712 4071 partim
747 3986 907 4052 tormentis
943 3995 973 4053 et
1009 3986 1096 4051 saxis
