2528 4514
272 267 391 323 urana
409 269 537 339 xxvn,
557 269 580 323 2.
596 269 620 322 3.
641 272 679 337 [a.
690 268 719 323 e.
730 269 793 338 am]
981 257 1052 324 325-

95 426 124 491 Ῑ.
170 424 342 490 Marcellus
373 425 450 490 nihil
481 425 650 491 admodum
680 436 767 492 tanta
797 427 886 494 clade
919 429 1077 498 tenitusr

95 521 125 584 is
144 520 281 585 Romam
303 519 343 583 ad
366 527 509 584 senatum
531 521 570 584 de
591 521 674 585 duce
695 529 726 585 et
744 522 882 587 exercitu
904 523 944 588 ad
961 522 1046 588 Her-

95 636 150 679 am
175 613 293 679 amisso
321 613 445 679 scribite
480 622 619 680 ceterum
645 615 779 680 eundem
806 638 858 694 se,
895 617 948 702 qui
973 626 1046 704 poet
1062 632 1087 686 a·

95 731 218 774 oensem
244 728 385 796 pugnam
410 708 547 774 ferocem
572 709 702 775 victoria
728 709 941 777 Hannibalem
971 734 1046 778 oon-

95 812 167 881 tset‚
202 802 248 868 ire
269 804 421 868 adversus
444 824 534 879 eum,
562 802 690 869 brevem
710 804 757 868 illi
777 804 947 884 laetitiam,
982 826 1046 891 qun

95 905 149 975 tet,
174 897 342 961 facturum.
379 908 410 961 et
426 897 547 962 Romae
569 898 695 981 quidem
717 918 790 962 oum
811 899 914 965 luctus
932 901 1043 989 ingene
1063 923 1078 970 3

95 991 264 1068 metente,
300 1001 367 1054 tum
393 990 487 1055 timor
510 991 544 1055 in
569 990 711 1056 futumm
736 1000 812 1056 erat.
865 994 975 1059 consul
1004 1016 1045 1060 ex
1063 1016 1087 1062 4·

95 1086 149 1149 nio
165 1086 198 1148 in
215 1085 366 1150 Lucanos
385 1095 599 1171 transgressus
618 1085 659 1150 ad
670 1085 903 1151 Numistronem
920 1087 953 1151 in
971 1108 1046 1153 oon-

95 1187 128 1243 tu
135 1177 325 1244 Hannibalis
342 1178 412 1242 loco
429 1178 538 1264 plano,
556 1199 628 1243 oum
642 1178 769 1244 Poenus
787 1179 899 1246 collem
916 1188 1044 1258 teneret,

95 1271 122 1336 it
146 1282 257 1338 castra.
302 1272 422 1336 addidit
448 1283 481 1337 et
506 1273 599 1337 aliam
624 1273 750 1338 fidentis
777 1273 928 1360 speeiem,
959 1275 1045 1358 quod
1062 1297 1087 1344 s·

95 1388 100 1403 ·
118 1368 149 1432 in
166 1368 267 1432 aciem
285 1367 406 1446 eduxit3
425 1388 484 1432 nec
501 1368 685 1433 detractavit
702 1367 877 1446 Hannibal,
900 1376 936 1433 ut
954 1370 1045 1457 signa

97 1461 243 1526 sefferri
269 1461 356 1526 vidit.
409 1461 454 1526 ita
484 1471 589 1527 tamen
614 1462 714 1528 aciem
743 1463 973 1541 instmxemnt,
1008 1474 1044 1527 ut
1083 1502 1086 1507 -

95 1576 142 1620 rus
164 1557 309 1620 dextrum
332 1577 428 1620 cornu
450 1556 483 1619 in
505 1557 616 1623 collem
638 1557 785 1645 erigeret,
812 1557 948 1622 Romani
970 1557 1044 1622 sini-

95 1670 117 1713 n
138 1650 177 1714 ad
198 1649 350 1737 oppidum
377 1649 577 1735 adplicarent.
631 1650 670 1716 ab
693 1651 771 1716 hora
792 1652 883 1717 tertia
908 1674 981 1719 cum
1002 1652 1045 1716 ad
1063 1674 1077 1721 e

95 1762 140 1807 sm
156 1766 297 1830 pugnam
315 1744 528 1808 extendissent
549 1744 715 1829 fessaeque
736 1747 909 1832 pugnando
924 1747 1044 1831 primae

95 1858 101 1897 ι
122 1848 223 1903 essent
240 1874 267 1884 -
289 1837 328 1903 ab
346 1837 497 1902 Romanis
515 1838 617 1923 prima
634 1836 718 1926 legio
735 1855 767 1904 et
784 1841 894 1905 dextra
911 1840 975 1919 ala,
1002 1839 1043 1906 ab

95 1931 196 1997 nibale
214 1930 352 2018 Hispani
369 1932 483 1997 milites
502 1943 533 1996 et
554 1931 692 1999 funditor
709 1933 858 2013 Baliaris,
885 1934 1044 2020 elephanti

95 2042 140 2106 [uo
162 2027 331 2092 commisso
352 2026 416 2090 iam
439 2027 607 2093 certamine
627 2028 660 2092 in
682 2029 835 2114 proelium
853 2030 961 2108 aoti-,
989 2030 1043 2094 diu

95 2138 124 2184 ta
134 2131 244 2185 neutro
256 2120 405 2185 inclinata
420 2121 512 2185 stetit.
538 2122 658 2206 primae
671 2123 789 2208 legioni
801 2124 901 2202 tertia,
915 2125 1042 2189 dextrae
1062 2147 1075 2192 7

103 2214 225 2280 sinistra
242 2212 353 2292 subiit,
371 2225 403 2279 et
420 2215 504 2300 apud
521 2215 622 2280 hostis
636 2216 749 2302 integri
763 2215 888 2281 ascesis
901 2240 1043 2303 pugnarn

95 2328 172 2392 pere.
215 2334 334 2376 novum
352 2320 446 2394 atque
464 2321 553 2375 atrox
570 2311 724 2395 proelium
742 2332 782 2374 ex
798 2319 864 2374 tam
887 2312 977 2396 segni
993 2332 1043 2374 ra-
1061 2333 1076 2381 a

95 2423 111 2466 e
135 2407 250 2471 exarsit
275 2405 452 2471 recentibus
479 2406 592 2470 animis
620 2405 877 2490 corporibusque,
907 2415 954 2470 set
979 2427 1044 2469 nox

95 2508 134 2563 aa
153 2500 283 2564 victoria
308 2500 433 2564 diremit
458 2499 639 2585 pugnantis.
682 2509 809 2585 postero
835 2499 886 2564 die
907 2498 1077 2576 Romania

95 2593 148 2660 mle
168 2603 237 2660 orto
263 2595 296 2658 in
322 2595 455 2658 multum
482 2595 544 2659 diei
567 2602 679 2658 stetere
701 2593 735 2657 in
756 2593 837 2658 acie:
872 2591 928 2658 ubi
949 2612 1042 2658 nemo

95 2683 151 2752 lum
181 2689 333 2754 adversus
363 2689 496 2774 prodiit,
533 2687 633 2774 spolia
661 2708 720 2774 per
748 2686 847 2752 otium
876 2687 983 2775 legere
1013 2699 1044 2752 et

95 2792 180 2859 ,astos
202 2784 236 2847 in
261 2806 360 2847 unum
386 2783 491 2848 locum
513 2804 691 2848 cremavere
714 2804 799 2848 suos.
843 2793 935 2848 nocte
961 2782 1095 2852 inse-10

95 2878 125 2942 rti
139 2878 302 2944 Hannibal
325 2878 448 2943 silentio
470 2878 568 2942 movit
589 2887 706 2956 eastra,
732 2878 766 2943 in
783 2876 935 2964 Apuliam
957 2877 1043 2944 abiit.

95 2971 199 3051 uellus,
226 2973 282 3036 ubi
302 2972 358 3036 lux
380 2972 491 3058 fugam
513 2972 651 3037 hostium
675 2972 810 3058 aperuit,
838 2973 952 3038 sauciis
971 2994 1044 3037 cum

95 3065 170 3131 sidio
187 3067 312 3131 modico
328 3065 532 3131 Numistrone
553 3066 669 3132 relictis
686 3067 928 3152 praepositoque
944 3064 983 3129 iis
1001 3066 1043 3129 L.

95 3181 114 3224 o
129 3160 325 3247 Purpurione
342 3160 467 3225 tribuno
485 3160 634 3238 militum,
654 3161 796 3246 vestigiis
813 3160 925 3224 institit
944 3159 1042 3241 sequi.

95 3248 247 3320 lenusiam
265 3256 398 3340 adeptus
417 3277 489 3319 eum
507 3263 565 3320 est.
600 3254 645 3319 ibi
661 3274 720 3340 per
735 3255 803 3318 dies
821 3252 952 3335 aliquot,
971 3272 1044 3316 oum
1064 3273 1094 3321 11

95 3349 266 3415 tationibus
288 3359 537 3435 precursorem,
565 3349 664 3414 mixta
685 3347 825 3432 equitum
842 3345 1044 3430 peditumque

95 3444 206 3511 iltuosa
224 3445 326 3531 magis
344 3444 463 3529 proelia
482 3441 592 3531 [quam
611 3458 741 3529 magna,
768 3450 801 3505 et
817 3439 917 3505 ferme
938 3440 1044 3505 omnia

95 3539 166 3604 anis
185 3540 324 3605 secunda
341 3538 476 3603 fuerunt.
520 3539 593 3602 inde
610 3560 666 3623 per
683 3536 834 3622 Apuliam
852 3533 938 3597 ducti
957 3554 1044 3598 exer·
1063 3552 1094 3601 12

112 3636 182 3701 sine
200 3635 265 3700 ullo
278 3635 480 3699 memorando
494 3633 677 3709 certamine,
696 3653 769 3696 oum
777 3627 938 3694 Hannibal
951 3637 1044 3692 nocte

95 3753 106 3796 ι
131 3739 286 3807 moveret,
313 3730 418 3794 locum
443 3728 565 3794 insidiis
592 3746 768 3815 quaerens,
786 3722 957 3788 Marcellus
983 3720 1045 3786 nisi

95 3873 97 3889 .
115 3826 187 3891 luce
205 3835 237 3890 et
255 3823 415 3911 explorato
433 3832 505 3888 ante
522 3845 586 3889 non
605 3827 794 3904 sequeretur.

95 3921 140 3987 11.
186 3919 317 4006 Capuae
343 3919 466 3984 interim
487 3918 622 3984 Flaccus
649 3917 725 3980 dum
750 3912 841 3980 bonis
867 3912 1076 3999 principuml

95 4016 205 4094 endis,
242 4037 319 4101 agro
351 4013 405 4099 qui
435 4013 611 4101 publicatus
642 4020 708 4077 erat
737 4008 869 4076 locando
886 4007 1044 4074 —locavit
