2528 4514
325 209 855 283 umuuxxu,1o.1r.[a.c.21q
1065 201 1106 268 tl

187 367 251 435 Xll
283 367 411 435 Postero
434 368 486 433 die
503 368 605 435 Poeni
622 369 708 453 quod
724 369 795 435 viae
812 369 893 435 inter
911 368 984 437 biua
1002 381 1106 441 castra
1126 392 1140 440 1

140 463 286 551 mstqniue
302 462 495 551 conplevere.
541 486 614 529 oum
630 463 768 533 Romani
785 462 844 530 sub
862 464 932 551 ipso
950 465 1140 539 constitit-2

95 596 116 634 .·
145 557 255 633 widh
268 557 338 625 haut
355 556 450 625 dubie
468 559 615 642 aequiore
632 557 717 637 loco,
737 559 890 625 successit
907 568 1012 633 tamen
1024 558 1108 631 Poe-

95 646 98 653 ’
122 662 186 723 'uu
198 671 243 717 cun
259 650 405 739 expeditis
428 651 649 739 equitibusque
671 653 713 721 ad
734 651 956 721 lacessendum
972 653 1106 727 hostem.

95 741 97 767 ³
129 743 323 829 ,uptinPueni
344 755 376 811 et
395 746 611 833 procursando
633 746 874 833 recipiendoque
898 768 968 815 sese
985 769 1108 835 pugua-

95 897 100 903 .
132 854 196 925 yso:
211 838 301 911 restitit
322 862 381 907 suo
403 839 472 907 loco
489 839 636 919 Romana
652 841 748 908 acies.
790 840 876 906 lenta
891 863 1002 929 pugna
1019 853 1051 906 et
1068 862 1141 911 exa

129 926 241 1009 deuteria
256 935 352 1020 magis
371 955 467 1019 quarn
485 934 676 1005 Hannibalis
694 933 755 1002 fuit
773 934 943 1002 voluntate.
980 937 1108 1009 ducenti

95 1062 103 1109 .·
133 1018 297 1107 ebllouanis,
320 1028 492 1115 octingenti
513 1028 651 1094 hostium
675 1029 826 1095 cecidere.
871 1028 1012 1095 inclusus
1034 1028 1142 1098 inder

127 1114 199 1187 vilui
208 1118 352 1189 Hannibal
368 1123 421 1188 via
438 1123 479 1188 ad
494 1120 671 1189 Casilinum
689 1122 835 1200 obsessa,
854 1145 927 1188 eum
946 1122 1059 1210 Capua
1076 1134 1108 1197 et

131 1204 245 1283 turba
264 1227 294 1283 et
315 1227 437 1283 tantum
460 1216 500 1283 ab
519 1228 608 1305 tergo
626 1217 759 1282 divitum
778 1217 935 1283 sociorum
952 1217 1106 1295 Romanis
1127 1212 1132 1220 ’

95 1320 257 1407 ι,ἦῡῑπεαῐιιε
282 1310 485 1390 subveheret,
512 1311 641 1376 Poenus
667 1311 748 1377 inter
769 1310 940 1377 Formiana
966 1334 1044 1379 saxa
1070 1333 1108 1387 ac

123 1390 210 1483 ymni
223 1403 351 1473 limenas
374 1417 550 1491 stagnaque
573 1418 605 1471 et
625 1404 824 1492 perhorridas
847 1405 944 1471 silvas
960 1400 1108 1470 hiberna

128 1494 188 1587 [lut
196 1510 275 1565 esset.
318 1522 377 1567 nec
394 1498 609 1565 Hannibalem
626 1499 738 1565 fefellit
757 1499 823 1565 suis
841 1521 876 1566 se
894 1499 1014 1566 artibus
1030 1499 1105 1593 peti
1126 1521 1141 1568 5

211 1613 275 1659 eum
291 1616 349 1682 per
367 1592 543 1661 Casilinum
561 1593 694 1659 evadere
711 1617 776 1660 non
792 1602 901 1681 posset
917 1594 1046 1682 petendi
1068 1617 1107 1669 ue

171 1693 207 1753 tes
220 1697 249 1753 et
259 1687 369 1775 iugum
384 1686 557 1754 Calliculae
571 1688 784 1774 superandum
797 1698 896 1767 esset,
914 1688 1029 1755 necubi
1041 1616 1107 1769 do-

108 1792 198 1861 ¹husus
215 1781 369 1848 inclusum
391 1781 527 1851 vallibus
549 1804 665 1869 agmen
681 1783 915 1869 adgrederetur,
936 1782 1107 1855 ludibrium
1126 1803 1141 1850 6

110 1871 237 1951 ¹obulorum
252 1877 356 1962 specie
374 1875 511 1942 terribile
529 1876 570 1942 ad
583 1876 798 1942 frustrandum
811 1876 935 1944 hostem
949 1899 1108 1943 commen-

95 1964 149 2035 'tus
163 1967 299 2056 mindpio
321 1971 422 2036 noctis
445 1970 555 2035 furtim
577 1971 746 2036 succedere
769 1971 811 2037 ad
837 1982 959 2038 montes
987 1971 1106 2045 statuit.

105 2054 204 2131 filltda
218 2064 335 2131 consilii
348 2064 420 2129 talis
435 2074 604 2151 apparatus
618 2064 692 2129 fuit:
710 2064 798 2131 faces
812 2067 951 2151 undique
965 2087 1005 2131 ex
1021 2065 1105 2155 agris
1126 2087 1140 2132 r

105 2152 236 2223 mlecae
254 2158 421 2243 fascesque
439 2159 600 2246 virgarum
618 2169 712 2243 atque
730 2160 809 2225 aridi
828 2160 977 2227 sarmenti
993 2160 1108 2248 praeli-

106 2256 249 2337 gfflbuque
277 2253 425 2318 cornibus
456 2252 567 2332 boum,
603 2275 683 2338 quos
715 2254 849 2321 domitos
875 2254 1107 2340 indomitosque

105 2338 204 2413 multos
216 2344 285 2415 iuter
302 2357 440 2413 ceteram
457 2357 616 2435 agrestem
638 2347 789 2432 praedam
810 2347 935 2435 agebat.
980 2349 1021 2413 ad
1043 2349 1107 2415 duo
1124 2368 1140 2416 a

100 2432 176 2503 milis
193 2436 282 2507 terme
308 2440 406 2507 boum
433 2442 559 2521 effecta,
586 2441 845 2527 Hasdrubalique
866 2440 1029 2529 negotium
1052 2443 1107 2509 da-

96 2534 166 2609 tum,
192 2542 223 2599 ut
247 2535 370 2621 (primis
398 2536 548 2623 tenebris)
580 2546 672 2602 noote
703 2536 737 2601 id
762 2545 938 2601 armentum
964 2537 1106 2603 accensis

95 2623 220 2709 cornibus
236 2630 277 2695 ad
294 2630 411 2695 montis
429 2640 551 2718 ageret,
570 2630 723 2709 maxime,
742 2630 769 2696 si
786 2640 909 2717 posset,
933 2651 1029 2717 super
1046 2630 1107 2695 sal·

95 2728 140 2791 lut
152 2718 186 2786 ab
201 2721 291 2791 hoste
308 2725 459 2791 insessos.

148 2810 250 2887 XVII.
293 2818 410 2885 Primis
438 2820 575 2885 tenebris
602 2819 725 2885 silentio
752 2829 838 2885 mota
864 2830 980 2898 eastra,
1008 2818 1139 2886 boves1

96 2900 232 2999 :liquente
254 2922 327 2983 aute
351 2913 442 3001 signa
463 2914 535 2979 aeti.
579 2912 635 2979 ubi
653 2914 695 2979 ad
711 2914 833 2981 radices
851 2915 1006 2980 montium
1023 2914 1107 2979 vias·
1125 2932 1140 2978 a

95 3018 144 3087 qua
157 3017 304 3095 augustas
323 3018 452 3077 ventum
470 3018 532 3086 est,
556 3007 684 3095 signum
702 3008 859 3095 extemplo
877 3007 978 3085 datur,
1002 3017 1038 3079 ut
1055 3029 1107 3072 ac-

95 3097 178 3165 unus
199 3101 348 3171 cornibus
369 3112 511 3168 armenta
530 3102 564 3167 in
586 3103 736 3169 adversos
760 3102 954 3168 concitentur
979 3101 1105 3167 montis.

95 3196 226 3269 etmetus
249 3196 320 3282 ipse
342 3196 510 3263 relucentis
531 3195 677 3263 flammae
702 3219 741 3262 ex
760 3196 861 3282 capite
879 3196 1025 3278 calorque
1042 3194 1107 3259 iam

95 3280 128 3346 ud
144 3284 241 3359 rivum
264 3290 307 3359 ad
323 3290 449 3374 imaque
467 3313 620 3356 cornuum
637 3290 807 3357 adveniens
825 3289 912 3355 velut
930 3287 1105 3354 stimulatos

95 3372 176 3449 furore
201 3382 318 3473 agebat
343 3383 453 3451 hoves.
497 3405 560 3468 quo
586 3393 714 3471 repente
740 3385 886 3450 discursu
911 3382 988 3449 haut
1014 3404 1105 3448 secus
1125 3404 1140 3449 3

95 3490 167 3555 luam
185 3476 273 3545 silvis
291 3477 514 3563 montibusque
532 3479 673 3544 accensis
692 3479 796 3544 omnia
810 3477 928 3542 circum
942 3475 1106 3562 (virgulta)

95 3567 194 3653 cdere,
226 3572 429 3659 capitumque
460 3572 554 3637 inrita
584 3574 745 3657 quassatio
776 3571 916 3637 excitans
946 3569 1105 3635 flammam

95 3664 232 3731 uminum
254 3666 376 3755 passim
399 3666 641 3733 discurrentium
667 3667 806 3754 speciem
832 3664 1011 3751 praebebat.
1051 3664 1141 3749 quia

95 3758 111 3825 l
131 3761 302 3827 hauritum
326 3761 424 3829 saltus
442 3762 644 3827 insidendum
661 3759 756 3826 locati
773 3768 874 3838 erant,
897 3758 952 3825 ubi
969 3758 1003 3823 iu
1021 3780 1106 3823 sum-

95 3854 309 3924 ismontibus
328 3878 366 3923 ao
384 3879 479 3942 super
498 3879 532 3921 se
550 3856 703 3941 quosdam
716 3855 806 3943 ignes
821 3874 1027 3939 conspexere,
1047 3853 1106 3919 cir-

95 3961 254 4017 rmventos
274 3972 310 4017 se
335 3971 405 4016 esse
428 3949 487 4016 rati
508 3950 665 4037 praesidio
688 3969 866 4027 excessere,
893 3970 956 4034 qua
977 3947 1106 4015 minime
