2528 4530
313 258 432 314 uranu
448 259 550 329 xxu,
566 258 608 315 ω.
622 258 665 314 51.
685 263 722 330 [a.
733 257 837 332 cars]
1029 248 1090 314 101

80 426 167 485 essent
189 427 220 483 et
242 417 375 483 aliorum
397 439 492 501 quam
515 438 573 482 sua
594 438 726 503 corpora
747 425 835 482 tanto
856 416 995 504 periculo
1012 418 1091 484 mal·

80 515 128 579 lent
144 511 278 577 obicere.
305 511 374 577 aliis
392 534 455 576 non
473 521 538 575 tam
557 511 711 577 sententia
727 510 892 598 displicere
910 533 1006 597 quam
1023 513 1090 578 ani·
1109 535 1126 584 s

80 629 132 671 nus
150 606 273 671 deesse.

123 700 162 766 P.
178 697 386 785 Sempronius
400 699 578 765 Tuditanus
596 699 741 765 tribunus
758 699 893 765 militum
912 700 997 787 ‘capi
1014 697 1091 788 ergo

80 794 220 858 navultis'
250 793 351 879 inquit
383 793 437 859 ‘ab
469 793 653 859 avarissimo
684 801 715 858 et
746 792 963 859 crudelissimo
988 793 1090 873 hoste,

80 888 279 973 aestimarique
298 887 401 974 capita
417 896 523 952 vestra
540 897 571 952 et
590 887 712 971 exquiri
727 886 828 972 pretia
845 886 886 953 ab
898 887 1092 976 interrogan-

80 980 154 1058 ibus,
182 981 349 1047 Romanus
377 980 454 1047 civis
481 981 525 1046 sis
548 1004 590 1046 an
610 981 747 1046 Latinus
771 981 890 1059 socius,
917 990 954 1046 ut
976 1003 1016 1046 ex
1037 993 1093 1048 tua

80 1074 249 1140 tontumelia
267 1085 298 1140 et
315 1075 442 1141 miseria
458 1075 547 1141 alteri
568 1075 668 1141 honos
691 1074 877 1160 quaeratur?
901 1098 965 1141 non
986 1087 1035 1154 tu,
1063 1077 1124 1149 sir

80 1170 185 1252 [uidem
203 1169 247 1234 L.
266 1167 385 1234 Aemili
406 1169 559 1247 consulis,
586 1168 642 1254 qui
664 1191 698 1234 se
719 1167 801 1234 bene
818 1168 897 1233 mori
914 1190 1009 1254 quam
1027 1179 1093 1235 tur-

80 1265 137 1328 riter
148 1264 259 1328 vivere
273 1263 397 1342 maluit,
416 1273 447 1328 et
460 1272 507 1329 tot
518 1262 761 1328 fortissimorum
776 1261 923 1340 virorum,
942 1262 997 1347 qui
1010 1263 1092 1328 circa

80 1379 129 1422 um
146 1356 301 1423 cumulati
318 1357 436 1436 iacent,
454 1357 539 1423 cives
557 1357 643 1423 estis.
684 1356 741 1422 sed
758 1365 926 1442 antequam
944 1356 1126 1442 opprimite

80 1453 315 1535 uxmaioraque
332 1451 471 1518 hostium
493 1451 621 1539 agmina
642 1449 830 1537 obsaepiunt
850 1451 918 1528 iter,
943 1472 1001 1537 per
1022 1448 1092 1530 hos,

80 1544 299 1626 qdhordinati
316 1555 410 1630 atque
430 1545 619 1631 inconpositi
642 1544 827 1629 obstrepunt
848 1545 961 1631 portis,
989 1566 1092 1610 erum-

80 1657 178 1721 pemus.
217 1639 302 1705 ferro
319 1649 413 1725 atque
431 1639 562 1704 audacia
578 1639 632 1704 via
647 1639 684 1703 fit
701 1637 845 1724 quamvis
863 1660 920 1724 per
933 1639 1091 1721 conferms
1109 1665 1125 1713 9

80 1731 165 1800 tatis.
213 1755 315 1800 cuneo
337 1733 464 1819 quidem
486 1733 547 1799 hoc
568 1732 677 1798 laxum
698 1742 792 1816 atque
811 1732 948 1798 solutum
966 1754 1091 1820 agmen,

80 1827 144 1893 tsi
170 1827 250 1892 nihil
278 1827 394 1905 obstet,
425 1827 561 1892 disicias.
605 1827 710 1911 itaque
740 1827 784 1892 ite
809 1848 948 1905 mecum,
979 1827 1034 1911 qui
1060 1836 1093 1892 et

80 1933 184 1987 usmet
202 1922 289 2007 ipsos
308 1931 340 1987 et
356 1943 422 1986 rem
440 1919 600 2007 publicam
617 1920 739 1985 salvam
755 1919 870 1986 vultis?

122 2014 216 2080 Haec
232 2014 288 2080 ubi
306 2015 390 2080 dicta
406 2015 505 2093 dedit,
529 2013 652 2100 stringit
669 2013 810 2101 gladium
828 2036 990 2100 cuneoque
1007 2014 1092 2080 facto
1110 2039 1140 2088 10

80 2130 116 2172 ter
131 2109 255 2174 medios
273 2109 361 2174 vadit
378 2108 488 2174 hostis.
533 2117 565 2173 et
582 2129 655 2173 cum
672 2108 804 2173 inlatus
824 2109 983 2187 dextrum,
1006 2110 1092 2194 quod
1111 2134 1142 2181 11

80 2202 202 2282 latebat,
219 2202 376 2269 Numidae
392 2204 611 2282 inciderentur,
630 2202 788 2268 translatis
806 2203 840 2267 in
858 2203 1002 2267 dextrum
1020 2226 1092 2269 scu·

80 2297 101 2361 is
125 2297 159 2362 in
185 2297 305 2362 maiora
330 2307 434 2363 castra
459 2296 500 2363 ad
525 2297 666 2363 sexcenti
692 2305 875 2373 evaserunt,
903 2305 996 2380 atque
1018 2296 1092 2362 inde

80 2392 202 2456 rotinus
220 2391 282 2457 alio
299 2414 416 2480 magno
428 2393 554 2479 agmine
568 2391 715 2456 adiuncto
730 2390 906 2456 Canusium
918 2390 1091 2455 incolumes

80 2485 255 2568 remeniunt.
299 2485 377 2552 haec
403 2487 488 2573 apud
513 2486 614 2552 victus
640 2484 742 2572 magis
764 2484 884 2570 impetu
906 2483 1092 2564 animorum,
1111 2507 1143 2555 12

80 2599 141 2661 laos
166 2580 331 2667 ingenium
357 2604 451 2646 suum
477 2581 590 2665 cuique
616 2591 671 2646 aut
696 2580 762 2645 fors
790 2578 900 2657 dabat,
930 2600 1026 2664 quam
1053 2601 1095 2645 ex

80 2674 193 2740 romilio
210 2674 352 2760 ipsorum
370 2685 424 2740 aut
442 2675 574 2761 imperio
592 2673 782 2760 cuiusquam*
797 2673 979 2761 agebantur.
1100 2723 1103 2730 .

126 2768 186 2834 LI.
231 2768 405 2835 Hannibali
422 2770 533 2836 victori
550 2791 623 2835 cum
642 2770 736 2835 ceteri
754 2767 936 2834 circumfusi
952 2769 1091 2856 gratula-
1111 2789 1125 2871 q

80 2872 165 2928 autur
189 2864 431 2948 suaderentque,
459 2874 494 2928 ut
515 2873 602 2929 tanto
623 2863 808 2949 perfunctus
825 2861 909 2929 bello
927 2863 990 2928 diei
1008 2862 1093 2948 quod

80 2955 189 3022 relicum
211 2967 297 3023 esset
318 2958 482 3042 noctisque
504 2957 697 3040 insequentis
720 2957 857 3041 quietem
885 2967 915 3021 et
936 2957 1005 3042 ipse
1032 2957 1094 3023 sibi

80 3060 197 3116 mmmet
224 3060 256 3116 et
282 3050 376 3117 fessis
403 3050 492 3117 daret
511 3050 677 3129 militibus,
704 3050 887 3130 Maharbal,
913 3050 1127 3137 praefectura

80 3142 214 3224 equum,
243 3145 371 3211 minime
397 3146 586 3212 cessandum
611 3154 698 3211 ratus
726 3145 837 3211 ‘immo
859 3155 908 3223 ut,
936 3145 1012 3229 quid
1034 3144 1094 3209 hac

80 3252 167 3323 pugna
184 3241 226 3305 sit
245 3249 365 3318 actum,
384 3241 481 3318 scias,
499 3240 551 3305 die
569 3238 691 3325 quinto’
708 3239 810 3324 inquit
829 3241 942 3304 ‘victor
954 3240 987 3303 in
998 3237 1094 3326 Capi-

83 3327 143 3395 tolio
155 3333 341 3421 epulaberis.
378 3356 521 3419 sequere,
540 3372 566 3382 -
584 3357 657 3400 cum
674 3334 793 3418 equite,
811 3343 846 3398 ut
863 3334 950 3419 prius
968 3334 1093 3399 venisse

80 3443 155 3507 quarn
173 3437 342 3494 venturum
355 3429 469 3507 sciant,
487 3427 693 3514 praecedam!
719 3427 893 3493 Hannibali
905 3427 999 3492 nimis
1012 3428 1094 3492 laeta
1112 3447 1127 3497 t

80 3540 115 3585 es
134 3533 181 3588 est
201 3523 274 3588 visa
295 3524 456 3608 maiorque
478 3545 573 3608 quam
595 3533 630 3589 ut
648 3545 718 3589 eam
736 3522 842 3589 statim
860 3543 971 3606 capere
989 3522 1093 3588 animo

80 3628 178 3686 rossa.
223 3617 330 3702 itaque
351 3618 544 3683 voluntatem
562 3639 597 3684 se
614 3618 742 3683 laudare
759 3615 954 3682 Maharbalis
973 3616 1030 3693 ait,
1054 3616 1095 3680 ad

80 3711 227 3776 cnsilium
243 3713 442 3798 pensandum
459 3713 609 3800 temporis
626 3734 706 3799 opus
726 3733 805 3776 esse.
832 3721 899 3774 tum
911 3709 1093 3776 Maharbal:
1113 3730 1131 3778 t

80 3827 137 3870 non
156 3805 264 3871 omnia
280 3806 427 3871 nimirum
445 3807 547 3872 eidem
565 3806 609 3871 dii
621 3806 750 3871 dedere:
767 3804 894 3871 vincere
908 3804 985 3883 scis,
1003 3803 1095 3870 Han-

80 3899 161 3978 ibal,
188 3900 321 3965 victoria
343 3900 389 3965 uti
410 3901 535 3967 nescis?
577 3922 666 3966 mora
688 3899 755 3965 eius
778 3898 842 3965 diei
863 3899 940 3965 satis
959 3899 1095 3966 creditur

80 3995 153 4062 aluti
173 3994 275 4060 fuisse
292 3994 363 4061 urbi
381 4006 474 4082 atque
491 3997 632 4084 imperio.
