2528 4514
140 250 205 317 374
362 258 480 314 mauu
497 258 625 327 xxvfl,
644 257 686 312 aa.
700 256 744 312 44.
764 258 951 331 [auaui]

107 441 123 491 8
142 429 287 486 verteret.
326 416 439 482 litteris
455 414 669 481 Hasdrubalis
687 415 826 481 Romam
842 415 886 480 ad
904 426 1049 481 senatum
1063 415 1148 482 missis

142 514 236 580 simul
258 523 290 579 et
310 511 380 598 ipse
401 521 508 597 patres
527 508 723 596 conscriptos
740 508 818 593 quid
834 519 966 595 pararet
982 510 1102 589 edocet,
1118 520 1151 587 ut,

142 630 215 674 cum
237 607 271 671 in
288 605 424 673 Umbria
446 627 482 670 sc
504 625 708 670 occursurum
724 603 912 669 Hasdrubal
935 604 1028 670 fratri
1049 603 1152 681 scribat,

108 703 301 790 alegionem
327 723 347 765 a
374 697 487 786 Capua
511 698 648 764 Romam
675 708 852 775 arcessant,
881 697 1035 764 dilectum
1054 698 1154 765 Romae

142 797 294 873 babeant,
313 794 486 859 exercitum
504 793 659 859 urbanum
677 793 719 856 ad
730 792 886 858 Narniam
899 793 990 858 hosti
1005 804 1154 880 opponant.

93 913 125 960 10
142 891 221 956 haec
244 899 356 954 senatu
380 888 507 974 scripta
550 885 718 974 praemissi
739 886 816 951 item
832 909 891 973 per
908 910 1028 973 agnum
1044 886 1156 953 Larius·

142 996 222 1062 tem,
240 982 473 1060 Marrucinum,
490 983 701 1059 Frentanum,
723 980 984 1059 Praetutianum,
1009 1004 1074 1066 qua
1089 1002 1157 1047 exct-

143 1077 240 1143 citum
260 1078 410 1142 ducturus
429 1086 510 1153 erat,
533 1087 568 1140 ut
585 1097 696 1141 ornnes
714 1097 755 1140 ex
773 1074 858 1161 agris
876 1075 1078 1160 urbibusque
1093 1097 1157 1141 cau·

143 1182 267 1237 meatus
293 1180 421 1257 paratos
448 1168 540 1235 militi
562 1170 603 1234 ad
625 1169 819 1235 vescendum
840 1169 875 1233 in
897 1168 987 1235 viam
1010 1170 1156 1245 deferrent,

144 1287 243 1348 equos
261 1264 463 1347 iumentaque
481 1261 543 1328 alia
554 1263 780 1349 producerent,
798 1273 833 1327 ut
847 1261 1072 1329 vehiculorum
1082 1263 1156 1331 faa

93 1381 124 1427 11
145 1359 237 1445 copia
262 1369 358 1425 esset.
402 1357 472 1444 ipse
499 1357 538 1422 de
565 1367 631 1423 toto
654 1357 794 1423 exercitu
816 1355 936 1422 civium
957 1357 1156 1442 sociorumque

144 1453 230 1537 quod
246 1453 369 1519 roboris
387 1463 455 1517 erat
472 1451 604 1538 delegit,
624 1472 682 1518 sex
697 1451 786 1517 milia
802 1450 963 1537 peditum,
986 1452 1075 1519 mille
1090 1451 1157 1536 equi-

145 1558 207 1626 tes,
229 1547 413 1633 pronuntiat
430 1567 585 1632 occupare
603 1568 638 1611 se
655 1545 690 1609 in
706 1545 848 1610 Lucanis
866 1545 1051 1633 proximam
1068 1547 1156 1612 urben

143 1641 363 1726 Punicumque
388 1641 422 1706 in
448 1663 486 1706 ea
512 1639 705 1727 praesidium
730 1640 826 1717 velle,
858 1651 894 1705 ut
921 1641 965 1705 ad
992 1641 1055 1707 iter
1075 1640 1156 1729 parati

95 1755 126 1803 12
146 1759 255 1802 omnes
284 1746 400 1801 essent.
444 1735 606 1821 profectus
637 1744 729 1801 nocte
759 1733 849 1799 flexit
865 1733 908 1817 ¹in
934 1734 1100 1801 Picenum.
1132 1748 1156 1799 ct

145 1830 256 1895 consul
274 1831 402 1914 quidem
419 1829 545 1914 quantis
562 1828 709 1894 maximis
726 1827 890 1895 itineribus
907 1839 1038 1915 poterat
1049 1831 1089 1896 ad
1100 1851 1157 1895 aar·

144 1923 250 2010 legam
272 1924 407 1988 ducebat
428 1924 537 1989 relicto
556 1922 598 2005 Q,
618 1919 712 1988 Catio
729 1922 850 2009 legato,
878 1922 934 2009 qui
951 1925 1065 1990 castris
1085 1944 1156 2012 prac-

147 2029 242 2082 esset.

113 2131 125 2176 1
209 2111 439 2176 XXXXHH.
466 2111 589 2177 Romae
603 2110 689 2176 haud
702 2109 806 2175 minus
820 2111 950 2193 terroris
969 2133 1010 2177 ac
1028 2110 1154 2177 tumultu

146 2217 226 2286 erat,
255 2228 350 2290 quam
372 2207 476 2270 fuerat
498 2204 624 2270 biennio
648 2216 735 2283 ante,
762 2226 834 2269 cum
857 2215 963 2271 castra
981 2206 1156 2273 Punicaob·

145 2304 226 2368 iecta
242 2300 396 2368 Romanis
418 2300 584 2365 moenibus
607 2299 769 2385 portisque
792 2300 929 2367 fuerant.
974 2324 1078 2387 neque
1097 2298 1155 2367 satit

145 2397 311 2463 constabat
333 2395 460 2472 animis,
489 2405 554 2460 tam
577 2395 681 2460 audax
703 2395 762 2459 iter
784 2395 925 2460 consulis
947 2394 1157 2463 laudarentvi·

112 2609 126 2654 2
146 2587 263 2652 famam
282 2584 477 2648 habiturum:
510 2594 613 2650 castra
635 2605 734 2669 prope
750 2582 970 2650 Hannibalem
988 2587 1109 2655 hostem
1121 2605 1157 2649 ra·

145 2681 219 2745 licta
237 2680 305 2744 sine
324 2679 418 2756 duce,
442 2701 514 2743 cum
533 2677 687 2756 exercitu,
710 2677 761 2742 cui
778 2677 957 2745 detractum
981 2681 1066 2747 foret
1085 2698 1156 2748 omuc

146 2772 232 2855 quod
247 2772 385 2850 roboris,
404 2773 490 2856 quod
506 2772 593 2837 floris
611 2771 720 2850 fuerit,
744 2784 776 2837 et
793 2773 959 2839 consulem
977 2776 1014 2840 in
1030 2777 1156 2842 Luam

112 2889 127 2934 a
147 2865 325 2931 ostendisse
347 2865 416 2944 iter,
439 2888 512 2931 cum
528 2866 685 2931 Picenum
707 2877 739 2931 et
758 2864 897 2932 Galbam
914 2879 1055 2954 pateret,
1076 2878 1157 2935 casu!

145 2959 374 3044 relinquentem
392 2961 478 3026 nulla
497 2961 559 3025 alia
575 2983 610 3025 re
629 2960 743 3026 tutiora
757 2982 853 3044 quam
867 2983 977 3028 errore
991 2965 1102 3043 hostis,
1116 2956 1155 3046 qui

146 3056 259 3121 ducem
288 3054 363 3121 inda
395 3066 489 3139 atque
520 3054 678 3120 exercitus
708 3067 831 3141 partem
861 3056 980 3122 abesse
1011 3058 1153 3144 ignorarat·

112 3171 128 3216 4
147 3150 222 3234 quid
248 3150 403 3227 futurum,
432 3149 459 3213 si
480 3149 514 3213 id
535 3149 641 3236 palam
663 3149 719 3214 fiat
741 3159 774 3214 et
795 3160 849 3214 aut
869 3149 1001 3236 insequi
1022 3153 1152 3218 Neruam
1189 3154 1198 3212 .·'

122 3267 219 3315 ,cum
251 3267 308 3309 sex
337 3243 465 3309 milibus
496 3255 688 3310 armatorum
712 3243 893 3330 profectum
919 3245 1085 3313 Hannibal
1105 3250 1150 3308 tdt
1185 3298 1198 3309 .

146 3338 287 3403 exercitu
318 3339 395 3404 velit
421 3348 476 3403 aut
502 3349 607 3403 castra
632 3338 782 3402 invadere
808 3338 949 3424 praedae
977 3341 1084 3407 relicta
1103 3335 1149 3403 dut
1196 3396 1198 3401 .

113 3453 128 3499 5
148 3431 280 3509 viribus,
309 3432 377 3497 aine
398 3432 544 3518 imperia,
573 3432 642 3497 sine
664 3432 825 3518 auspicio?
860 3443 989 3500 veteres
1013 3436 1076 3501 eius
1097 3422 1148 3496 boll

146 3526 267 3603 clades,
296 3526 358 3591 duo
382 3527 528 3591 consules
551 3526 695 3612 proximo
717 3550 800 3592 anno
822 3526 985 3593 interfecti
1007 3527 1147 3595 artabat
1180 3556 1198 3595 .-

147 3632 177 3684 et
196 3643 234 3685 ea
251 3620 357 3685 omnia
375 3621 544 3699 accidisse,
567 3643 639 3686 cum
657 3644 739 3686 unus
758 3621 939 3708 imperator,
958 3646 1043 3689 unus
1059 3613 1147 3687 exard-

147 3724 198 3778 tua
217 3713 356 3779 hostium
372 3713 406 3778 in
423 3714 517 3779 Italia
534 3726 633 3793 asaet3
657 3737 742 3780 nunc
760 3716 822 3781 duo
840 3715 926 3780 bella
941 3715 1067 3782 Punica
1079 3714 1146 3781 fault
1189 3748 1198 3785 a

146 3808 226 3873 duos
245 3808 382 3894 ingentis
401 3809 572 3886 exercitus,
596 3810 676 3875 duos
694 3832 793 3896 prope
810 3809 1015 3877 Hannibales
1035 3810 1068 3874 in
1080 3800 1147 3872 lala
1185 3818 1198 3884 ξ

114 3921 229 3968 cesse.
274 3901 390 3989 quippe
417 3914 449 3967 et
475 3903 712 3969 Hasdrubalem
737 3916 828 3991 patre
855 3904 970 3970 eodem
995 3901 1146 3969 Hamilcar

147 3993 302 4078 genitum,
335 4017 433 4081 aeque
460 3996 619 4085 inpigrum
647 3998 774 4076 ducem,
804 4020 861 4085 per
888 4009 934 4065 tot
960 3998 995 4063 in
1019 3986 1147 4083 Hispania
