2528 4514
134 210 200 278 248
367 219 487 275 LIBER
503 217 600 289 XXV,
619 217 661 273 28.
677 216 719 273 29.
740 220 817 287 [au.
827 214 927 287 cala]

131 402 218 460 esse,
246 378 274 447 si
295 377 494 445 occasionem
514 373 737 442 reconciliandi
759 396 794 440 ss
811 372 967 442 Romanis
987 397 1135 463 pra&

132 474 362 541 sissent-eam
379 479 499 549 autem,
518 468 619 554 qualis
632 467 687 534 illo
699 477 860 534 momento
872 467 970 535 horae
983 468 1032 549 sit,
1115 510 1135 555 fl¹

131 567 245 634 deinde
267 565 335 633 fore
348 602 389 644 -‚
416 563 473 650 (si)
496 562 590 629 simul
610 560 787 648 liber(a)tas
810 560 851 629 ab
873 561 1135 653 impotentib,

129 662 238 728 rannis
256 659 463 747 apparuisset.

98 782 111 828 1
195 754 383 821 XXVIIII.
422 750 576 821 Omnium
593 751 714 840 ingenti
731 752 871 819 adsensu
888 753 997 821 audita
1014 776 1135 841 cao,

131 860 189 917 est
233 858 392 936 praetores
410 856 516 914 tamen
533 847 621 933 prius
640 845 739 912 creari
756 868 853 932 quam
873 846 998 935 legatos
1015 862 1135 933 unffi

130 945 259 1033 placuit
301 944 497 1029 exipsorum
514 941 628 1008 deinde
645 951 826 1027 praetorum
842 964 976 1009 nomem
992 943 1135 1041 missiq

96 1063 112 1113 a
131 1051 214 1106 tores
232 1039 274 1106 ad
290 1037 492 1116 Marcellum,
520 1059 654 1122 quorum
675 1035 821 1123 princeps
845 1042 963 1123 ‘neque
985 1038 1131 1126 prin0’''

130 1135 199 1221 quit
218 1131 427 1219 ‘Syracusani
444 1155 464 1198 a
480 1130 570 1197 vobis
590 1131 778 1210 defecimus,
802 1131 860 1197 sed
876 1130 1098 1221 Hieronymus

96 1250 289 1315 equaquam
315 1236 380 1292 tam
406 1226 439 1291 in
465 1246 522 1291 vos
548 1225 664 1311 impius
691 1247 787 1310 quam
812 1226 847 1291 in
872 1247 946 1307 nos3
978 1248 1046 1294 nso
1075 1263 1110 1288 a.

128 1344 241 1411 pacem
258 1321 385 1408 tyranni
402 1320 498 1387 caede
521 1320 727 1407 compositam
746 1319 968 1408 Syracusanus
990 1343 1026 1408 q·
1057 1355 1074 1381 ει

131 1418 188 1484 sed
206 1415 356 1483 satellites
377 1415 458 1502 regii
474 1413 688 1501 Hippocrates
710 1423 805 1499 atque
821 1414 985 1503 Epicydes
1006 1438 1086 1505 ορυι

130 1511 222 1578 uobis
240 1510 314 1575 hino
332 1517 418 1574 metu
436 1507 509 1573 hinc
527 1507 638 1573 fraude
660 1507 874 1574 turbaverunt
919 1531 980 1577 nec
999 1510 1090 1596 qo':o

131 1605 235 1671 dicere
260 1613 378 1691 potest,
415 1602 583 1689 aliquando
609 1602 701 1669 nobis
727 1602 881 1670 libertatis
908 1614 1032 1692 tempus
1058 1602 1107 1680 ‘¹ae

95 1724 113 1770 4
130 1700 216 1785 quod
232 1698 320 1785 pacis
339 1697 504 1764 vobiscum
521 1720 586 1763 non
603 1696 706 1762 fuerit
737 1719 821 1763 nuno
835 1706 920 1764 certe
933 1699 1027 1764 caede
1046 1727 1061 1750 εν
1079 1727 1080 1734 ¹

130 1795 185 1879 qni
212 1814 379 1881 oppressas
407 1791 555 1858 tenebant
583 1789 773 1878 Syracusas,
806 1814 879 1858 cum
905 1794 1036 1880 primum
1067 1829 1068 1832 ¹

130 1888 250 1954 arbitrii
276 1908 347 1952 esse
375 1887 555 1972 coepimus,
591 1887 748 1973 extemplo
778 1887 923 1953 venimus
949 1888 989 1953 ad
1019 1917 1026 1942 ι
1053 1915 1066 1930 ⁴*
1099 1941 1101 1950 .

131 2005 231 2061 arma,
251 1982 412 2047 dedendos
430 2003 502 2059 nos,
522 1980 646 2060 urbem,
665 1982 803 2061 moenia,
820 1981 941 2047 nullam
958 2003 1009 2048 rec
1031 2010 1046 2034 ;-,
1057 2011 1071 2029 ,

96 2077 303 2155 sfortunam,
339 2097 420 2161 quae
447 2076 510 2140 iam
536 2076 684 2162 imposita
710 2099 730 2142 a
754 2075 845 2143 vobis
871 2076 977 2143 fuerit.
1030 2099 1087 2151 ψ’

129 2183 241 2259 captae
260 2171 474 2238 nobilissimae
492 2172 782 2258 pulcherrimaeque
800 2170 887 2238 urbis
903 2169 1082 2239 Graecarum
1101 2163 1107 2220 ἶ

130 2266 185 2333 tibi
203 2268 370 2346 dederunt,
388 2265 551 2332 Marcelle.
587 2266 740 2351 quidquid
758 2289 908 2352 umquam
926 2278 1007 2334 terra
1027 2295 1038 2321 Η
1049 2294 1051 2301 ’
1062 2287 1079 2316 ·

127 2362 366 2428 memorandum
392 2361 567 2450 gessimus,
602 2361 636 2425 id
662 2361 708 2425 tui
733 2360 883 2447 triumphi
910 2362 1001 2428 titulo
1032 2375 1104 2413 'sut'

94 2477 109 2525 e
128 2456 273 2522 famaene
301 2457 387 2522 credi
413 2456 506 2534 velis,
534 2464 652 2539 quanta
677 2453 754 2521 urbs
776 2478 796 2521 a
817 2465 849 2520 te
872 2467 966 2543 capta
988 2456 1034 2533 sit,
1058 2476 1074 2504 ⁰¹

127 2550 261 2636 posteris
279 2571 406 2636 quoque
425 2571 495 2615 eam
514 2548 693 2635 spectaculo
711 2549 801 2615 esse?
826 2570 890 2634 quo
912 2548 1044 2635 quisquis
1062 2572 1074 2596 ¹2

128 2644 262 2728 quisque
281 2645 360 2708 mari
378 2643 499 2709 venerit
521 2664 606 2707 nunc
627 2652 736 2708 nostra
756 2641 797 2708 ab
815 2640 1080 2710 Atheniensibus·

127 2736 441 2823 thaginiensibusque
464 2746 606 2823 tropaea,
644 2758 727 2802 nunc
754 2746 810 2802 tua
832 2736 872 2803 de
893 2737 987 2804 nobis
1009 2758 1039 2803 os
1054 2753 1102 2789 ψ·

127 2829 365 2912 incolumesque
393 2827 569 2915 Syracusas
601 2829 739 2895 familiae
774 2840 898 2896 vestrae
930 2831 991 2898 sub
1019 2825 1110 2896 cleos

95 2946 109 2991 7
127 2921 263 2986 nominis
281 2921 506 2988 Marcellorum
525 2923 684 3009 tutelaque
701 2923 863 2990 habendas
881 2926 999 2991 badas.
1031 2943 1081 2989 no>
1108 2939 1114 2952 ”

128 3025 205 3102 aput
232 3038 288 3081 vos
315 3015 506 3103 Hieronymi
533 3039 629 3101 quam
655 3017 805 3084 Hieronis
832 3019 986 3085 memoria
1014 2998 1120 3084 mod

128 3110 237 3177 faciat:
269 3110 386 3176 diutius
408 3110 461 3176 ille
485 3110 584 3177 multo
607 3113 726 3177 amicus
748 3112 809 3177 fuit
831 3135 927 3199 quam
945 3113 998 3180 hic
1015 3102 1124 3180 110εέΙῦΙΙ

125 3205 210 3270 illius
228 3204 394 3271 benefacta
413 3206 507 3271 etiam
528 3229 563 3272 re
582 3206 738 3285 sensistis,
765 3207 859 3275 huius
882 3209 1020 3276 amentia
1035 3206 1117 3291 adp·

127 3299 241 3366 niciem
258 3310 380 3365 tantum
397 3301 498 3387 ipsius
517 3302 637 3367 valuit'.

91 3415 109 3464 8
193 3393 312 3462 Omnia
339 3406 370 3462 et
395 3397 604 3483 impetrabilia
630 3407 661 3462 et
688 3408 756 3463 tuta
783 3409 871 3464 eraut
897 3408 976 3486 aput
992 3398 1133 3466 Romanu

126 3491 207 3555 inter
232 3490 319 3577 ipsos
346 3490 418 3577 plus
445 3491 520 3557 belli
546 3512 583 3556 ac
608 3492 740 3578 periculi
771 3501 846 3558 erat.
899 3514 1035 3579 namque
1059 3504 1129 3556 nant

126 3585 237 3672 fugae,
274 3586 356 3651 tradi
383 3609 417 3652 se
443 3586 595 3653 Romanis
621 3588 695 3666 rati,
731 3589 1019 3655 mercennariorum
1037 3596 1131 3673 quoqut

92 3681 261 3748 emilitum
288 3681 406 3747 auxilia
433 3681 467 3747 in
493 3682 628 3747 eundem
650 3683 829 3770 compulere
857 3694 991 3765 metum,
1018 3678 1134 3769 arrepti*

127 3796 189 3857 que
207 3774 303 3840 armis
320 3785 480 3861 praetores
497 3777 634 3864 primum
652 3776 853 3862 obtruncant,
880 3778 954 3844 inde
977 3779 1019 3846 ad
1035 3774 1134 3845 caede!

129 3864 401 3951 Syracusanorum
419 3871 611 3951 discurrunt,
633 3893 776 3957 quosque
794 3871 861 3938 fors
880 3871 1008 3953 obtulit,
1029 3866 1135 3939 moin

128 3958 282 4042 terlicere,
305 3974 398 4050 atque
417 3966 521 4031 omnia
538 3966 669 4052 quaein
686 3976 835 4055 promptu
854 3977 943 4036 erant
958 3966 1135 4056 diripuerunt
