2528 4514
143 246 207 312 318
375 259 492 314 LIBER
509 259 615 328 XXVI,
634 257 677 313 47.
690 259 734 314 48.
754 262 792 328 [a.
802 277 831 336 u.
841 277 864 314 c.
875 258 944 329 544]
973 308 977 315 .

143 437 242 503 pensa
272 417 538 499 adnumerataque
569 423 651 480 sunt.
712 414 806 480 tritici
831 415 1068 504 quadringenta
1089 416 1162 481 milia

110 529 124 577 9
144 510 294 589 modium,
312 509 421 576 hordei
439 510 574 575 ducenta
591 510 799 596 septuaginta.
843 529 882 574 ao
899 532 1004 576 nares
1021 511 1162 576 onerariae

145 606 308 692 sexaginta
329 615 393 669 tres
418 603 452 668 in
472 613 565 690 portu
588 613 799 690 expugnatae,
829 604 994 688 quaedam
1018 624 1089 670 cum
1107 606 1161 670 suis
1187 626 1189 675 ζ

145 698 301 775 oneribus,
318 697 486 774 frumento,
510 696 618 774 armis,
637 718 708 761 aere
725 704 888 782 praeterea
906 696 1057 782 ferroque
1073 707 1102 763 et
1114 697 1159 762 lin-

145 792 203 856 teis
222 801 252 857 et
270 802 376 878 sparto
394 801 425 857 et
442 792 546 858 navali
563 791 626 856 alia
647 792 777 856 materia
794 792 835 857 ad
857 792 998 858 classem
1015 792 1157 858 aedilitas·

96 906 126 953 10
145 886 231 963 dam,
258 899 294 951 nt
311 887 475 951 minimum
492 886 631 951 omnium
652 887 734 951 inter
754 893 856 952 tantas
875 908 956 974 opes
974 886 1051 954 belli
1071 896 1154 973 captu

146 978 306 1066 Carthago
323 981 393 1065 ipsa
409 980 513 1044 suerit.

113 1094 124 1138 1
209 1072 452 1139 XXXXVIII.
495 1072 546 1139 Eo
568 1074 618 1138 die
642 1071 765 1159 Scipio,
792 1073 831 1140 G.
849 1074 968 1141 Laelio
991 1096 1064 1165 cum
1083 1074 1150 1142 souis

144 1167 308 1233 navalibus
330 1167 441 1233 urbem
462 1168 618 1233 custodire
640 1168 741 1246 iusso,
769 1168 837 1254 ipse
859 1169 894 1232 in
912 1179 1021 1236 castra
1039 1170 1148 1258 legiones

111 1278 126 1324 2
144 1261 268 1326 reduxit
285 1261 450 1346 fessosque
468 1263 583 1328 milites
601 1261 747 1327 omnibus
769 1285 833 1328 uno
851 1263 903 1327 die
925 1263 1005 1329 belli
1022 1263 1146 1350 openbuq
1177 1312 1189 1345 Ι.

144 1354 260 1440 quippo
282 1355 390 1440 quiet
412 1355 479 1421 acie
502 1355 705 1421 dimicassent
727 1363 758 1421 et
780 1355 934 1441 capienda
955 1357 1037 1423 urbe
1056 1366 1145 1423 tmm
1186 1394 1189 1407 ·

25 1523 31 1533 ¹
144 1448 259 1515 laboris
276 1450 469 1536 periculique
487 1450 628 1516 adissent
644 1463 677 1516 et
693 1459 786 1537 capta
799 1473 872 1516 cum
884 1451 939 1530 iis,
960 1453 1017 1537 qui
1028 1452 1060 1516 in
1071 1470 1144 1517 moos

145 1543 365 1630 confugerant,
391 1546 500 1630 iniquo
526 1545 620 1610 etiam
642 1544 712 1610 loco
738 1554 951 1632 pugnassent,
979 1566 1085 1612 curare
1101 1566 1144 1611 cor
1185 1572 1189 1579 ·

111 1655 221 1721 epora
246 1637 347 1703 iussit.
399 1650 526 1724 postero
556 1639 607 1703 die
638 1637 790 1704 militibus
820 1639 1052 1725 navalibusque
1079 1636 1143 1704 souis
1176 1638 1189 1704 ἶ

144 1735 324 1799 convocatis
358 1735 495 1820 primum
525 1733 575 1798 dis
606 1733 835 1799 immortalibus
865 1733 980 1800 laudes
1010 1744 1144 1823 gratem

144 1826 222 1912 egit,
250 1828 305 1910 qui
327 1850 361 1892 se
383 1850 447 1893 non
468 1829 554 1894 urbis
578 1827 680 1893 solum
702 1827 960 1913 opulentissimae
983 1824 1144 1895 omniumir

144 1920 302 2006 Hispania
322 1944 387 1986 uno
408 1922 459 1986 die
482 1933 660 2008 compotem
681 1922 844 2001 fecissent,
872 1924 929 1988 sed
953 1934 1028 1990 ante
1048 1946 1083 1990 eo
1096 1942 1144 1989 ott·

143 2015 317 2102 gessissent
334 2016 435 2082 omnis
453 2016 583 2082 Africae
601 2026 695 2102 atque
712 2016 888 2103 Hispaniae
907 2040 1002 2104 opes,
1024 2026 1060 2085 ut
1073 2034 1144 2102 nequ
1176 2014 1182 2021 ’

143 2108 287 2174 hostibus
314 2109 483 2195 quicquam
508 2110 735 2195 relinqueretur
760 2121 791 2176 et
821 2111 882 2176 sibi
909 2135 948 2177 ac
981 2113 1047 2179 suis
1071 2108 1145 2179 omult
1176 2104 1185 2139 ²

109 2226 125 2272 4
145 2214 353 2288 superessent.
398 2206 532 2269 militum
554 2205 666 2271 deinde
684 2206 831 2270 virtutem
849 2205 1066 2286 conlaudavit,
1089 2200 1145 2291 quotl

145 2319 198 2363 eos
216 2320 280 2362 non
298 2299 419 2384 eruptio
437 2299 589 2376 hostium,
616 2322 679 2364 non
698 2299 1024 2381 altitudomoenium,
1051 2300 1159 2371 nonir.

145 2394 306 2479 explorata
324 2395 428 2480 stagni
440 2395 536 2471 vada,
555 2416 619 2458 non
632 2394 796 2459 castellum
810 2395 843 2458 in
856 2395 921 2460 alto
934 2398 1059 2462 tumulo
1072 2397 1146 2467 eitun
1182 2456 1185 2460 .

143 2510 207 2552 non
233 2487 444 2553 munitissima
469 2512 526 2553 arx
552 2489 767 2566 deterruisset,
795 2510 858 2573 quo
885 2489 993 2557 minus
1020 2501 1148 2556 mensem
1180 2566 1182 2571 ,

110 2603 124 2647 5
144 2583 253 2646 derant
269 2582 376 2648 omnia
392 2592 708 2667 perrumperentque:
743 2583 848 2666 itaque
866 2605 1063 2671 quamquam
1079 2579 1149 2650 onul-

142 2674 202 2740 bus
229 2677 334 2740 omnia
360 2677 501 2755 deberet,
536 2676 739 2762 praecipuum
766 2676 895 2742 muralis
923 2700 1061 2745 coronae
1081 2679 1148 2744 deso

144 2769 211 2833 eius
231 2791 315 2846 esse,
334 2771 388 2854 qui
406 2772 525 2856 primus
543 2794 668 2835 murum
686 2771 894 2850 ascendisset3
912 2766 1149 2857 profitereturqri
1185 2778 1188 2803 ²

111 2883 179 2928 ose
202 2862 333 2948 dignum
355 2886 393 2929 eo
415 2866 542 2931 duceret
564 2864 656 2930 dono.
701 2865 763 2930 <luo
785 2865 923 2951 professi
946 2877 1037 2948 sunt,
1065 2867 1101 2952 Q.
1116 2862 1150 2931 ll·
1185 2872 1189 2917 '-

144 2955 271 3021 berilius
295 2958 432 3023 centurio
450 2960 582 3046 legionis
605 2970 734 3044 quartae
756 2971 787 3024 et
811 2957 886 3026 Sex.
905 2960 1054 3049 Digitius
1075 2959 1149 3029 soo'tt

144 3051 274 3116 navalis.
305 3074 364 3116 nec
380 3053 442 3138 ipsi
461 3063 524 3118 tam
541 3054 621 3121 inter
639 3077 673 3119 se
691 3054 803 3119 acriter
820 3057 1067 3135 contendebant,
1082 3072 1150 3141 quw
1186 3132 1188 3139 ,

111 3166 124 3210 7
144 3146 247 3210 studia
265 3147 476 3212 excitaverant
492 3159 623 3231 uterque
642 3149 691 3213 sui
709 3148 846 3234 corporis
864 3148 1044 3216 hominum.
1083 3146 1149 3216 soo‘lt

144 3238 182 3304 (l.
205 3240 335 3305 Laelius
353 3241 530 3326 praefectus
550 3242 673 3319 classis,
700 3242 879 3328 legionariis
897 3242 948 3309 M.
971 3241 1150 3332 Sempronia

109 3334 320 3399 8Tuditanus
348 3337 464 3402 aderat.
518 3360 555 3402 ea
582 3338 737 3403 contentio
764 3359 836 3402 cum
862 3360 965 3424 prope
994 3341 1151 3407 seditiones

142 3429 274 3506 veniret,
303 3427 410 3516 Scipio
437 3431 493 3495 tris
519 3442 751 3518 recuperatores
778 3454 850 3496 cum
878 3455 913 3498 se
936 3434 1086 3500 daturum
1103 3450 1151 3520 pm

142 3522 331 3602 nuntiasset,
366 3525 421 3609 qui
448 3526 574 3612 cognita
599 3548 695 3592 causa
725 3526 921 3610 testibusque
950 3529 1069 3595 auditis
1095 3522 1153 3592 iud·

88 3680 91 3685 .
110 3636 125 3684 9
144 3628 263 3696 carent,
290 3629 361 3683 uter
381 3618 467 3704 prior
487 3620 520 3684 in
542 3621 693 3706 oppidum
716 3621 980 3701 transcendisset,
1009 3623 1048 3689 C.
1066 3617 1153 3688 Laelo

142 3723 173 3776 et
190 3712 237 3777 M.
259 3711 446 3799 Sempronio
464 3715 623 3780 advocatis
641 3716 739 3801 partis
757 3715 920 3801 utriusque
938 3716 980 3783 P.
997 3716 1153 3784 cornelian

144 3804 321 3871 Caudinum
341 3808 380 3872 de
397 3809 500 3874 medio
519 3809 632 3874 adiecit
650 3831 767 3893 eosque
781 3810 836 3874 tris
849 3822 1088 3897 recuperatores
1100 3828 1153 3875 cor

92 3917 125 3964 10
144 3899 245 3964 sidere
267 3911 298 3965 et
320 3923 449 3968 causam
471 3911 660 3989 cognoscere
682 3903 783 3969 iussit.
828 3926 901 3969 cum
923 3927 978 3971 res
1003 3929 1040 3973 eo
1061 3903 1154 3971 maiore

143 4003 288 4078 ageretur
305 3998 486 4076 certamine,
509 3998 594 4081 quod
611 3998 707 4063 amoti
725 4007 829 4063 tantae
847 3998 1015 4086 dignitatis
1032 4023 1093 4067 nou
1107 4006 1154 4061 lam
