2528 4530
275 263 397 321 nmen
413 263 516 335 xxu,
535 263 633 319 1213.
653 261 807 333 [aceri]
1018 250 1061 318 67-

24 426 147 515 rgmine
164 446 209 489 ex
226 431 398 510 conspectu
415 421 538 500 abibat,
557 421 652 487 modo
668 429 798 507 repente
811 420 845 487 in
857 420 963 507 aliquo
975 422 1061 490 flexu

10 522 100 599 Ιιίιιιι,
125 519 156 585 si
174 517 321 604 excipere
344 518 533 605 degressum
554 515 589 581 in
610 536 747 601 aequum
768 525 892 603 posset,
919 517 1061 585 occultus

28 611 227 683 subsistebat,
266 610 388 677 Fabius
405 633 463 697 per
479 610 550 676 loca
568 609 632 675 alta
650 631 765 697 agmen
781 607 919 676 ducebat
935 611 1061 678 modico
1078 631 1095 680 8

29 708 62 775 ab
80 708 176 773 hoste
199 704 379 783 intervallo,
406 713 442 769 ut
462 725 565 788 neque
588 703 744 769 omitteret
766 725 839 770 eum
861 726 965 790 neque
986 727 1063 771 con·

32 801 216 891 pederetur.
242 798 369 876 castris,
388 798 451 863 nisi
464 807 617 882 quantum
632 820 709 863 usus
727 798 906 865 necessario
924 809 1061 886 cogeret,

33 895 186 964 mabam
199 893 307 972 miles3
324 891 478 979 pabulum
495 902 528 957 et
543 891 632 980 ligna
649 913 708 959 nec
725 892 819 979 pauci
835 891 985 979 petebant
1002 915 1062 959 nec

34 991 153 1079 psssim3
181 987 325 1072 equitum
347 986 489 1071 levisque
512 996 689 1053 armaturae
712 986 805 1053 statio
828 988 993 1074 conposita
1014 987 1096 1057 ιιι-ι

38 1094 204 1169 structaque
234 1081 270 1147 in
300 1080 422 1147 subitos
449 1077 526 1167 (est)
553 1080 706 1146 tumultus
734 1090 766 1146 et
792 1103 851 1147 suo
877 1080 969 1147 militi
994 1091 1063 1147 tuta

40 1178 126 1245 inuia
141 1191 177 1243 et
194 1175 314 1242 infesta
332 1175 443 1241 offusis
461 1175 600 1241 hostium
616 1174 856 1262 populatoribus
874 1174 1062 1263 praebebat;

39 1294 122 1358 neque
144 1271 298 1337 universo
319 1268 460 1356 periculo
482 1292 606 1336 summa
627 1292 733 1335 rerum
756 1267 1010 1335 committebatur
1031 1278 1064 1337 et
1082 1291 1114 1339 10

42 1386 119 1453 pm
148 1374 314 1430 momenta
338 1362 457 1429 levium
484 1364 692 1430 certaminum
718 1385 758 1430 ex
784 1371 852 1429 tuto
879 1373 1063 1450 coeptorum

46 1458 151 1525 in'tino
167 1466 303 1544 receptu
325 1455 584 1523 adsuefaciebant
606 1456 748 1523 territum
769 1457 910 1543 pristinis
932 1456 980 1542 (iu
997 1456 1063 1543 bis)

52 1550 161 1619 datbbus
180 1552 317 1617 militem
333 1551 439 1617 minus
461 1552 525 1617 iam
547 1552 675 1617 tandem
697 1560 752 1617 aut
772 1552 897 1618 virtutis
920 1561 975 1618 aut
997 1550 1062 1618 for·

37 1644 117 1725 ftme
138 1647 306 1735 paenitere
332 1668 418 1712 suae.
464 1647 521 1712 sed
547 1669 612 1712 non
637 1645 853 1713 Hannibalem
878 1646 982 1734 magis
1013 1646 1063 1713 iu-
1082 1668 1113 1717 11

36 1738 137 1813 &trun
155 1751 225 1807 tam
243 1740 328 1806 sanis
347 1740 485 1806 consiliis
504 1739 641 1806 habebat
658 1762 755 1824 quam
772 1739 959 1827 magistrum
975 1740 1064 1825 equi·

36 1842 104 1917 ³bn,
119 1836 177 1922 qui
188 1835 270 1901 nihil
282 1835 368 1900 aliud
385 1857 481 1921 quam
499 1836 585 1919 quod
602 1835 704 1921 impar
722 1844 788 1900 erat
805 1834 938 1921 imperio
955 1856 1062 1901 morae

43 1930 146 1997 adrem
162 1928 326 2017 publicam
343 1929 611 2016 praecipitandam
629 1927 782 2008 habebat;
808 1928 899 1995 ferox
915 1929 1062 2016 rapidus·
1084 1949 1115 1999 12

43 2044 87 2109 pre
100 2027 135 2091 in
152 2025 294 2091 consiliis
313 2046 350 2090 ao
372 2024 482 2111 lingua
504 2024 681 2090 inmodicus
704 2023 807 2110 primo
829 2024 911 2089 inter
932 2046 1062 2110 paucos,

44 2116 97 2184 lein
108 2118 297 2206 propalam
287 2142 321 2182 ιιι
334 2118 449 2228 vulgus
464 2141 521 2229 pro
535 2127 716 2184 cunctatore
730 2139 875 2229 segnem,
894 2140 950 2204 pro
969 2128 1062 2185 cauto

10 2266 17 2302 ι
44 2210 181 2291 ibidum,
215 2212 380 2300 adfingens
416 2213 518 2278 vicina
546 2212 715 2279 virtutibus
742 2212 833 2290 vitia,
865 2212 1063 2324 conpellabat

44 2309 258 2417 premendoque
283 2308 492 2395 superiorem,
519 2329 601 2393 quae
626 2306 767 2417 pessima
792 2330 844 2373 ars
870 2306 964 2373 nimis
990 2331 1064 2394 pro·

10 2484 16 2491 ,
46 2403 124 2487 speris
142 2402 313 2468 multorum
331 2402 532 2468 successibus
551 2403 664 2480 crevit,
684 2422 755 2466 sese
773 2399 953 2467 extollebat.

10 2578 17 2585 .
89 2496 186 2563 XIII.
232 2495 396 2563 Hannibal
428 2519 468 2562 ex
498 2495 685 2583 Hirpinis
676 2519 709 2561 m
742 2491 909 2562 Samnium
940 2494 1095 2574 transit,1

111 2602 283 2658 ventauum
305 2592 514 2681 depopulatur
540 2615 667 2680 agrum,
693 2591 854 2657 Telesiam
875 2588 988 2657 urbem
1010 2612 1064 2655 ea·

48 2682 90 2771 pl,
107 2687 212 2753 inritat
231 2687 325 2753 etiam
343 2688 383 2753 de
405 2687 560 2753 industria
582 2687 710 2765 ducem,
740 2685 767 2753 si
790 2685 872 2751 forte
892 2707 1063 2751 accensum

49 2781 342 2870 totindignitatibus,
367 2782 511 2850 cladibus
530 2780 686 2849 sociorum
704 2781 868 2848 denubere
886 2780 928 2847 ad
951 2803 1064 2847 aecum

51 2884 183 2943 women
206 2877 318 2964 possit.
361 2878 443 2943 inter
460 2876 693 2943 multitudinem
712 2875 869 2942 sociorum
886 2875 991 2941 Italici
1007 2897 1063 2963 ge-
1081 2893 1096 2941 ι

10 3014 19 3049 -,
47 2968 123 3051 -suis,
143 2971 200 3058 qui
222 2971 264 3039 ad
281 2970 537 3038 Trasumennum
555 2972 639 3058 capti
661 2970 701 3037 ab
721 2969 904 3037 Hannibale
926 2968 1065 3035 dimissi-

51 3080 93 3145 quo
105 3064 243 3145 fuerant,
261 3074 326 3131 tres
345 3063 502 3152 Campani
522 3066 643 3150 equites
662 3075 764 3143 erant,
788 3064 896 3129 multis
913 3064 977 3129 iam
995 3073 1064 3128 tum

51 3152 133 3225 inlecti
148 3161 241 3227 donis
259 3160 487 3247 promissisque
504 3160 697 3228 Hannibalis
715 3160 757 3225 ad
775 3158 989 3224 conciliandos
1006 3178 1064 3243 po-

53 3250 180 3332 rubeum
199 3255 333 3320 animos.
377 3253 411 3319 hi
428 3256 625 3333 nuntiantes,
649 3252 728 3320 siin
747 3252 957 3338 Campaniam
975 3269 1097 3317 exer-s

54 3340 126 3413 dium
146 3349 357 3428 admovisset,
387 3347 518 3436 Capuae
544 3349 710 3436 potiendae
734 3347 858 3434 copiam
880 3345 962 3424 fore,
990 3366 1064 3411 eum

49 3456 87 3503 m
104 3444 199 3510 maior
221 3465 319 3529 quam
341 3452 487 3510 auctores
511 3452 608 3521 esset,
582 3441 769 3509 tdubium
786 3438 1001 3507 Hannibalem
1019 3438 1065 3505 al-

48 3534 184 3623 lffoisque
205 3537 358 3605 fidentem
375 3561 413 3605 ao
430 3537 626 3604 diffidentem
645 3546 750 3603 tamen
767 3545 804 3601 ut
822 3533 1005 3620 Campanos
1023 3554 1064 3598 ex

47 3622 157 3699 smnio
173 3643 297 3721 peteret
312 3643 488 3699 moverunt
520 3634 670 3712 monitos,
688 3642 724 3699 ut
743 3632 837 3699 etiam
855 3641 949 3716 atque
967 3628 1063 3694 etiam
1081 3649 1098 3695 ι

43 3725 183 3807 tremisso
207 3727 304 3796 rebus
327 3728 578 3808 adfirmarent,
568 3750 736 3813 russosque
762 3750 835 3793 cum
861 3722 1004 3812 pluribus
1032 3733 1064 3789 et

42 3816 182 3907 atquihm
203 3821 384 3911 principum
409 3824 511 3891 redire
534 3824 575 3890 ad
602 3846 636 3890 se
664 3821 791 3889 dimisit.
835 3821 904 3906 ipse
930 3818 1099 3906 imperato

41 3910 111 3998 luci,
134 3928 171 3985 ut
190 3940 226 3986 se
242 3917 277 3984 in
294 3941 406 4007 agrum
425 3918 610 3986 Casinatem
628 3917 737 3996 ducat,
765 3917 894 3982 edoctus
917 3913 1062 4002 aperitis

38 4010 206 4109 tthonum,
227 4012 255 4081 si
273 4035 345 4081 eum
365 4013 479 4081 saltum
498 4021 699 4102 occupasset,
723 4012 842 4079 exitum
853 4009 1005 4166 5Romano
1023 4008 1065 4076 ad

876 4113 888 4141 ι
