2528 4514
337 254 454 310 amsa
472 255 584 326 xxvr,
603 255 646 312 41.
659 257 703 312 42.
724 260 761 326 [a.
773 255 876 326 caro]
1059 244 1125 312 313

95 422 115 478 rt
135 413 301 478 revixisse
320 422 374 478 aut
390 423 534 479 renatum
557 414 616 479 sibi
637 415 770 499 quisque
790 413 971 500 Scipionem
992 416 1127 502 impera·

95 529 194 573 orem
214 506 319 572 dicat'
848 586 851 593 Α

151 599 354 665 ΧΧΧΧΠ.
406 600 480 666 Hac
506 601 644 667 oratione
671 603 812 668 accensis
843 603 977 667 militurn
1003 604 1158 684 animis,1

95 695 203 760 elicto
223 695 265 759 ad
280 694 473 779 praesidium
491 694 628 781 regionis
651 696 717 760 eius
735 695 783 761 M.
804 694 913 762 Silano
935 718 1007 761 cum
1025 697 1125 764 tribus

95 787 224 854 nilibus
246 788 401 873 peditum,
430 788 574 853 trecentis
599 788 769 872 equitibus,
802 799 920 856 ceteras
943 813 1052 857 omnes
1075 813 1127 857 co-

95 883 158 948 »ias
180 891 316 947 -erant
337 892 443 946 autem
469 882 580 968 viginti
606 884 744 967 quinque
770 884 857 948 milia
881 885 1036 969 peditum,
1063 886 1127 951 duo

95 977 182 1041 nilia
209 976 373 1062 quingenti
399 975 563 1060 equites·
579 975 735 1041 Hiberum
758 977 887 1042 traiecit.
931 977 976 1042 ibi
997 979 1162 1062 quibus-2

95 1071 166 1135 lam
193 1069 413 1147 suadentibus,
440 1079 488 1147 ut,
515 1070 663 1153 quoniam
685 1070 804 1135 intres
826 1080 891 1134 tam
912 1071 1052 1137 diversas
1078 1095 1128 1138 re-

95 1165 206 1253 giones
230 1164 449 1229 discessissent
471 1163 585 1228 Punici
610 1165 780 1243 exercitus,
812 1165 990 1251 proximum
1017 1167 1129 1251 adgre-

95 1261 236 1335 deretur,
254 1258 427 1342 periculum
445 1279 517 1323 esse
533 1267 635 1335 ratus,
653 1280 693 1323 ne
711 1281 748 1323 eo
762 1258 845 1323 sacto
859 1259 892 1323 in
905 1281 1003 1323 unum
1016 1281 1124 1324 omnes

95 1352 293 1419 :ontraheret
314 1374 373 1417 nec
394 1374 452 1436 par
473 1360 557 1417 esset
578 1374 660 1417 unus
688 1362 734 1417 tot
760 1352 961 1430 exercitibus,
994 1350 1128 1418 Cartha

95 1448 203 1534 ginem
234 1468 349 1510 novam
379 1446 502 1510 interim
532 1467 715 1533 oppugnare
746 1447 873 1524 statuit,
909 1445 1020 1510 urbem
1055 1462 1164 1510 cums

95 1541 199 1627 ipsam
221 1537 402 1624 opulentam
424 1540 489 1604 suis
512 1540 639 1625 opibus,
667 1550 734 1604 tum
751 1539 890 1605 hostium
911 1540 997 1604 omni
1014 1539 1125 1604 bellico

95 1642 249 1721 apparatu
266 1633 393 1718 plenam
410 1633 497 1698 —ibi
519 1657 619 1711 arma,
646 1634 691 1699 ibi
712 1635 859 1718 pecunia,
886 1634 931 1700 ibi
952 1634 1047 1699 totius
1065 1633 1127 1698 Hi-

95 1729 227 1816 spaniae
245 1728 371 1793 obsides
390 1736 478 1792 erant
493 1765 533 1805 -,
562 1729 654 1794 sitam
675 1739 836 1814 praeterea
858 1751 931 1793 cum
953 1737 1126 1814 opportune
1144 1744 1161 1791 a

95 1823 136 1888 ad
154 1820 362 1886 traiciendum
379 1822 412 1884 in
428 1821 586 1900 Africam,
614 1831 681 1885 tum
704 1844 798 1907 super
819 1833 944 1908 portum
967 1822 1042 1887 satis
1060 1845 1127 1887 am·
1153 1860 1155 1866 ·

95 1917 184 2000 plum
207 1915 391 1999 quantaevis
419 1914 513 1980 classi
538 1925 570 1979 et
589 1916 697 1980 nescio
719 1940 759 1981 an
780 1936 879 1980 unum
900 1917 933 1980 in
950 1914 1125 2001 Hispaniae

95 2031 168 2087 ora,
193 2031 257 2092 qua
278 2018 386 2073 nostro
409 2009 530 2072 adiacet
551 2009 637 2073 mari.
680 2031 774 2074 nemo
791 2011 931 2075 omnium
950 2032 1013 2093 quo
1030 2010 1126 2074 iretur
1144 2027 1162 2074 5

95 2102 216 2168 sciebat
238 2112 361 2189 praeter
383 2100 421 2167 Ο.
440 2103 595 2167 Laelium.
648 2104 676 2167 is
700 2102 801 2168 classe
827 2105 1060 2169 circummissus
1082 2103 1127 2167 ita

95 2216 226 2261 cursum
242 2197 371 2261 navium
392 2196 547 2261 moderari
568 2197 675 2262 iussus
699 2205 777 2272 erat,
804 2206 839 2260 ut
857 2197 968 2260 eodem
986 2206 1125 2281 tempore

95 2292 252 2356 exercitus
272 2290 488 2355 ostenderetur
505 2302 536 2355 et
553 2291 663 2355 classis
681 2299 806 2375 portum
823 2290 960 2354 intraret.
993 2290 1125 2374 septimo
1144 2306 1163 2355 6

95 2385 146 2451 die
165 2383 206 2450 ab
225 2384 346 2449 Hibero
366 2383 590 2471 Carthaginem
608 2395 737 2449 ventum
754 2392 803 2448 est
820 2383 913 2448 simul
931 2392 1013 2446 terra
1033 2381 1126 2445 mari-

95 2499 168 2564 que.
205 2488 308 2543 castra
325 2477 365 2542 ab
383 2480 510 2565 regione
528 2479 629 2556 urbis,
648 2500 711 2561 qua
723 2479 756 2542 in
770 2477 1022 2563 septemtrionem
1034 2496 1126 2539 versa

95 2582 158 2650 est,
185 2573 302 2658 posita3
338 2572 387 2636 his
406 2573 466 2636 nisi
485 2573 525 2638 ab
543 2583 631 2658 tergo
645 2609 672 2619 —
684 2595 757 2635 nam
779 2580 890 2635 natura
911 2579 979 2633 tuta
1000 2578 1127 2633 erant-

95 2666 218 2731 nullum
235 2665 353 2729 vallum
371 2666 537 2731 obiectum.
582 2676 720 2730 ceterum
743 2665 803 2730 sita
821 2662 982 2750 Carthago
1000 2663 1046 2729 sic
1063 2671 1124 2727 est:
1144 2682 1161 2728 r

95 2761 184 2826 sinus
202 2769 251 2824 est
268 2760 363 2825 maris
381 2761 484 2826 media
501 2760 567 2824 fere
584 2759 759 2845 Hispaniae
777 2781 845 2836 ora,
864 2760 1000 2823 maxime
1013 2756 1126 2822 Africo

95 2862 190 2919 vento
213 2854 392 2938 oppositus,
424 2856 464 2919 ad
486 2855 550 2919 duo
572 2853 658 2918 milia
679 2863 710 2918 et
727 2853 915 2940 quingentos
937 2874 1052 2939 passus
1079 2851 1126 2915 in-

95 2959 216 3014 trorsus
245 2956 413 3024 retractus,
447 2948 542 3032 paulo
568 2949 639 3033 plus
666 2948 750 3012 mille
781 2970 933 3033 passuum
959 2948 991 3011 in
1021 2946 1126 3011 latitu-

95 3042 205 3106 dinem
221 3052 341 3126 patens.
385 3042 478 3107 huius
501 3043 535 3106 in
556 3043 636 3108 ostio
659 3043 746 3107 sinus
764 3064 862 3127 parva
882 3040 986 3105 insula
1003 3039 1161 3104 obiectat

95 3135 134 3202 ab
163 3136 228 3200 alto
253 3145 378 3220 portum
405 3146 506 3200 tutum
533 3136 573 3202 ab
605 3137 749 3202 omnibus
776 3137 877 3200 ventis
908 3143 1125 3219 praeterquam

95 3228 209 3294 Africo
227 3229 312 3293 faoit.
349 3229 389 3295 ab
406 3230 515 3295 intimo
534 3231 604 3294 sinu
620 3229 806 3316 paeninsula
819 3228 966 3303 exomrit,
986 3225 1125 3289 tumulus
1163 3267 1168 3276 -

95 3323 121 3389 is
138 3324 224 3409 ipse,
251 3323 365 3407 inquo
383 3324 508 3389 condita
525 3324 600 3390 urbs
619 3334 681 3402 est,
709 3323 749 3387 ab
767 3330 837 3387 ortu
855 3320 930 3386 solis
948 3331 979 3384 et
996 3343 1016 3384 a
1033 3319 1126 3382 meri-

95 3417 146 3482 die
173 3417 277 3481 cincta
303 3418 399 3495 mari3
436 3417 476 3482 ab
503 3439 618 3483 occasu
648 3427 795 3503 stagnum
821 3413 938 3480 claudit
962 3412 1124 3498 paululum

95 3511 190 3577 etiam
218 3510 260 3575 ad
286 3512 538 3596 septemtrionem
563 3512 685 3589 fusum,
717 3512 853 3574 incertae
878 3507 1049 3573 altitudinis
1075 3517 1125 3570 ut·

95 3626 233 3689 cumque
252 3615 414 3670 exaestuat
430 3629 525 3671 mare.
566 3606 737 3672 continenti
754 3602 991 3688 urbemiugum
1009 3602 1124 3665 ducen-
1142 3624 1160 3672 o

95 3709 144 3766 tos
167 3699 235 3764 fere
258 3710 289 3764 et
310 3701 537 3786 quinquaginta
557 3723 671 3787 passus
694 3709 804 3786 patens
827 3697 996 3783 coniungit.
1039 3695 1124 3760 unde

95 3816 169 3861 eum
187 3802 253 3858 tam
274 3795 363 3878 parvi
385 3796 488 3880 operis
510 3797 641 3861 munitio
663 3803 760 3871 esset,
787 3815 851 3858 non
872 3791 986 3857 obiecit
1006 3789 1124 3855 vallum

95 3890 266 3974 imperator
277 3886 453 3966 Romanus,
473 3910 530 3954 seu
546 3889 693 3954 fiduciam
710 3886 794 3952 bosti
811 3884 946 3972 superbe
956 3892 1124 3975 'ostentans
1147 3903 1183 3952 10

95 3983 161 4050 sive
181 3991 217 4047 ut
235 3980 381 4048 subeunti
400 4005 494 4068 saepe
512 3984 554 4048 ad
570 3983 693 4050 moenia
710 3981 797 4048 urbis
814 4002 960 4050 recursus
977 3990 1106 4066 pateret.
