2528 4530
310 248 430 305 urana
445 248 868 321 remurmuremus]
1045 238 1112 306 203

54 400 55 409 ¹
98 411 252 492 militesque
273 406 385 472 intenti
408 406 529 473 dudum
551 429 588 472 ac
610 408 711 494 parati
733 408 787 474 olii
809 429 943 494 superne
965 408 999 473 in
1020 421 1146 475 aver-4

96 526 149 569 som
165 501 339 568 contionem
356 499 492 567 clamore
515 499 639 566 sublato
662 501 844 580 decurrunt,
872 501 925 567 alii
942 502 984 567 ad
1006 503 1110 568 exitus

97 595 188 662 tbeatri
218 594 351 661 conferti
381 593 547 660 obsistunt.
597 596 770 661 caeduntur
799 594 982 661 Hennensis
1013 610 1145 662 caveat

95 688 189 756 inclusi
206 698 490 772 coacervanturque
508 710 571 753 non
589 688 686 753 caede
704 688 821 767 solum,
844 700 893 754 set
910 690 1005 755 etiam
1021 689 1109 777 fuga,

93 806 149 851 eom
165 782 218 849 alii
235 804 331 869 super
347 781 479 848 aliorum
497 782 601 868 capita
616 792 751 861 ruerent,
769 783 900 870 integris
915 785 1028 862 saucii,
1045 785 1111 849 vivi

94 878 206 945 mortuis
223 877 397 942 incidentes
416 876 658 943 cumularentur.
698 877 771 943 inde
788 878 910 963 passim
927 876 1110 945 discurritur
1128 890 1144 937 o

94 972 217 1039 turbis
243 982 355 1057 captae
381 971 474 1037 modo
505 971 645 1058 fugaque
677 982 708 1036 et
738 971 851 1038 caedes
883 971 989 1038 omnia
1014 982 1108 1051 tenet,

95 1067 171 1135 nihilo
187 1067 367 1133 remissiore
385 1066 519 1135 militum
536 1068 598 1145 ira,
625 1066 712 1152 quod
728 1067 853 1133 turbam
870 1068 1023 1134 inermem
1040 1090 1111 1135 cae·

94 1161 203 1241 lebant,
240 1184 335 1246 quam
362 1161 390 1227 si
415 1161 590 1248 pericnlum
615 1184 673 1247 par
693 1172 725 1227 et
746 1162 839 1228 ardor
860 1162 1037 1227 certaminis
1056 1184 1110 1228 eos

95 1256 222 1323 irritaret.
269 1257 315 1322 ita
340 1256 458 1322 Henna
489 1266 543 1321 aut
569 1256 652 1322 malo
678 1267 733 1322 aut
763 1256 940 1322 necessario
971 1256 1144 1322 facinores

97 1360 202 1417 11111111

101 1502 104 1507 .
142 1444 310 1511 Marcellus
329 1465 388 1509 nec
405 1443 526 1510 factum
542 1444 721 1530 inprobavit
738 1455 770 1510 et
791 1444 940 1531 praedam
958 1444 1111 1510 Hennen-

54 1564 58 1595 ÷
102 1536 160 1605 sion
169 1538 322 1604 militibus
337 1538 507 1615 concessit,
524 1547 612 1603 ratus
626 1538 738 1604 timore
751 1538 915 1604 deterritos
927 1537 1110 1625 proditioni·

64 1650 68 1713 j
99 1629 380 1720 lospraesidiorum
403 1631 539 1700 Siculos.
584 1643 678 1718 atque
702 1656 740 1699 ea
762 1633 882 1711 clades,
911 1643 947 1697 ut
967 1633 1054 1699 urbis
1076 1632 1144 1701 ins

97 1730 178 1796 nodia
196 1728 306 1820 Sicilia
323 1730 401 1795 sitae
420 1729 584 1814 claraeque
601 1730 653 1795 vel
670 1731 711 1797 ob
733 1732 892 1818 insignem
914 1731 1109 1799 munimento

97 1826 328 1891 mortiterum
345 1824 397 1889 vel
415 1824 456 1890 ob
472 1835 594 1890 sacrata
611 1826 717 1891 omnia
729 1826 871 1913 vestigiis
889 1837 998 1913 raptae
1010 1849 1111 1912 quon-

97 1914 379 2004 lamProserpinae,
397 1941 496 2004 prope
513 1942 578 1986 uno
595 1920 647 1986 die
665 1942 791 1987 omnem
802 1919 944 1987 Siciliam
960 1923 1108 2009 pervasit.

96 2013 197 2096 etquis
215 2014 311 2079 caede
327 2012 457 2078 infanda
469 2013 631 2092 rebantur,
649 2037 714 2080 non
726 2015 889 2081 hominum
902 2026 1034 2095 tantum,
1053 2017 1111 2083 sed
1129 2030 1143 2076 o
1190 2048 1198 2067 ·

97 2104 170 2172 odam
190 2107 320 2173 deorum
343 2108 452 2173 sedem
473 2108 622 2173 violatam
644 2131 729 2187 esse,
757 2118 824 2174 tum
845 2132 920 2175 vero
938 2111 993 2194 qui
1015 2111 1109 2176 etiam

96 2209 150 2266 onte
165 2201 252 2267 dubii
269 2200 396 2267 fuerant
412 2201 555 2267 defecere
573 2203 615 2267 ad
632 2202 768 2268 Poenos.
804 2203 1017 2289 Hippocrates
1034 2204 1108 2269 inde
1129 2216 1162 2263 1o

96 2288 303 2384 Murgantiam,
329 2294 470 2361 Himilco
488 2293 703 2382 Agrigentum
721 2317 792 2361 sese
808 2297 940 2381 recepit,
967 2318 1040 2361 curn
1058 2319 1111 2362 ac-

95 2386 134 2453 oili
151 2389 400 2476 aproditoribus
421 2391 612 2475 nequiquam
634 2390 676 2454 ad
692 2388 843 2454 Hennam
864 2389 1036 2454 exercitum
1055 2390 1111 2454 ad-

95 2485 256 2550 movissent.
291 2483 463 2550 Marcellus
480 2494 564 2550 retro
581 2484 614 2548 in
627 2483 803 2549 Leontinos
820 2483 915 2562 redit,
934 2483 1109 2549 frumento-
1128 2497 1159 2543 11

95 2594 139 2659 que
161 2590 192 2645 et
214 2579 440 2646 commeatibus
467 2578 536 2644 aliis
562 2579 595 2643 in
622 2588 723 2644 castra
749 2577 921 2656 convectis,
953 2577 1110 2663 praesidio

96 2672 198 2740 modico
214 2672 261 2739 ibi
277 2673 398 2750 relicto,
426 2674 467 2737 ad
486 2671 663 2759 Syracusas
686 2671 876 2738 obsidendas
894 2672 990 2737 venit.
1034 2672 1108 2738 inde
1128 2683 1161 2731 12

96 2760 181 2853 Appio
205 2765 340 2833 Claudio
362 2767 498 2833 Romam
525 2767 566 2831 ad
592 2765 789 2831 consulatum
814 2768 986 2854 petendum
1011 2767 1109 2833 misso

95 2852 124 2922 -Τ,
138 2859 319 2944 Quinctium
337 2858 521 2946 Crispinum
542 2861 576 2925 in
598 2860 665 2926 eius
687 2860 792 2927 locum
814 2861 910 2928 classi
935 2861 1109 2947 castrisque

96 2955 213 3034 praeficit
227 2955 395 3033 veteribus,
409 2956 478 3041 ipse
491 2954 693 3022 hibernacula
705 2955 844 3041 quinque
857 2957 944 3022 milia
956 2979 1109 3042 passuum
1130 2969 1162 3016 13

54 3089 61 3137 f.
96 3040 231 3135 lenpylo
245 3087 272 3096 -
282 3050 409 3116 Leonta
426 3059 539 3115 vocant
556 3050 661 3115 locum
673 3088 701 3098 -
713 3051 897 3116 communiit
919 3049 1110 3115 aedificavit-

54 3138 61 3147 *
97 3156 149 3221 qu.
183 3143 262 3209 haec
279 3143 313 3207 in
332 3141 440 3209 Sicilia
457 3166 558 3228 usque
577 3144 618 3209 ad
634 3143 822 3230 principium
839 3143 952 3209 hiemis
970 3154 1070 3228 gesta

54 3256 56 3321 ζ
142 3235 297 3304 XXXX.
333 3237 457 3303 Eadem
475 3247 593 3304 aestate
611 3248 642 3302 et
660 3260 732 3303 cum
749 3237 898 3323 Philippo
914 3258 1004 3321 rege,
1023 3235 1141 3320 quod1

54 3402 62 3421 ,1
104 3318 227 3399 boante
247 3341 430 3418 suspectum
447 3331 563 3410 fuerat,
582 3341 703 3397 motum
719 3331 838 3397 bellum
856 3340 913 3396 est.
953 3329 1051 3417 legati
1067 3329 1108 3395 ab
1127 3344 1142 3390 2

102 3412 175 3493 (bico
191 3427 233 3492 ad
251 3425 299 3491 M.
318 3425 480 3492 Valerium
497 3436 673 3512 praetorem
691 3434 857 3503 venerunt,
880 3425 1111 3511 praesidentem

100 3510 172 3585 tarsi
190 3521 362 3587 Brundisio
381 3520 609 3606 Calabriaeque
631 3521 714 3587 circa
735 3519 892 3598 litoribus,
919 3519 1109 3598 nuntiantes,

99 3599 258 3701 Plllippum
276 3616 412 3701 primum
428 3613 633 3700 Apolloniam
649 3625 836 3701 temptasse,
854 3613 967 3679 lembis
985 3612 1111 3679 biremi-

54 3747 62 3771 t.
100 3694 145 3769 lus
163 3718 286 3777 centum
307 3709 419 3797 viginti
439 3709 569 3775 flumine
591 3710 725 3777 adverso
753 3708 953 3785 subvectum,
984 3706 1144 3784 deinter

101 3802 128 3857 ut
139 3818 172 3866 ea
185 3825 235 3869 res
252 3804 369 3869 tardior
387 3826 442 3890 spe
460 3804 567 3882 fuerit,
595 3805 636 3869 ad
655 3801 788 3871 Oricum
811 3802 892 3868 clam
913 3810 1005 3867 nocte
1023 3822 1111 3866 exer-

54 3888 63 3977 l
101 3884 178 3961 llum
197 3899 388 3977 admovisse,
417 3921 549 3984 eamque
570 3898 694 3977 urbem,
723 3899 815 3964 sitam
837 3898 871 3962 in
892 3897 986 3984 plano
1009 3918 1111 3982 neque

54 4020 56 4029 ·
104 3990 243 4061 bembus
260 4015 361 4078 neque
380 3994 455 4061 viris
473 4004 567 4079 atque
585 3993 679 4059 armis
698 3993 849 4072 validam,
871 3993 974 4080 primo
991 3993 1112 4081 impetu
