2528 4530
207 261 272 326 470
409 266 528 323 LIBER
546 264 705 335 XXVIIII,
723 263 765 319 26.
778 264 821 318 27.
841 267 880 333 [a.
892 281 920 321 u.
931 264 1033 335 aoso]

207 427 318 494 classis
341 426 435 492 modo
459 421 734 512 prospectantibus
757 432 889 502 eterra,
918 422 977 488 sed
1001 422 1131 509 (tamen)
1149 434 1211 491 terra

207 523 303 588 etiam
324 520 427 587 omnis
449 519 532 584 eirca
552 517 670 583 referta
697 516 789 581 turba
812 516 994 603 spectaculo
1017 517 1210 606 navigantibus

208 628 285 683 erat.

174 733 187 779 1
271 709 424 778 XXVII.
455 707 524 776 Ubi
540 706 663 785 inluxit,
641 703 791 793 tScipio
806 728 824 771 e
837 706 998 793 praeteria
1015 730 1097 773 nave
1114 708 1212 775 silentio
1245 716 1256 813 Ξ

174 826 189 872 2
206 829 264 892 per
278 826 468 892 praeconem
480 803 565 868 facto
584 755 664 866 ‘divi
682 799 856 885 divaeque,’
874 800 1006 885 inquit‘
1010 802 1110 868 maria
1123 796 1256 881 ιοιιιιΞ

207 922 268 982 que
291 899 345 1007 qui
367 896 484 974 colitis,
511 919 569 963 vos
591 916 703 982 precor
726 916 922 979 quaesoque,
949 895 997 961 uti
1019 918 1100 981 quae
1116 896 1147 962 in
1160 908 1256 964 ιιοο-ἐ

206 993 338 1079 imperio
365 1003 458 1079 gesta
484 1003 572 1069 sunt,
599 999 765 1077 geruntur,
793 1012 832 1055 ea
853 989 931 1054 mihi
951 992 1071 1078 populo
1092 991 1214 1079 plebique
1244 974 1256 1107 Ξ

205 1087 385 1196 Romanae,
413 1085 507 1152 sociis
529 1084 711 1194 nominique
734 1084 867 1163 Latino,
896 1084 950 1169 qui
970 1087 1082 1173 populi
1102 1086 1235 1153 Romani
1251 1116 1256 1149 ι

206 1181 323 1291 quique
350 1204 455 1246 meam
481 1190 619 1258 sectam,
654 1178 840 1267 imperium,
876 1179 1114 1267 auspiciumque
1143 1194 1213 1258 terre,
1248 1182 1256 1295 Ξ

173 1297 188 1344 3
206 1299 300 1354 marr,
328 1276 536 1359 amnibusque
555 1286 719 1352 secuntur,
746 1274 828 1339 bene
846 1287 1038 1341 verruncent
1060 1297 1155 1360 eaque
1173 1244 1256 1389 ιοιΞ

208 1371 315 1437 omnia
339 1371 422 1436 bene
448 1369 577 1447 iuvetis,
605 1369 696 1435 bonis
725 1368 869 1434 auctibus
896 1369 1028 1448 auxitis3
1065 1369 1189 1437 salvos
1180 1393 1214 1435 m·

208 1464 411 1550 columesque
429 1465 520 1530 victis
538 1463 753 1551 perduellibus
772 1463 922 1543 victores,
945 1464 1046 1551 spolia
1065 1465 1256 1541 (ἰοοοιοιοο,ἰ

206 1560 326 1646 praeda
346 1571 478 1626 onustos
505 1558 798 1645 triumphantesque
824 1579 950 1624 mecum
972 1558 1085 1625 domos
1107 1561 1213 1625 reduces
1251 1548 1256 1653 Ξ

123 1702 128 1711 .
207 1654 341 1732 sistatis3
376 1653 575 1718 inimicorum
601 1652 802 1736 hostiumque
831 1652 1087 1720 ulciscendorum
1117 1653 1213 1764 cepiau

172 1748 334 1826 afaxitis3
371 1769 514 1832 quaeque
544 1747 681 1834 populus
710 1745 789 1812 Cart
776 1746 1026 1833 thaginiensis
1016 1772 1051 1812 m
1081 1748 1213 1813 civitaten

205 1854 348 1908 nostram
366 1843 471 1906 facere
484 1841 573 1906 molit
561 1853 612 1908 tus
631 1852 694 1920 est,
713 1851 800 1906 eaut
787 1840 890 1906 tmihi
903 1841 1086 1929 populoque
1094 1843 1211 1910 Romano

205 1937 240 2001 in
257 1935 418 2001 civitatem
428 1933 740 2020 Carthaginiensium
759 1936 905 2023 exempla
922 1936 1040 2002 edendi
1056 1937 1212 2005 saeelum

173 2029 310 2104 5detis.'
354 2031 529 2096 secundum
555 2031 613 2096 has
640 2051 750 2117 preces
778 2031 876 2096 cruda
902 2042 976 2096 exta
1002 2032 1158 2111 victimae,
1180 2028 1212 2095 ut'

206 2148 275 2191 mos
294 2135 357 2203 est,
384 2124 418 2188 in
436 2147 522 2190 mare
539 2124 669 2211 porricit
685 2125 824 2210 tubaque
843 2125 970 2211 signum
993 2126 1082 2194 dedit
1097 2124 1210 2215 proficis

173 2219 308 2293 scendi.
354 2232 448 2285 vento
471 2219 610 2285 secundo
634 2219 813 2285 vehementi
837 2219 913 2285 satis
935 2221 1080 2306 provecti
1098 2220 1210 2287 celeriter

205 2337 223 2379 e
246 2323 418 2401 conspectu
441 2324 542 2379 terrae
565 2314 661 2378 ablati
684 2327 771 2393 sunt3
804 2326 836 2380 et
858 2315 1026 2382 ameridie
1048 2318 1159 2383 nebula
1171 2334 1210 2401 οι-
1253 2364 1256 2369 -

205 2409 289 2496 cepit
315 2408 377 2486 ita,
414 2409 467 2473 vix
492 2421 528 2472 ut
554 2430 727 2474 concursus
758 2409 888 2474 navium
913 2410 996 2476 inter
1027 2434 1064 2477 se
1091 2412 1209 2483 vitarent
1249 2416 1252 2456 ἵ

172 2530 185 2575 7
204 2504 304 2569 lenior
322 2514 436 2569 ventus
454 2503 488 2567 in
505 2503 569 2568 alto
587 2503 701 2569 factus.
741 2516 867 2570 noctem
883 2504 1107 2590 insequentem
1127 2504 1209 2572 eaden

205 2598 307 2685 caligo
327 2598 474 2676 obtinuit;
498 2598 565 2663 sole
583 2609 652 2663 orto
671 2608 721 2664 est
739 2599 884 2665 discussa
897 2611 929 2665 et
942 2600 1054 2667 addita
1066 2602 1115 2667 vis
1132 2609 1208 2665 vento

170 2694 267 2763 aiam
290 2704 406 2758 terram
429 2694 609 2758 cernebant.
654 2693 740 2758 haud
762 2694 807 2759 ita
827 2693 927 2760 multo
949 2706 1025 2780 post
1046 2697 1208 2782 gubernator
1242 2696 1244 2701 ’

205 2785 348 2871 Scipioni
374 2787 431 2864 ait,
458 2809 522 2851 non
547 2785 620 2872 plus
649 2787 787 2871 quinque
808 2788 895 2853 milia
916 2811 1074 2876 passuum
1095 2788 1209 2855 African
1242 2808 1256 2854 r

204 2880 331 2956 abesse,
359 2879 500 2944 Mercuri
521 2881 774 2966 promunturium
796 2906 831 2949 se
853 2904 997 2963 cernere3
1026 2884 1055 2951 si
1078 2885 1209 2951 iubertet
1243 2881 1256 2951 't

169 2972 310 3060 adirigi,
335 2973 399 3038 iam
416 2974 450 3037 in
467 2986 561 3061 portu
580 2975 648 3041 fore
666 2999 792 3043 omnem
810 2975 956 3044 classem.
1003 2976 1129 3067 Scipio,
1148 2973 1209 3043 utin
1246 2983 1256 3046 i

202 3079 375 3154 conspectu
392 3079 476 3134 terra
493 3069 568 3147 fuit,
594 3083 741 3156 precatus
759 3072 806 3137 uti
823 3072 907 3138 bono
928 3072 977 3137 rei
998 3075 1145 3160 publicae
1159 3090 1211 3138 suo
1246 3094 1256 3154 Ξ

202 3185 264 3246 que
281 3162 427 3227 Africam
454 3163 581 3242 viderit,
614 3164 689 3229 dare
717 3165 788 3230 vela
814 3176 846 3231 et
872 3166 970 3231 alium
992 3167 1080 3234 infra
1104 3166 1211 3233 maru
1249 3167 1256 3231 i

151 3281 184 3327 10
203 3278 366 3323 aceessum
383 3269 491 3345 petere
509 3258 605 3324 iubet.
634 3270 729 3325 vento
748 3260 861 3325 eodem
877 3260 1081 3342 ferebantur3
1100 3273 1211 3328 aetam
1251 3283 1256 3324 ι

201 3352 318 3417 nebula
340 3353 399 3417 sub
426 3352 512 3418 idem
538 3353 638 3418 ferme
660 3364 786 3440 tempus
814 3377 876 3439 quo
903 3355 1007 3441 pridie
1029 3369 1141 3424 exorta
1158 3376 1213 3423 οοι·
1253 3378 1256 3417 ι

201 3457 345 3530 spectum
363 3458 464 3512 terrae
483 3447 601 3512 ademit
618 3460 651 3513 et
668 3459 781 3514 ventus
794 3460 959 3535 premente
977 3451 1100 3518 nebula
1116 3446 1212 3519 (οοὶὧὶ
1255 3472 1256 3480 ’

150 3562 180 3609 ιι
200 3562 265 3604 ιοι(
288 3540 402 3605 deinde
425 3541 593 3608 incertiora
615 3543 722 3609 omnia
743 3543 829 3627 fecit.
881 3543 991 3628 itaque
1012 3568 1163 3624 ancoras,
1184 3561 1213 3606 nt

201 3645 254 3699 aut
280 3634 362 3699 inter
389 3658 423 3700 se
450 3648 673 3703 concurrerent
697 3660 796 3704 naves
823 3647 878 3704 aut
903 3648 1008 3704 terrae
1037 3639 1212 3711 inferrentur

150 3749 181 3795 ιι
199 3730 311 3795 iecere.
352 3729 407 3794 ubi
424 3730 552 3810 inluxit,
573 3744 647 3798 vent
648 3756 685 3798 us
635 3733 789 3799 tidem
808 3744 949 3811 coortus,
968 3734 1092 3801 nebula
1108 3734 1213 3801 daero

176 3824 323 3932 aperuit
349 3825 455 3891 omnia
481 3827 611 3893 Africae
637 3828 740 3895 litora.
786 3826 908 3915 Scipio,
936 3829 1028 3914 quod
1055 3842 1140 3897 esset
1159 3847 1212 3917 pre

199 3919 319 3982 ximum
345 3923 598 4005 promunturium
622 3935 866 4010 percunctatus,
903 3945 978 3989 cum
1004 3925 1139 3992 Pulchri
1158 3941 1213 4027 μθ·

199 4022 289 4074 munt
290 4012 392 4078 urium
421 4015 455 4079 id
485 4017 592 4083 vocari
628 4019 788 4099 audisset,
826 4018 947 4106 ‘placet
974 4021 1103 4102 omen,'
1134 4011 1212 4101 inquit
