2528 4514
293 259 410 315 amaa
426 257 526 329 xxx,
544 259 587 313 aa.
602 258 645 313 aa
665 263 704 328 [a.
715 259 887 330 capanea]
1046 245 1110 312 509

95 418 208 486 nissam
232 417 284 483 M.
305 416 453 485 Valerius
474 416 568 482 Falto
595 427 627 482 et
651 415 701 482 Μ.
721 417 842 482 Fabius
859 417 965 484 Buteo
992 418 1110 483 aediles

95 515 201 581 urules
221 511 382 598 quaternis
401 512 483 578 aeris
501 512 628 578 vicatim
645 513 764 599 populo
783 512 1019 600 discripserunt.

139 609 268 676 Eodem
293 629 377 672 auno
399 605 539 689 Quintus
560 607 681 672 Fabius
707 607 870 673 Maximus
898 608 1029 675 moritur
1056 627 1144 675 ear-t

95 713 165 770 retae
193 703 323 780 aetatis,
359 701 387 766 si
412 700 541 785 quidem
571 724 681 767 verum
708 713 758 766 est
788 725 941 789 augurem
972 704 1052 770 duos
1079 714 1111 769 et

95 798 246 887 sexaginta
264 818 365 862 annos
382 795 497 874 fuisse,
520 796 753 880 quodquidam
771 809 916 863 auctores
935 811 1018 865 sunt.
1062 799 1111 864 vir
1129 814 1145 862 8

95 902 162 958 erte
188 893 250 957 fuit
272 891 388 978 dignus
411 900 499 955 tanto
522 890 725 977 cognomine,
752 890 805 956 vel
827 891 855 957 si
876 915 995 958 novum
1013 894 1110 961 abeo

95 980 240 1074 inciperet.
285 984 447 1072 superavit
468 996 616 1071 paternos
645 985 797 1063 honores,
824 986 926 1051 avitos
955 989 1110 1071 aequavit.

97 1077 205 1148 tauns
228 1091 262 1146 et
280 1079 454 1146 maioribus
480 1079 608 1166 praebia
633 1102 711 1145 avus
737 1079 872 1168 insignis
894 1080 1025 1160 Rullus3
1053 1083 1111 1147 sed

98 1176 185 1242 cunia
210 1198 349 1260 aequare
378 1198 461 1241 unus
492 1175 593 1242 hostis
619 1176 784 1242 Hannibal
813 1189 928 1263 potest.
991 1178 1145 1244 cautiore

97 1274 185 1337 buren
210 1291 309 1355 quam
338 1269 513 1356 promptior
542 1269 594 1333 hic
620 1270 766 1349 habitus,
802 1283 835 1336 et
865 1271 947 1336 sicut
974 1272 1110 1352 dubites,

95 1371 184 1431 ctum
204 1364 334 1451 ingenio
358 1374 520 1430 cunctator
540 1364 637 1430 filerit
658 1389 699 1430 an
722 1365 796 1448 quia
817 1366 862 1430 ita
882 1365 966 1431 bello
984 1367 1110 1453 proprie

95 1461 163 1537 {uod
181 1470 252 1526 tum
265 1459 434 1546 gerebatur
448 1471 557 1547 aptum
571 1470 653 1538 erat,
672 1460 718 1526 sic
731 1461 809 1524 nihil
824 1461 938 1527 certius
953 1473 1003 1527 est
1016 1483 1111 1546 quam

95 1570 176 1620 mum
201 1553 364 1620 hominem
389 1554 482 1619 nobis
509 1555 686 1620 cunctando
712 1577 781 1619 rem
806 1556 996 1634 restituisse,
1029 1557 1112 1622 sicut

95 1644 202 1714 lunius
232 1648 286 1714 ait.
330 1670 431 1735 augur
456 1648 619 1713 inlocum
646 1649 714 1713 eius
740 1648 947 1736 inauguratus
971 1648 1109 1732 Quintus
1132 1671 1162 1719 ιο

95 1739 197 1809 labius
215 1741 380 1808 Maximus
398 1742 496 1822 filins,
515 1742 549 1806 in
567 1743 709 1806 eiusdem
726 1742 832 1809 locum
848 1743 1111 1831 pontifex-nam

95 1860 140 1904 uo
159 1836 339 1903 sacerdotia
355 1837 508 1902 habuit-
527 1833 597 1901 Ser.
617 1833 777 1923 Sulpicius
797 1835 912 1904 Galba

142 1932 231 1997 Ludi
247 1932 386 1998 Romani
411 1931 496 1997 diem
521 1954 633 2010 unum,
660 1932 766 2019 plebei
792 1944 840 1999 ter
866 1933 924 2001 toti
945 1934 1111 2000 instaurati
1130 1957 1160 2004 11

95 2029 124 2095 rb
146 2029 298 2095 aedilibus
315 2027 365 2094 M.
385 2025 496 2094 Sextio
515 2025 635 2094 Sabino
659 2040 689 2095 et
709 2028 770 2096 Cn
789 2031 960 2098 Tremellio
981 2032 1109 2098 Flacco.

95 2122 213 2190 iambo
230 2134 392 2211 praetores
414 2123 491 2214 facti
508 2133 540 2188 et
558 2145 630 2188 oum
650 2124 690 2188 iis
709 2121 749 2189 (l.
767 2125 882 2189 Livius
902 2124 1061 2193 Salinator
1079 2137 1112 2192 et

95 2216 118 2286 l.
136 2219 291 2284 Aurelius
310 2215 415 2284 Cotta
452 2218 580 2284 comitia
597 2217 664 2282 eius
683 2217 757 2282 anni
775 2227 881 2282 utrum
899 2217 938 2284 O.
955 2216 1108 2284 Servilius
1130 2241 1160 2286 12

95 2313 191 2381 onsul
218 2312 364 2378 babuerit
390 2336 445 2391 an,
473 2313 547 2397 quia
573 2334 645 2377 eum
670 2311 777 2376 resin
798 2311 927 2375 Etruria
953 2311 1111 2376 tenuerint

95 2406 282 2492 quaestiones
301 2430 342 2472 ex
365 2417 493 2472 senatus
512 2406 656 2472 consulto
680 2406 719 2471 de
738 2403 1005 2470 coniurationibus
1023 2404 1110 2491 prin-

95 2501 185 2588 ipum
202 2501 388 2580 habentem,
416 2502 549 2567 dictator
567 2502 663 2567 abeo
682 2500 784 2565 dictus
801 2499 841 2564 P.
861 2496 1035 2585 Sulpicius,
1062 2499 1111 2562 in-

95 2609 201 2663 ertum
218 2607 255 2662 ut
272 2598 313 2663 sit
331 2597 449 2662 diversi
466 2608 610 2663 auctores
629 2596 758 2661 faciunt.

141 2691 296 2760 XXVII.
339 2691 501 2778 Principio
523 2692 718 2774 insequentis
742 2688 816 2755 anni
832 2689 881 2754 M.
902 2685 1055 2754 Servilius
1079 2697 1111 2753 et
1131 2707 1143 2754 1

95 2787 129 2854 li.
149 2785 305 2853 Claudius
334 2797 445 2852 senatu
471 2787 505 2850 in
524 2783 717 2871 Capitulium
743 2795 855 2850 vocato
877 2785 917 2850 de
939 2781 1109 2870 provinciis

95 2881 276 2948 attulerunt.
311 2881 437 2946 Italiam
456 2891 549 2964 atque
567 2880 712 2945 Africam
728 2880 762 2945 in
780 2891 898 2946 sortem
916 2879 1004 2958 coici,
1022 2877 1111 2943 Afri·
1129 2899 1144 2946 e

95 2999 149 3042 arn
166 2976 261 3041 ambo
280 2975 457 3062 cupientes,
476 2976 635 3041 volebant.
675 2987 815 3042 ceterum
832 2974 874 3058 Q.
892 2976 1025 3041 Metello
1043 2997 1111 3038 ma

95 3069 162 3136 ime
181 3069 342 3134 adnitente
360 3092 463 3154 neque
480 3081 597 3158 negata
615 3093 717 3154 neque
735 3071 810 3135 data
827 3081 877 3134 est
890 3070 1016 3133 Africa:
1035 3082 1110 3132 con·
1129 3087 1144 3132 3

94 3165 164 3231 ules
183 3164 264 3230 iussi
283 3186 355 3228 cum
373 3165 506 3229 tribunis
524 3165 626 3252 plebis
646 3187 754 3250 agere,
776 3174 824 3241 ut,
849 3163 877 3228 si
893 3164 922 3226 is
940 3162 1108 3237 videretur,

95 3258 233 3346 ›opulum
249 3269 408 3345 rogarent,
428 3280 521 3342 quem
539 3259 657 3323 vellent
673 3259 707 3321 in
724 3257 837 3322 Africa
853 3256 971 3322 bellum
988 3277 1108 3342 gerere.

95 3376 191 3418 mnes
209 3353 309 3418 tribus
327 3353 367 3418 P.
387 3350 569 3439 Scipionem
587 3352 756 3420 iusserunt.
796 3350 895 3416 nihilc
913 3350 1016 3416 minus
1036 3371 1110 3414 con·
1128 3367 1144 3415 4

95 3446 164 3512 ules
183 3446 380 3534 provinciam
393 3447 627 3512 Africam-ita
644 3447 728 3512 enim
746 3457 874 3511 senatus
893 3447 1111 3511 decreverat-

95 3567 110 3608 u
137 3554 257 3610 sortem
283 3542 494 3608 coniecerunt.
538 3543 589 3607 Ti.
619 3540 753 3609 Claudio
779 3541 892 3607 Africa
919 3542 1039 3618 evenit,
1075 3552 1144 3605 uta

95 3638 309 3724 auinquaginta
329 3638 458 3703 navium
480 3637 630 3715 classem,
658 3660 767 3703 omnes
790 3635 1046 3721 quinqueremes,
1076 3635 1110 3699 in

95 3733 225 3799 lfricam
242 3731 388 3798 traiceret
408 3732 540 3818 parique
561 3731 693 3819 imperio
716 3753 789 3797 cum
807 3730 957 3818 Scipione
974 3731 1110 3815 impera-

95 3851 124 3896 >r
142 3837 246 3905 esset3
264 3826 313 3893 M.
330 3825 484 3893 Servilius
501 3827 664 3892 Etruriam
682 3827 821 3893 sortitus.
856 3826 890 3891 in
908 3826 1019 3891 eadem
1035 3844 1109 3909 pro·
1128 3841 1142 3889 6

95 3923 181 3989 incia
198 3932 232 3987 et
250 3919 289 3986 Ο.
310 3919 445 3988 Servilio
462 3933 668 4009 prorogatum
688 3921 869 4008 imperium,
897 3919 925 3984 si
946 3916 1109 3982 consulem

95 3988 204 4084 tanerb
224 4015 267 4080 ad
283 4017 393 4082 urbem
412 4027 525 4082 senatu
536 4016 717 4103 placuisset.
744 4026 905 4101 praetores
918 4013 967 4080 M.
979 4009 1107 4078 Sextius
1128 4032 1143 4079 7
