2528 4514
143 223 207 294 238
370 235 489 293 LIBER
504 235 604 307 XXV,
623 235 744 291 19-21.
763 237 841 305 [au.
851 234 949 307 coru]

91 419 127 470 16
145 399 245 465 donec
262 396 328 461 dux
347 394 498 472 stetisset,
526 393 672 459 Romana
688 393 765 458 acie.
809 402 978 480 postquam
992 393 1017 459 ia
1031 417 1073 461 non

142 502 248 558 vetere
270 490 357 556 fama
380 489 497 567 solum,
525 488 582 553 sed
605 488 700 553 etiam
722 495 809 552 metu
830 486 932 553 futuri
947 485 1095 569 dudem

34 622 37 626 ·
144 609 203 653 sua
227 584 401 651 temeritate
427 590 605 649 conbeatae
632 581 714 648 cladi
741 593 935 668 superesset,
961 580 1068 650 obiee

143 679 282 746 hostium
308 678 378 744 telis
405 678 530 756 cecidit,
557 677 631 743 fusa
657 677 815 764 extemplo
842 687 891 744 est
913 677 1046 744 Romana
1066 681 1092 731 ὼ

93 797 125 844 17
145 775 202 841 sed
223 774 302 840 adeo
323 796 363 839 ne
385 772 481 860 fugae
504 772 632 857 quidem
652 771 712 836 iter
737 771 853 858 patuit,
890 770 1088 839 omnibusve:

144 868 249 953 equite
270 868 415 946 insessis,
442 877 478 932 ut
499 888 540 931 ex
562 875 649 932 tanta
670 866 870 933 multitudine
892 866 948 932 vix
969 866 1076 933 mille

143 964 219 1042 rint,
239 962 333 1028 ceteri
350 962 470 1048 passim
488 961 541 1026 alii
559 961 621 1027 alia
637 970 726 1047 peste
744 959 905 1048 absumpti
923 962 993 1028 sint

111 1078 125 1126 1
209 1056 293 1123 XX.
339 1055 451 1144 Capua
469 1080 489 1121 a
506 1054 688 1121 consulibus
710 1055 825 1120 iterum
848 1057 1071 1122 summario

145 1161 257 1239 coepta
274 1161 336 1230 est,
355 1171 498 1236 quaeque
515 1150 549 1214 in
566 1173 636 1216 eam
654 1171 722 1214 rem
739 1170 820 1236 opus
834 1160 926 1215 erant
943 1172 1042 1237 compo
1056 1179 1071 1203 ν

109 1265 125 1312 2
144 1256 195 1310 tur
211 1245 472 1332 parabanturque.
514 1243 690 1310 Casilinum
708 1242 903 1309 frumentum
922 1267 1011 1311 conv
1044 1271 1066 1299 u

143 1339 292 1406 Volturni
309 1339 439 1418 ostium,
466 1339 522 1405 ubi
538 1359 623 1404 nunc
643 1337 720 1403 urbs
738 1348 801 1418 est,
824 1338 990 1405 castellum
1005 1361 1068 1406 coo

144 1445 225 1513 tum,
242 1433 289 1522 [in
303 1457 340 1501 eo
354 1443 386 1500 et
394 1431 553 1521 Puteolis]
567 1471 594 1480 -
607 1443 680 1498 ante
689 1431 809 1500 Fabius
820 1431 983 1500 Maximus
995 1430 1064 1498 mu'¹

144 1528 335 1617 praesidium
361 1529 558 1615 impositum,
589 1537 625 1592 ut
835 1528 844 1544 '
1078 1541 1079 1544 ’

108 1645 124 1692 e
143 1634 300 1711 potestate
318 1635 433 1689 essent.
470 1624 503 1688 in
521 1646 558 1688 ea
576 1623 639 1687 duo
656 1621 813 1687 maritima
831 1623 961 1688 east-ella
1073 1625 1076 1636 ”

144 1719 230 1804 quod
249 1741 288 1784 ex
307 1715 454 1785 Sardinia
470 1740 572 1804 nuper
592 1716 725 1782 missum
748 1727 814 1782 erat
837 1718 983 1802 quodque
998 1714 1035 1782 lt
1054 1737 1065 1782 ¹.

144 1823 270 1898 praetor
287 1834 326 1878 ex
344 1811 473 1877 Etruria
491 1821 660 1890 coemerat,
679 1809 720 1877 ab
740 1807 835 1878 Ostia
852 1821 1028 1878 convectum
1062 1887 1065 1890 ,

108 1925 126 1971 4
146 1906 295 1972 exercitui
320 1927 377 1991 per
401 1904 538 1971 hiemem
565 1905 656 1992 copia
681 1915 774 1971 esset.
824 1915 964 1971 ceterum
988 1916 1055 1990 sup!

145 1999 281 2078 cladem,
308 2020 390 2084 quae
412 1999 446 2064 in
462 1999 604 2064 Lucanis
628 2009 757 2085 accepta
779 2009 859 2077 erat,
887 2000 1043 2066 volonum

146 2093 314 2172 exercitus,
332 2094 387 2178 qui
404 2094 476 2160 vivo
492 2090 637 2160 Graccho
656 2116 779 2159 summa
796 2092 859 2158 fide
877 2093 1023 2180 stipendia

145 2187 231 2254 velut
249 2196 468 2255 exauctoratus
487 2197 587 2254 morte
605 2187 694 2252 ducis
712 2186 753 2253 ab
772 2187 871 2274 signis
890 2186 1028 2255 discessit

108 2304 124 2351 5
208 2280 372 2348 Hannibal
397 2305 461 2347 non
488 2282 633 2369 Capuam
663 2281 840 2370 neglectam
871 2304 990 2367 neque,
1017 2282 1063 2341 ul¹

144 2377 337 2456 discrimine,
365 2378 506 2442 desertos
529 2375 655 2442 volebat
677 2376 793 2454 socios,
822 2377 879 2441 sed
901 2378 1071 2464 prosperat!

144 2472 286 2539 meritate
312 2471 406 2538 unius
424 2470 561 2537 Romani
587 2469 676 2536 ducis
703 2491 854 2536 successu
880 2470 916 2535 in
937 2467 1063 2536 alterius

108 2587 124 2635 o
145 2566 363 2652 exercitusque
380 2564 576 2652 opprimendi
594 2564 792 2630 occasionem
808 2564 998 2632 imminebat
1020 2554 1060 2624 (lu

145 2662 232 2728 vium
249 2671 425 2749 praetorem
434 2659 535 2748 Apuli
551 2659 648 2747 legati
664 2659 851 2726 nuntiabant
863 2662 976 2747 primo,
993 2660 1049 2726 dum

144 2756 299 2838 quasdam
324 2756 518 2843 Apulorum,
546 2777 627 2840 quae
653 2754 694 2821 ad
720 2753 936 2821 Hannibalem
962 2743 1054 2821 desti

144 2859 354 2936 oppugnaret,
380 2850 529 2916 intentius
547 2872 615 2915 rem
633 2850 751 2936 egisse,
778 2859 889 2936 postea
912 2850 1005 2916 nimio
1022 2867 1088 2934 suff

145 2953 176 3008 et
196 2943 303 3029 ipsum
324 2952 355 3008 et
377 2945 490 3010 milites
513 2944 632 3031 praeda
652 2944 798 3030 impletos
820 2946 854 3009 in
876 2955 995 3011 tantam
1016 2939 1076 3007 lu*

146 3039 382 3123 socordiamque
405 3039 538 3119 effusos,
570 3038 714 3104 utnulla
736 3039 903 3125 disciplina
929 3036 1042 3105 militia
1093 3075 1094 3080 κ

109 3148 124 3193 7
145 3157 218 3200 cum
236 3156 331 3221 saepe
349 3134 426 3200 alias
445 3144 512 3200 tum
530 3134 640 3222 paucis
658 3133 771 3200 diebus
790 3144 862 3200 ante
886 3143 1038 3222 expertus,

145 3228 204 3295 sub
222 3229 321 3295 inscio
340 3228 420 3294 duce
439 3230 593 3295 exereitus
612 3239 710 3308 esset,
728 3229 762 3293 in
778 3228 932 3314 Apuliam
951 3237 1042 3295 castrt
1055 3255 1063 3270 θ

109 3338 124 3383 1
210 3323 310 3388 XXI.
348 3322 442 3390 Circa
450 3323 655 3390 Herdoneam
664 3322 829 3390 Romanae
846 3323 988 3411 legiones
1005 3330 1030 3388 et
1047 3344 1056 3369 θ’
1081 3370 1084 3377 .

143 3418 276 3485 Fulvius
293 3429 369 3486 erat.
397 3442 460 3505 quo
478 3418 533 3485 ubi
551 3420 680 3485 allatum
698 3429 747 3485 est
764 3418 864 3485 hostis
883 3421 1047 3492 adventus
1064 3436 1078 3460 ¹*

144 3513 342 3592 estfactum,
361 3524 397 3580 ut
413 3514 536 3579 iniussu
557 3514 708 3600 praetoris
728 3513 828 3601 signis
847 3514 1004 3581 convulsis

144 3608 273 3675 exirent.
301 3631 426 3674 nec-res
445 3608 547 3695 magis
564 3608 630 3672 ulla
647 3608 747 3673 tenuit
764 3629 860 3694 quam
879 3631 952 3696 spes
970 3602 1043 3674 haud
1059 3619 1075 3651 ¹¹¹
1086 3627 1097 3673 ’.

109 3723 202 3770 nsuo
232 3703 265 3768 id
295 3703 423 3770 arbitrio
453 3701 508 3767 ubi
541 3702 656 3767 vellent
691 3711 826 3769 acturos.
879 3713 972 3770 nocte
1000 3692 1097 3776 butt*

143 3797 319 3877 Hannibal,
347 3821 419 3863 oum
437 3798 659 3863 tumultuatum
681 3798 714 3861 in
733 3798 845 3864 castris
864 3807 896 3864 et
913 3776 1097 3885 plerosquelt

144 3893 232 3972 citer,
261 3893 387 3979 signum
409 3902 444 3957 ut
466 3894 567 3971 daret,
594 3891 746 3958 institisse
769 3892 842 3958 duci
864 3893 906 3959 ad
928 3915 1011 3959 arma
1028 3874 1097 3952 Μ

144 3985 251 4067 sciret,
282 3986 359 4054 haut
385 3987 500 4056 dubius
525 4009 695 4075 prosperae
721 4010 848 4076 pugnae
874 3968 1097 4056 occasionenl¹
