2528 4514
143 215 187 282 34
415 221 533 278 LIBER
550 221 637 292 XXI,
655 221 698 276 41.
718 216 904 291 [aucbtd]

144 400 226 455 terra
238 407 302 449 non
315 392 457 469 poteram
470 402 573 464 neque
591 376 775 466 [progresso
787 373 936 464 ulterius]
954 397 1114 466 regressu

52 526 54 531 ,
143 480 234 546 navis
257 487 337 556 erat,
364 485 483 562 quanta
504 475 641 540 maxime
667 474 756 560 potui
781 472 941 540 celeritate
968 482 1061 538 tanto
1087 495 1114 538 m

144 584 359 658 terrarumque
381 570 513 636 circuitu
534 571 568 634 in
589 568 748 634 radicibus
769 589 868 654 prope
889 565 1027 655 Alpium
1049 567 1114 633 hui<

110 690 126 737 a
144 665 258 733 mendo
275 664 360 732 hosti
373 664 485 730 obvius
499 663 555 729 fui.
590 672 711 741 utrum,
730 684 803 728 cum
816 661 1009 728 declinarem
1024 672 1114 728 certa

143 759 323 848 inprovisus
344 759 494 825 incidisse
512 758 630 836 videor,
649 781 690 824 an
707 777 870 823 occurrere
887 755 922 822 in
938 756 1086 843 vestigiis
1103 779 1114 822 s

110 853 299 927 elucescere
329 874 367 920 ae
397 851 520 918 trahere
551 852 592 916 ad
623 849 874 917 decernendum?
917 850 1056 936 experiri
1085 850 1114 915 iu

143 960 248 1014 utrum
279 947 358 1015 alios
383 957 512 1036 repente
539 945 819 1034 Carthaginienses
850 967 907 1031 per
936 945 1054 1033 viginti
1082 968 1114 1010 ar

144 1053 226 1108 terra
244 1043 388 1121 ediderit,
412 1065 454 1107 an
470 1041 554 1106 idem
574 1041 649 1118 sint,
673 1042 729 1124 qui
746 1040 786 1105 ad
804 1037 939 1126 Aegatis
957 1061 1114 1126 pugnaret

144 1136 264 1202 insulas
283 1145 315 1202 et
332 1158 412 1221 quos
430 1135 471 1202 ab
484 1135 590 1220 Eryce
607 1133 833 1201 duodevicenis
847 1133 984 1199 denariis
997 1135 1114 1200 aestim

112 1225 309 1309 remisistis,
338 1240 370 1295 et
394 1239 500 1295 utrum
527 1227 691 1294 Hannibal
716 1227 769 1292 hic
796 1229 837 1293 ait
850 1227 1008 1294 aemulus
1036 1229 1114 1294 itiue

143 1324 308 1403 Herculis,
336 1333 371 1388 ut
391 1318 469 1409 ipse¹
484 1323 558 1409 fert,
586 1346 627 1388 an
648 1321 812 1408 vectigalis
840 1322 1114 1408 stipendiariusqut

110 1441 126 1488 8
145 1440 255 1486 servus
273 1417 384 1506 populi
396 1417 534 1484 Romani
551 1440 571 1483 a
587 1427 677 1504 patre
694 1415 838 1482 relictus:
860 1438 956 1500 quem
973 1416 1039 1482 nisi
1057 1415 1114 1504 Sag

144 1513 244 1579 tinum
262 1511 366 1578 scelus
384 1511 531 1598 agitaret,
553 1511 724 1598 respiceret
740 1510 896 1596 profecto,
920 1511 948 1577 si
965 1533 1033 1576 non
1050 1522 1114 1597 patr

144 1607 273 1685 victam,
301 1606 431 1673 domum
457 1616 541 1671 certe
566 1615 750 1692 patremque
777 1614 809 1670 et
833 1604 963 1671 foedera
988 1603 1114 1671 Hamilc

110 1700 261 1787 ascripta
282 1723 393 1778 manu,
420 1700 476 1785 qui
500 1700 607 1766 iussus
634 1698 674 1764 ab
702 1699 830 1765 consule
856 1710 963 1766 nostro
988 1699 1114 1786 praesid

144 1794 275 1861 deduxit
296 1794 337 1860 ab
359 1794 480 1881 Eryce,
508 1794 564 1879 qui
585 1814 699 1882 graves
721 1793 875 1881 inpositas
897 1793 990 1860 victis
1016 1792 1114 1860 Cartb

144 1887 307 1954 niensibus
324 1888 412 1976 leges
430 1887 568 1954 fremens
583 1910 789 1972 maerensque
802 1888 936 1976 accepit,
956 1889 1013 1973 qui
1026 1887 1114 1955 deced

146 1979 256 2048 Sicilia
274 1982 466 2071 stipendium
482 1983 600 2071 populo
617 1983 763 2049 Romano
781 1982 856 2048 dare
872 1992 986 2068 pactus
1006 1993 1064 2049 est

94 2097 126 2146 10
209 2075 322 2162 Itaque
338 2099 397 2144 vos
415 2099 490 2164 ego,
513 2077 642 2156 milites,
660 2099 725 2144 non
743 2099 782 2144 eo
799 2076 903 2144 solum
920 2077 1029 2143 animo
1047 2098 1107 2162 quc

143 2196 254 2240 versus
281 2173 359 2240 alios
385 2172 493 2240 hoster
522 2174 629 2241 soletis
656 2195 798 2262 pugnare
819 2173 929 2251 velim,
958 2173 1018 2238 sed
1040 2195 1110 2238 cum

145 2268 326 2356 dignatione
356 2268 494 2353 quadam
527 2277 621 2353 atque
650 2268 711 2346 ira,
743 2267 830 2334 velut
856 2267 885 2333 si
910 2289 1022 2333 servos
1048 2267 1114 2333 vide

93 2385 123 2432 11
144 2372 265 2430 vestros
289 2386 377 2430 arma
397 2372 526 2451 repente
549 2372 658 2429 conba
674 2385 732 2429 vos
750 2362 898 2428 ferentes.
932 2361 1024 2428 licuit
1041 2360 1114 2428 adl

143 2479 212 2524 cem
225 2457 351 2525 clausos
364 2457 475 2523 ultimo
492 2456 646 2542 supplicio
664 2455 873 2523 humanorum
890 2455 976 2522 fame
994 2455 1114 2523 interfic

141 2552 230 2619 licuit
256 2552 415 2618 victricem
442 2550 577 2617 classem
602 2550 636 2614 in
658 2548 803 2618 Africam
824 2551 956 2616 traicere
978 2559 1075 2636 atque
1098 2551 1114 2614 i

142 2666 261 2731 paucos
284 2645 351 2710 dies
375 2646 443 2710 siue
465 2643 531 2708 ullo
553 2645 723 2711 certamine
746 2643 973 2731 Carthaginem
995 2645 1100 2710 delere

93 2760 124 2808 12
143 2739 269 2805 veniam
286 2737 430 2804 dedimus
448 2736 665 2822 precantibus,
688 2739 851 2805 emisimus
870 2760 910 2803 ex
927 2737 1105 2815 obsidione,

144 2854 213 2898 cem
236 2854 309 2896 cum
327 2830 418 2896 victis
436 2830 585 2910 fecimus,
608 2832 725 2898 tutelae
742 2832 856 2898 deinde
873 2840 1001 2898 nostrae
1020 2832 1114 2897 duxiu

94 2950 125 2996 re
145 2949 218 2992 cum
234 2923 347 2991 Africo
365 2924 448 2991 bello
466 2935 660 3013 urgerentur.
696 2949 754 3013 pro
775 2926 825 2992 his
847 2925 1003 3013 inpertitis
1026 2927 1114 2992 furios

142 3021 288 3086 iuvenem
306 3028 475 3102 sequentes
493 3031 712 3108 oppugnatum
733 3021 868 3106 patriam
885 3030 1027 3086 nostram
1041 3020 1114 3086 venit

142 3124 237 3200 atque
261 3113 384 3179 utinam
408 3137 466 3201 pro
493 3115 606 3181 decore
636 3125 758 3181 tantum
783 3114 845 3181 hoc
869 3113 962 3180 vobis
984 3124 1017 3179 et
1038 3115 1100 3180 noll

92 3231 124 3278 14
142 3210 242 3276 salute
271 3219 355 3281 asset
381 3208 557 3276 certamen!
601 3209 731 3275 nonde
757 3208 959 3296 possessione
987 3206 1112 3275 Siciliae

144 3301 322 3382 Sardiniae,
350 3303 390 3369 de
413 3304 528 3389 quibus
552 3305 710 3389 quondam
732 3303 899 3392 agebatur,
927 3304 984 3368 sed
1007 3325 1065 3390 pro
1085 3300 1114 3366 It

93 3421 123 3467 15
142 3396 232 3463 vobis
256 3407 304 3462 est
324 3398 541 3484 pugnandum.
576 3421 636 3463 nec
658 3407 707 3467 est
728 3397 809 3463 alius
832 3397 873 3462 ab
897 3407 987 3484 tergo
1012 3395 1114 3462 exerci

142 3490 197 3578 qui
209 3491 276 3565 ,nisi
293 3513 351 3558 nos
369 3491 524 3558 vincimus
542 3491 627 3559 hosti
644 3492 792 3572 obsistat,
810 3513 870 3558 nec
882 3489 985 3578 Alpes
999 3492 1114 3558 aliaest

142 3609 220 3674 quas
239 3588 316 3653 dum
334 3597 483 3674 superant
501 3589 664 3674 conparari
680 3611 763 3654 nova
779 3587 904 3676 possint
919 3588 1087 3673 praesidia.

142 3692 191 3749 est
216 3682 421 3763 obstandum,
453 3683 584 3763 milites,
616 3683 702 3750 velut
729 3683 757 3748 si
782 3693 855 3748 ante
881 3680 1029 3749 Romana
1054 3703 1114 3748 mot

93 3798 123 3845 16
142 3797 330 3864 pugnemus.
368 3798 450 3843 unus
472 3778 607 3863 quisque
629 3800 664 3844 se
681 3800 744 3844 non
762 3799 876 3864 corpus
895 3799 1004 3855 suum,
1028 3777 1114 3843 sed<

142 3870 248 3957 iugem
270 3892 309 3938 ac
329 3870 444 3937 liberos
466 3893 581 3956 parvos
604 3872 699 3939 armis
722 3881 887 3959 protegere
909 3879 1014 3959 putet,
1042 3893 1103 3938 nec

142 3965 289 4031 meoticas
316 3964 420 4032 solum
445 3963 543 4053 agitet
569 3987 676 4047 curas,
703 3967 761 4035 sed
785 3965 958 4035 identidem
983 3965 1048 4034 hcc
1074 3989 1114 4034 an
