2528 4514
346 250 464 307 ιιιιι
482 251 622 320 xxvm,
643 251 668 304 c.
684 252 707 306 7.
728 255 765 320 [a.
778 251 880 322 eaor]
1066 243 1131 310 389

99 410 250 487 telorum,
269 419 302 475 et
319 408 482 475 tormentis
501 408 718 495 machinisque
737 409 777 473 ad
795 411 1041 498 oppugnandam
1059 437 1131 480 eam

98 529 139 571 ex
155 504 294 569 navibus
313 503 475 590 expositis.
520 525 592 568 cum
611 504 750 568 omnium
769 504 889 570 animos
909 506 1079 591 oculosque
1096 509 1130 573 id
1148 529 1164 577 4

98 610 262 666 certamen
279 599 459 677 avertisset,
477 609 570 684 porta
586 598 772 664 maritumae
791 599 871 665 arcis
888 599 999 667 Plator
1011 601 1131 668 Roma-

98 718 158 761 nos
187 694 324 780 accepit,
355 703 579 777 momentoque
606 717 663 758 arx
689 705 842 780 occupata
869 704 927 760 est.
981 696 1131 783 oppidani

98 790 184 875 pulsi
205 788 280 853 inde
302 787 336 851 in
358 787 495 852 mediam
516 788 628 852 urbem
651 789 692 852 ad
714 788 845 854 alteram
867 790 996 855 tendere
1014 813 1129 856 arcem.

100 895 132 949 et
148 883 193 949 ibi
210 882 307 969 positi
325 892 414 947 erant
432 880 486 965 qui
503 883 588 947 fores
605 893 716 969 portae
734 883 904 949 obicerent.
948 884 994 950 ita
1011 885 1130 950 exclusi
1149 905 1165 954 o

101 977 134 1043 in
157 976 263 1043 medio
292 977 465 1041 caeduntur
491 977 728 1062 capiunturque.
772 977 988 1045 Macedonum
1009 980 1166 1066 praesit

104 1072 187 1136 dium
205 1071 430 1158 conglobatum
449 1071 508 1136 sub
527 1071 607 1136 arcis
625 1094 715 1138 muro
734 1072 835 1152 stetit3
857 1094 917 1138 nec
934 1073 1012 1159 fuga
1024 1074 1130 1139 effuse

106 1167 199 1252 petita
216 1187 275 1231 nec
292 1164 494 1251 pertinaciter
510 1166 691 1275 proelium
681 1166 793 1231 mitum
796 1191 895 1234 ,οοι
908 1167 983 1232 ΡΙιι
970 1179 1020 1232 tor
1036 1168 1130 1233 venia
1149 1191 1163 1236 ι

110 1261 144 1326 ab
162 1259 303 1346 Sulpicio
325 1261 494 1346 impetrata
514 1261 547 1325 in
569 1284 668 1326 naves
686 1261 852 1348 impositos
871 1262 912 1326 ad
929 1262 1129 1327 Demetrium

110 1352 166 1420 Pht
165 1356 293 1421 hiotidis
313 1355 472 1441 exposuit,
491 1355 560 1441 ipse
579 1357 620 1421 ad
637 1357 684 1421 At
685 1357 783 1421 talum
802 1379 836 1421 se
854 1357 982 1443 recepit.

166 1450 326 1538 Sulpicius
349 1461 413 1515 tam
436 1450 522 1515 facili
540 1451 580 1516 ad
600 1451 723 1518 Oreum
741 1473 893 1517 successu
911 1452 1012 1517 elatus
1031 1449 1129 1518 Chal-
1147 1472 1163 1521 8

113 1542 202 1610 cidem
214 1545 289 1610 inde
302 1545 446 1631 protinus
456 1545 576 1610 victrici
591 1546 693 1611 classe
706 1547 799 1632 petit3
791 1546 872 1611 ·ubi
886 1546 1130 1630 haudquaquam

113 1640 143 1704 ad
160 1663 250 1728 spem
268 1651 399 1705 eventus
417 1640 591 1726 respondit
628 1663 668 1704 ex
680 1651 790 1727 patent
790 1665 801 1703 ι
792 1640 971 1724 utrimque
985 1650 1128 1705 coactum
1148 1660 1162 1708 9

111 1728 135 1800 ln
151 1735 318 1823 angustias
342 1759 429 1801 mare
452 1735 591 1822 speciem
613 1735 747 1801 intuenti
763 1735 866 1823 primo
884 1735 1002 1822 gemini
1018 1746 1129 1822 portus

107 1823 133 1894 in
154 1853 209 1896 ora
232 1831 295 1895 duo
317 1830 402 1895 versi
423 1831 589 1918 praebere,
615 1830 672 1895 sed
689 1829 775 1895 haud
792 1830 885 1896 facile
903 1829 965 1894 alia
986 1829 1131 1896 infestior
1199 1848 1202 1855 ·

106 1920 194 1990 cnosi
217 1924 311 1990 statio
331 1935 389 1989 est.
433 1936 557 1989 namet
575 1923 661 1989 venti
680 1925 720 1989 ab
737 1924 932 2010 utriusquet
934 1947 1021 1990 errae
1038 1947 1130 2012 prae·
1149 1943 1181 1992 ιι

105 2016 171 2085 altis
201 2020 363 2084 montibus
395 2018 491 2084 subiti
524 2041 561 2083 ac
590 2020 760 2105 procellosi
791 2020 929 2085 deiciunt
955 2030 987 2086 et
1013 2020 1129 2089 fretum

98 2105 203 2199 ipsum
219 2113 335 2200 Euripi
351 2137 416 2179 non
434 2124 505 2200 sept
505 2113 573 2179 iens
592 2114 657 2192 die,
681 2114 762 2178 sicut
749 2114 866 2179 tfama
883 2114 958 2192 fert,
981 2114 1130 2224 tempori-

95 2198 210 2275 husst
197 2209 272 2274 tatis
294 2209 482 2294 reciprocat,
511 2208 568 2273 sed
590 2218 709 2273 temere
731 2209 765 2272 in
786 2208 916 2273 modum
938 2208 1025 2273 venti
1046 2229 1130 2271 nunc

95 2291 171 2384 huc,
191 2325 277 2368 nunc
294 2303 368 2367 illuc
386 2327 478 2369 verso
496 2327 614 2367 marr
566 2302 681 2367 uelut
697 2312 785 2367 mon
786 2324 803 2367 e
821 2301 986 2408 praecipiti
1000 2300 1131 2365 devolu-

95 2401 145 2466 tus
171 2409 298 2464 torrens
317 2398 447 2483 rapitur.
491 2397 536 2462 ita
553 2418 613 2462 nec
629 2407 722 2462 nocte
739 2418 800 2461 nec
817 2396 868 2461 die
886 2396 975 2479 quies
993 2393 1128 2460 navibus
1149 2414 1179 2462 11

95 2487 199 2560 latur.
246 2515 317 2556 cum
344 2492 479 2558 classem
501 2502 570 2556 tam-
589 2491 707 2556 infesta
729 2490 822 2556 statio
845 2490 1076 2576 accepittum,
1008 2498 1131 2553 tumet

95 2588 251 2677 oppidum
269 2587 330 2651 alia
347 2596 437 2673 parte
460 2586 603 2651 clausum
624 2585 718 2663 mari,
746 2585 809 2650 alia
831 2585 871 2650 ab
893 2595 978 2648 terra
999 2582 1128 2669 egregie
1180 2580 1188 2588 ”

95 2682 254 2750 nunitum
275 2682 495 2768 praesidioque
517 2681 622 2745 valido
645 2680 803 2745 firmatum
826 2690 858 2745 et
879 2678 1048 2767 praecipue
1065 2677 1129 2742 fide

95 2778 330 2862 praefectorum
355 2775 610 2862 principumque,
644 2796 725 2858 quae
750 2774 837 2839 fluxa
867 2784 900 2838 οι
929 2796 1013 2839 vana
1045 2773 1130 2860 apud

95 2871 222 2942 Dreum
240 2870 357 2947 fuerat,
382 2870 493 2934 stabile
512 2880 606 2953 atque
624 2868 869 2955 inexpugnabile
887 2867 958 2934 fuit
1001 2867 1035 2931 id
1055 2890 1130 2955 pru-
1151 2885 1181 2934 ιι

95 2965 218 3043 lenter,
246 2975 282 3028 ut
302 2963 335 3028 in
359 2975 476 3029 temere
501 2973 719 3051 susceptare,
741 2964 906 3028 Romanus
929 2962 1018 3040 fecit,
1045 2963 1131 3045 quod

95 3057 335 3144 circumspectis
360 3057 614 3136 difficultatibus,
640 3080 681 3123 ne
708 3058 826 3122 frustra
853 3067 977 3142 tempus
1005 3065 1129 3132 tereret,

95 3153 243 3222 celeriter
266 3151 413 3217 abstitit
403 3162 530 3239 moepto
549 3151 747 3236 classemque
765 3151 839 3215 inde
858 3150 899 3214 ad
916 3147 1045 3234 Cynum
1062 3147 1131 3213 Lo-

95 3248 235 3316 mdis-
206 3246 422 3332 -cmporium
434 3247 468 3310 id
481 3257 530 3311 est
543 3246 630 3311 urbis
645 3244 860 3358 Opuntiorum
873 3243 958 3307 mille
976 3263 1130 3328 passuum

95 3342 215 3412 amari
235 3342 358 3406 sitae—
375 3342 505 3407 traiecit.

156 3436 241 3506 VII.
285 3436 470 3522 Philippum
492 3447 525 3502 et
545 3436 636 3523 ignes
661 3436 701 3499 ab
721 3433 809 3499 Oreo
833 3431 909 3496 editi
930 3440 1127 3506 monuerant,
1148 3451 1161 3496 1

95 3533 151 3601 sed
173 3530 276 3597 serius
288 3530 426 3596 Platoris
445 3530 557 3596 fraude
576 3553 616 3596 ex
635 3528 764 3616 specula
781 3526 870 3606 elati3
893 3536 925 3591 et
942 3524 1044 3612 inpari
1062 3547 1129 3588 ma—

95 3626 221 3695 ritumis
244 3625 364 3695 viribus
386 3625 473 3690 haud
494 3625 597 3690 facilis
620 3623 737 3690 eratin
753 3622 891 3687 insulam
909 3620 1004 3685 classi
1022 3639 1130 3683 acces-

95 3746 161 3790 ιιι.
217 3719 263 3784 ita
296 3742 354 3806 per
384 3719 616 3785 cunctationem
648 3715 711 3804 [re]
744 3716 863 3782 omissa
893 3715 934 3779 ad
966 3711 1162 3779 Chalcidica

95 3815 266 3892 auxilium,
293 3814 396 3879 ubi
370 3838 497 3901 mgnum
519 3814 654 3901 accepit,
680 3810 815 3898 impigre
839 3822 888 3876 est
875 3819 1028 3885 tm30tus
1055 3830 1130 3871 nam

95 3909 228 3998 etipsa
254 3906 385 3974 Chalcis
417 3930 607 3993 quamquam
639 3907 781 3972 eiusdem
810 3905 931 3970 insulae
962 3903 1038 3967 urbs
1070 3913 1128 3980 est,

95 4027 205 4073 :amen
228 4003 308 4068 adeo
332 4014 399 4068 arto
421 4003 618 4069 interscindit
605 4014 655 4068 tur
672 4002 768 4079 fret,o
790 4011 826 4065 ut
842 4010 939 4088 ponte
958 3997 1130 4065 continenti
