2528 4530
280 230 401 287 ranna
416 231 534 304 xxm,
552 234 651 290 sam.
670 234 824 309 [acam]
1008 233 1071 299 163

50 402 123 469 tum;
147 389 201 474 qui
218 401 420 476 superessent
436 391 544 477 pauci,
563 391 591 457 si
608 392 773 480 multiplici
790 409 996 482 gravarentur
1018 404 1074 469 sti·

50 484 165 571 pendio,
188 482 251 548 alia
266 484 422 569 perituros
440 496 540 572 peste.
583 486 689 572 itaque
706 488 769 554 nisi
786 489 848 556 fide
868 502 976 572 staret,
1005 519 1073 562 rem
1091 519 1106 567 9

10 622 13 651 :
50 579 195 667 pubheam
212 578 327 666 opibus
345 602 409 646 non
427 588 588 648 staturam.
615 583 835 668 prodeundum
847 586 880 651 in
895 590 1072 659 contionem
1092 614 1123 661 10

50 673 149 740 Fulvio
165 673 301 760 praetori
319 696 403 755 esse,
430 674 614 743 indicandas
636 676 755 764 populo
772 679 916 766 publicas
934 687 1072 753 necessi·

52 782 117 837 tates
142 770 428 854 cohortandosque,
464 772 519 857 qui
548 772 757 858 redempturis
788 777 950 843 auxissent
975 782 1072 866 patri·

54 866 154 945 nenia,
181 874 217 930 ut
232 865 279 931 rei
295 865 454 952 publicae,
482 888 522 931 ex
543 889 606 952 qua
624 868 809 947 crevissent,
837 880 962 959 tempus
985 897 1071 942 com·

55 961 199 1027 nodarent
234 961 507 1046 conducerentque
538 983 576 1026 ea
606 961 677 1049 lege
707 963 888 1049 praebenda
917 989 998 1052 quae
1029 971 1070 1037 ad
1090 991 1120 1037 11

56 1055 204 1122 exercitum
222 1054 470 1142 Hispaniensem
489 1077 569 1142 opus
588 1065 706 1135 essent,
725 1067 774 1136 ut,
798 1079 869 1123 cum
886 1063 1021 1146 pecunia
1037 1065 1072 1130 in

56 1150 152 1216 acurio
171 1160 268 1228 esset,
295 1150 335 1215 iis
353 1149 462 1239 primis
482 1150 663 1225 solveretur.
707 1150 786 1218 haec
802 1162 928 1238 praetor
944 1157 977 1220 in
996 1180 1069 1225 con·
1088 1177 1119 1225 12

57 1244 118 1310 tione
134 1243 246 1323 edixit,
273 1242 415 1333 quo[que
433 1241 499 1330 die]
520 1245 719 1325 vestimenta,
737 1247 931 1314 frumentum
949 1250 1069 1339 Hispa·

57 1337 134 1405 aiensi
150 1337 302 1405 exercitui
319 1338 500 1424 praebenda
517 1361 661 1425 quaeque
679 1340 741 1407 alia
758 1364 839 1428 opus
854 1355 959 1410 essent
971 1369 1069 1411 nava

10 1443 14 1521 '3
57 1429 117 1498 libus
134 1432 228 1499 sociis
247 1442 332 1497 essct
349 1432 519 1499 locatums.

100 1527 357 1593 XXXXVIIII.
402 1528 471 1594 Ubi
492 1551 530 1593 ea
552 1529 619 1594 dies
637 1530 736 1609 venit,
765 1532 806 1596 ad
829 1533 1067 1600 conducendum
1087 1554 1099 1601 1

10 1604 16 1664 ἶ
58 1620 101 1679 tres
116 1613 280 1680 societates
299 1615 429 1679 aderant
446 1614 609 1679 hominum
626 1616 833 1703 undeviginti,
852 1640 986 1703 quorum
1004 1620 1067 1686 duo

10 1720 12 1725 '
56 1707 188 1791 postulata
215 1707 317 1774 fuere:
344 1731 457 1786 unum,
485 1719 520 1773 ut
542 1709 653 1774 militia
674 1722 835 1790 vacarent,
871 1714 947 1778 dum
969 1715 1001 1778 in
1027 1735 1099 1782 eoa

54 1800 156 1885 publico
184 1811 303 1880 essent,
331 1801 477 1881 alterum,
505 1812 540 1866 ut
562 1824 642 1887 quae
666 1805 699 1869 in
721 1828 818 1871 naves
840 1806 1064 1899 inposuissent,

54 1893 241 1963 shhostium
271 1896 530 1983 tempestatisque
561 1897 593 1962 vi
617 1898 745 1985 publico
775 1900 914 1986 periculo
950 1913 1065 1969 essent.

53 1996 163 2074 seoque
188 1990 605 2077 inpetrato'conduxernnt,
641 1993 825 2079 privataque
854 1996 990 2081 pecunia
1014 2017 1100 2064 rese

51 2082 157 2167 pubhca
182 2084 439 2150 administratast.
493 2085 526 2150 hi
552 2108 655 2152 mores
684 2109 784 2171 eaque
810 2089 923 2154 caritas
945 2091 1065 2176 patriae

51 2196 94 2261 per
107 2200 213 2245 omnes
231 2179 357 2245 ordines
376 2180 461 2246 velut
479 2190 586 2247 tenore
604 2203 667 2246 uno
685 2181 870 2266 pertinebat
910 2205 1005 2267 quem
1024 2185 1065 2250 ad
1083 2206 1099 2253 4

51 2273 159 2339 nodum
181 2274 337 2341 conducta
358 2275 464 2342 omnia
485 2298 602 2364 magno
625 2276 731 2341 animo
754 2286 840 2355 sunt,
873 2278 919 2343 sie
941 2302 1065 2345 summa

51 2363 99 2432 fide
116 2367 269 2454 praebita,
296 2391 355 2434 nec
377 2369 545 2454 quicquam
569 2367 717 2457 [sequius
739 2367 854 2456 quam]
879 2370 907 2436 si
929 2393 969 2436 ex
987 2394 1065 2456 opu-

52 2455 117 2528 lento
132 2462 266 2541 aerario,
284 2472 320 2527 ut
338 2464 512 2547 quondam,
532 2463 697 2529 alerentur.

101 2553 180 2622 Cum
206 2556 239 2621 hi
266 2567 459 2622 commeatus
486 2568 657 2636 venerunt,
694 2557 819 2644 Iliturgi
845 2556 996 2645 oppidum
1022 2557 1097 2635 ab5

54 2642 233 2716 Hasdrubale
255 2673 294 2716 ac
311 2650 452 2738 Magone
471 2664 502 2717 et
523 2651 703 2717 Hannibale
725 2650 912 2717 Bomilcaris
935 2651 1000 2719 filio
1022 2651 1063 2719 ob

55 2740 239 2813 delectionem
257 2747 297 2811 ad
315 2746 476 2820 Romanos
494 2746 744 2834 oppugnabatur.
784 2747 866 2812 inter
886 2747 965 2812 haec
983 2747 1064 2813 trina
1082 2779 1096 2826 6

32 2847 135 2907 -ttttra
150 2841 288 2906 hostiurn
308 2838 473 2927 Scipiones
496 2865 569 2907 cum
585 2843 618 2906 in
635 2840 746 2908 urbem
770 2842 925 2909 sociorum
947 2865 1063 2930 magno
1098 2914 1102 2922 ,

56 2935 198 3001 tutamine
212 2957 250 3001 ac
264 2944 368 3024 strage
381 2936 601 3003 obsistentium
613 2935 840 3023 pervenissent,
858 2936 1061 3014 frumentum,

33 3026 36 3031 ’
57 3024 124 3094 euius
138 3030 243 3117 inopia
261 3039 339 3108 erat,
366 3031 561 3096 advexerunt
579 3031 793 3115 cohortatique
812 3030 999 3117 oppidanos,
1027 3040 1062 3095 ut
1081 3064 1096 3110 t

59 3120 141 3189 tudem
158 3125 263 3191 animo
286 3125 410 3191 moenia
432 3135 619 3205 tutarentur,
648 3148 710 3210 quo
732 3147 788 3211 pro
813 3147 846 3190 se
868 3132 1061 3211 pugnantem

60 3208 209 3284 Rtnmum
232 3220 402 3284 exercitum
425 3221 591 3297 vidissent,
619 3220 661 3285 ad
683 3229 785 3285 castra
806 3219 944 3283 maxima
962 3238 1062 3303 oppu-

61 3314 169 3393 gnuda,
198 3313 313 3399 quibus
331 3313 515 3380 Hasdrubal
536 3323 692 3399 praeerat,
721 3315 847 3379 ducunt.
896 3311 1007 3377 eodem
1030 3319 1095 3384 ets

10 3488 13 3497 μ
42 3399 103 3495 „luo
122 3409 215 3476 duces
243 3419 274 3474 et
301 3410 363 3475 duo
391 3410 545 3476 exercitus
565 3408 888 3498 Carthaginiensium,
923 3406 969 3472 ibi
994 3429 1061 3473 rem

40 3564 49 3571 ..
62 3515 186 3570 ⁸tunnam
204 3505 258 3591 agi
275 3514 451 3582 cernentes,
476 3514 696 3570 convenerunt.
739 3505 845 3588 itaque
863 3500 1025 3587 eruptione
1044 3523 1061 3565 e
1079 3524 1094 3572 9

42 3598 143 3671 ‚mins
159 3610 334 3687 pugnatum
352 3608 409 3665 est.
456 3600 620 3686 sexaginta
641 3599 778 3665 hostium
800 3597 942 3663 miliaco
960 3596 1010 3661 die
1027 3595 1060 3659 in

62 3700 141 3775 Pugna
156 3695 295 3772 fuerunt,
316 3695 453 3760 sedecim
471 3694 554 3759 circa
566 3694 727 3759 Romanis.
764 3702 869 3758 tamen
887 3692 966 3756 adeo
984 3690 1061 3754 haut
1080 3711 1112 3759 10

62 3774 132 3850 dubia
145 3789 274 3855 victoria
291 3788 365 3866 fuit,
384 3798 419 3853 ut
436 3789 542 3875 plures
560 3811 690 3854 numero
708 3809 804 3872 quam
820 3787 883 3873 ipsi
900 3784 1062 3851 erantRo-

63 3879 124 3942 mni
136 3882 270 3949 hostium
288 3884 476 3963 occiderint,
493 3885 643 3971 'ceperint
665 3882 798 3969 amplius
821 3881 881 3946 tria
902 3881 989 3945 miha
1004 3878 1062 3944 ho·
1081 3900 1109 3948 11

63 3967 166 4056 minum,
187 3979 403 4066 paulominus
422 3980 506 4046 mille
525 4002 690 4065 equorum,
714 3975 963 4062 undesexaginta
981 3975 1069 4039 mili-¹

147 4112 149 4114 -
833 4076 885 4131 11·
