2528 4514
337 247 642 323 ammiramur.
663 247 817 320 [aomo]
1032 239 1095 309 165

446 777 562 859 mur
588 777 713 859 mur
912 892 920 904 .

306 936 374 997 AB
409 934 553 996 VRBE
590 933 851 998 CONDITA

82 1192 89 1205 Γ
433 1123 563 1183 umus
583 1122 724 1183 xxmu

81 1212 86 1311 i
123 1259 150 1323 Ι.
191 1257 240 1323 Ut
258 1278 299 1322 ex
318 1254 494 1341 Campania
514 1255 549 1319 in
566 1254 708 1320 Bmttios
729 1255 865 1321 reditum
883 1265 946 1334 est,
977 1255 1094 1323 Hanno
1114 1279 1127 1328 1

81 1350 256 1423 lliutoribus
281 1360 312 1416 et
333 1348 466 1415 ducibus
489 1348 612 1415 Bruttis
636 1345 776 1416 Graecas
798 1348 894 1417 urbes
920 1352 1094 1437 temptavit,
1130 1384 1133 1389 ·

81 1445 243 1513 bfacilius
261 1444 295 1509 in
313 1443 462 1510 societate
479 1452 642 1510 manentes
659 1443 819 1522 Romana,
837 1445 922 1529 quod
944 1444 1095 1524 Bmttios,

80 1562 140 1627 pos
166 1551 199 1606 et
226 1538 356 1604 oderant
381 1550 415 1605 et
439 1538 635 1618 metuebant,
664 1536 974 1626 Carthaginiensium
998 1540 1096 1627 partis

80 1632 162 1701 ictos
186 1632 366 1700 cernebant
410 1633 548 1720 Regium
570 1634 708 1720 primum
734 1643 920 1721 temptatum
943 1644 991 1702 est
1013 1635 1130 1702 dies-2

96 1749 125 1793 ss
141 1727 261 1812 aliquot
282 1726 328 1793 ibi
348 1728 540 1814 nequiquam
563 1727 731 1815 absumpti
775 1728 900 1795 iuterim
918 1730 1096 1796 Locrenses

104 1831 254 1888 *semum
275 1821 424 1909 lignaque
446 1832 477 1887 et
498 1830 602 1889 cetera
619 1822 798 1889 necessaria
819 1822 929 1890 usibus
950 1846 990 1889 ex
1011 1824 1096 1911 agris

115 1915 224 1983 urbem
239 1938 366 2003 rapere,
383 1916 477 1982 etiam
494 1937 535 1982 ne
553 1916 629 2000 quid
646 1916 790 1984 relictum
802 1918 938 2004 praedae
951 1919 1096 1986 hostibus

187 2020 219 2076 et
235 2011 269 2076 in
286 2010 354 2077 dies
371 2009 472 2076 maior
488 2009 635 2078 omnibus
656 2011 756 2098 portis
773 2013 940 2079 multitudo
963 2012 1096 2079 effundi:

101 2119 107 2176 ,ζ
139 2127 222 2170 Quo
242 2104 304 2171 hoo
326 2104 422 2170 modo
446 2101 488 2192 [ii
505 2102 619 2193 modo]
640 2104 742 2172 relicti
762 2105 796 2171 in
816 2106 895 2173 urbe
913 2116 1015 2187 erant,
1042 2107 1132 2192 quis

96 2287 100 2296 ι
123 2229 161 2253 νυ
179 2229 186 2254 ·-
204 2221 324 2276 muros,
342 2208 463 2285 portas,
482 2198 606 2285 telaque
622 2199 656 2264 in
672 2200 910 2286 propugnacula
929 2223 1097 2287 congerere

183 2302 265 2358 tur.
309 2294 342 2360 in
358 2292 546 2379 permixtam
565 2294 705 2358 omnium
723 2294 872 2359 aetatium
890 2294 1097 2377 ordinumque
1114 2314 1131 2362 4

104 2388 113 2464 j
166 2387 294 2453 dinem
317 2397 348 2453 et
364 2396 534 2476 vagantem
555 2388 589 2454 in
610 2387 696 2475 agris
714 2409 831 2475 magna
848 2408 888 2454 ex
909 2396 999 2473 parte
1015 2387 1098 2453 iner-

112 2497 121 2531 1
164 2479 327 2548 Hamilcar
342 2480 471 2548 Poenus
489 2483 610 2567 equites
629 2481 746 2560 emisit,
764 2480 834 2566 qui,
852 2481 970 2548 violare
987 2502 1098 2566 quem-

132 2607 153 2631 Ἣ
180 2576 282 2655 vetiti,
309 2585 431 2643 tantum
453 2585 488 2641 ut
511 2576 551 2643 ab
574 2576 652 2643 urbe
676 2575 878 2643 excluderent
901 2575 979 2663 fuga
1005 2575 1098 2640 dissi·

115 2702 170 2749 oz,
200 2679 319 2736 turmas
346 2670 497 2738 obiecere.
541 2670 606 2736 dux
627 2670 698 2758 ipse
718 2669 788 2736 loco
812 2669 971 2756 superiore
993 2678 1131 2755 captas

117 2791 143 2819 a·
165 2787 273 2853 agros,
301 2764 411 2831 urbem
429 2766 529 2852 possit
547 2766 743 2852 conspicere,
769 2763 965 2831 Bruttiorum
987 2764 1098 2832 cohor·

154 2860 239 2927 adire
265 2882 373 2927 muros
396 2870 489 2946 atque
511 2883 623 2928 vocare
643 2861 801 2947 principes
823 2861 1034 2927 Locrensium
1056 2858 1098 2926 ad

139 2953 265 3039 equium
281 2953 373 3020 iussit
391 2964 423 3019 et
439 2954 623 3041 pollicentes
643 2955 812 3022 amicitiam
829 2954 1019 3022 Hannibalis
1041 2955 1097 3021 ad-

110 3075 119 3099 s
134 3079 147 3102 »τ
170 3048 178 3064 “
197 3049 239 3115 ad
255 3047 366 3115 urbem
383 3049 577 3116 tradendam.
608 3048 741 3115 Bruttiis
754 3049 788 3115 in
801 3049 967 3134 conloquio
980 3047 1096 3114 nullius
1113 3066 1131 3114 o

107 3182 109 3189 ,
130 3143 226 3229 primo
242 3142 322 3211 fides
340 3154 404 3224 est;
422 3144 550 3223 deinde,
567 3152 603 3210 ut
616 3143 745 3211 Poenus
762 3143 905 3231 apparuit
917 3143 951 3208 in
964 3139 1095 3208 collibus

127 3239 313 3328 refugientes
335 3240 432 3327 pauci
458 3240 552 3306 aliam
578 3261 704 3307 omnem
730 3239 961 3305 multitudinem
981 3235 1016 3301 in
1040 3256 1097 3321 po-

77 3328 176 3409 ?htate
196 3335 338 3401 hostium
359 3357 430 3402 esse
452 3334 650 3414 adferebant,
677 3344 746 3400 tum
766 3341 852 3401 metu
873 3331 949 3397 victi
971 3328 1096 3397 consul-

76 3416 151 3494 ζα11οε
168 3451 203 3495 se
220 3428 373 3516 populum
391 3429 633 3515 responderunt,
647 3467 690 3478 -
707 3428 920 3511 advocataque
939 3422 1129 3509 extemplo?

88 3522 222 3602 urtone,
246 3544 319 3589 cum
336 3533 368 3589 et
384 3523 565 3590 levissimus
584 3523 717 3609 quisque
733 3543 832 3588 novas
849 3542 900 3586 res
917 3539 1095 3601 novamque

84 3616 246 3684 mitatem
267 3617 395 3684 mallent
418 3627 449 3685 et
471 3640 605 3704 quorum
626 3616 794 3705 propinqui
815 3624 904 3682 extra
920 3611 1032 3678 urbem
1049 3611 1097 3674 in-

81 3700 191 3777 tuclusi
209 3710 251 3777 ab
268 3710 414 3779 hostibus
432 3721 520 3779 erant
536 3712 623 3778 velut
640 3709 802 3778 obsidibus
821 3708 902 3775 datis
915 3707 1095 3793 pigneratos

75 3780 216 3872 baberent
233 3805 369 3886 animos,
388 3808 484 3893 pauci
498 3807 600 3895 magis
619 3807 704 3872 taciti
720 3804 888 3892 probarent
901 3807 1096 3868 constantem
1112 3814 1129 3864 a

75 3877 157 4001 idem
176 3922 274 3985 quam
290 3900 456 3987 probatam
474 3901 553 3967 tueri
571 3901 734 3978 auderent,
757 3897 843 3963 haud
861 3895 957 3961 dubio
974 3895 1007 3959 in
1025 3914 1096 3979 spe·

75 3996 142 4062 'lem
162 4017 322 4063 consensu
339 3995 374 4061 fit
392 3997 433 4062 ad
449 3995 577 4064 Poenos
595 3994 722 4063 deditio.
758 3993 800 4058 L.
818 3989 918 4057 Atilio
936 3987 1128 4076 praefectos
