2528 4514
140 230 203 297 266
384 239 503 296 mauu
520 240 631 311 xxvl,
650 241 674 295 1.
689 240 714 294 a
736 243 811 308 [au.
822 257 845 296 ο.
855 240 920 310 543]

105 423 290 485 numquam
309 399 467 464 civitatem
484 398 594 462 iustior
610 397 684 475 fuit,
711 419 806 482 quam
829 398 915 481 quod
937 397 1014 464 urbs
1035 409 1094 465 tam
1107 423 1148 466 uo
1190 443 1192 479 ι

140 494 212 560 bilis
231 515 268 558 ac
284 501 411 578 potens,
439 491 521 556 sicut
543 489 718 555 defectione
741 513 798 555 sua
820 500 961 556 traxerat
983 491 1095 576 aliquot
1108 515 1149 580 po

140 588 247 674 pulos,
274 587 319 651 ita
335 594 461 671 recepta
477 584 663 649 inclinatura
683 607 791 650 rursus
810 585 933 651 animos
951 585 1149 653 videbaturrd

108 680 255 750 oveteris
282 679 405 765 imperii
434 688 621 764 respectum.
667 687 697 741 et
727 678 923 763 praetoribus
951 680 1065 767 prioris
1087 682 1148 759 anri,
1190 680 1192 687 ’

140 773 189 838 M.
207 773 299 838 Iunio
317 773 349 837 in
366 772 507 849 Etruria,
534 770 573 836 P.
594 768 780 856 Sempronio
801 772 834 836 in
854 769 976 853 Gallia,
1004 796 1077 840 curn
1090 774 1147 841 binis

142 865 333 954 legionibus,
365 887 443 950 quas
470 863 658 942 habuerant,
689 874 892 952 prorogatum
918 876 971 932 est
996 868 1145 954 imperium

109 978 124 1025 6
142 968 345 1046 prorogatum
363 968 394 1023 et
410 958 458 1023 M.
476 958 642 1036 Marcello,
669 968 705 1023 ut
721 981 779 1045 pro
796 960 926 1027 consule
948 961 985 1027 in
1003 959 1148 1031 Sicilian-

109 1077 123 1122 ι
142 1054 229 1138 liqua
246 1052 319 1118 belli
336 1053 498 1139 perficeret
510 1075 548 1118 eo
562 1053 713 1132 exercitu,
732 1075 827 1137 quem
839 1053 988 1121 haberetr
1007 1056 1038 1121 si
1054 1055 1151 1143 suppli·

142 1156 247 1213 mento
266 1169 345 1233 opus
364 1156 461 1224 esset,
481 1147 639 1232 suppleret
653 1147 692 1212 d'e
704 1146 896 1234 legionibus,
915 1147 1153 1233 quibuslica-

109 1261 125 1310 8
143 1240 244 1307 nelius
261 1249 444 1326 propraetor
459 1239 493 1304 in
511 1238 620 1305 Sicilia
635 1251 810 1328 praeesset,
829 1242 905 1307 dum
923 1265 967 1309 ne
985 1265 1083 1329 quem
1096 1242 1153 1309 md

143 1348 206 1402 tem
231 1336 350 1422 legeret
375 1356 415 1401 ex
442 1357 480 1400 eo
504 1357 654 1413 numero,
691 1334 805 1420 quibus
833 1345 965 1402 senatus
995 1338 1152 1405 missiom

110 1452 124 1499 9
142 1430 339 1513 reditumque
356 1429 390 1493 in
406 1428 539 1514 patriam
557 1440 705 1516 negasset
722 1438 794 1496 ante
811 1428 886 1495 belli
902 1429 1015 1497 finem.
1054 1431 1093 1499 Ο.
1104 1428 1154 1499 Sd·

141 1524 238 1610 picio,
267 1523 317 1587 cni
337 1520 445 1588 Sicilia
466 1533 625 1600 evenerat,
653 1524 734 1587 duae
755 1523 911 1610 legiones,
940 1546 1026 1610 quas
1043 1525 1082 1591 P.
1098 1524 1155 1592 Gn·

142 1618 243 1682 nelius
270 1614 445 1694 habuisset,
472 1616 613 1682 decretae
637 1627 667 1682 et
694 1617 950 1703 supplementum
978 1619 1021 1684 de
1044 1617 1154 1687 aaran

144 1710 203 1777 Cn.
222 1708 340 1787 Fulvii,
364 1709 419 1794 qui
434 1709 537 1795 priore
555 1732 638 1775 anno
655 1710 689 1774 in
705 1709 824 1796 Apulia
841 1709 936 1777 foede
955 1735 1073 1790 caesus
1088 1712 1155 1801 lup·

94 1815 257 1887 lutusque
276 1813 350 1868 erat.
403 1803 477 1869 huic
493 1804 602 1890 generi
623 1804 757 1869 militum
780 1814 908 1871 senatus
927 1808 1071 1875 eundem
1084 1826 1154 1893 qun

145 1895 366 1963 Cannensibus
396 1895 491 1961 linem
526 1907 676 1963 statuerat
710 1897 848 1963 militiae.
902 1900 1055 1967 additum
1084 1900 1154 1967 ctiam

143 1999 346 2074 utrorumque
368 1989 602 2077 ignominiaest,
629 2013 669 2056 ne
687 1991 720 2056 in
737 1992 860 2078 oppidis
878 1991 1086 2061 hibernarent
1098 2010 1154 2059 neu

143 2081 274 2150 hiberna
290 2083 418 2169 propius
436 2084 532 2149 ullam
554 2082 664 2150 urbem
682 2084 791 2150 decem
808 2085 936 2152 milibus
956 2106 1153 2173 passunmsc·
1191 2168 1192 2173 ἵ

94 2200 124 2246 11
145 2176 314 2242 dificerent.
358 2178 399 2241 L.
420 2175 566 2244 Cornelio
588 2178 622 2243 in
641 2176 788 2244 Sardinia
809 2179 889 2244 duae
911 2178 1062 2268 legiones
1078 2182 1149 2255 daut,

65 2317 69 2324 ·
144 2270 258 2355 quibus
286 2269 327 2354 Q.
350 2270 477 2337 Mucius
503 2271 699 2357 praefuerat;
736 2272 1010 2358 supplementum,
1048 2276 1075 2341 si
1096 2292 1152 2361 opu

94 2386 125 2433 12
145 2373 240 2442 esset,
268 2365 412 2431 consules
432 2364 566 2430 scribere
584 2365 670 2431 iussi.
715 2365 753 2430 Τ.
775 2366 913 2431 Otacilio
932 2377 966 2432 et
982 2367 1035 2434 M.
1053 2365 1152 2435 Vasio

145 2456 272 2524 Siciliae
306 2455 520 2543 Graeciaeque
551 2481 606 2524 ora
636 2481 708 2524 cum
738 2459 915 2546 legionibus
949 2462 1151 2546 classibusque.

144 2551 258 2636 quibus
280 2563 461 2638 praeerant,
493 2553 645 2619 decretae.
691 2554 918 2641 quinquaginta
942 2553 1081 2623 Graecia
1101 2573 1151 2621 cm

143 2645 267 2732 legione
284 2669 361 2724 una,
380 2655 506 2711 centum
525 2645 634 2713 Sicilia
652 2670 724 2712 cuni
742 2647 865 2713 duabus
882 2648 1067 2735 legionibus
1082 2646 1153 2715 habe

94 2759 126 2806 13
144 2737 220 2804 bant
237 2761 343 2803 naves.
379 2739 478 2806 tribus
497 2751 527 2807 et
544 2741 655 2828 viginti
672 2741 849 2828 legionibus
865 2741 1024 2812 Romanis
1043 2767 1080 2811 eo
1094 2759 1153 2809 anuo

144 2830 261 2896 bellum
279 2841 361 2896 terra
378 2835 517 2918 marique
536 2845 584 2901 est
600 2845 736 2922 gestum.

112 2944 125 2989 1
208 2925 252 2989 H.
287 2923 496 3012 Principio
469 2951 536 2993 erus
559 2929 633 2993 anni
656 2951 728 2994 curn
745 2930 784 2994 de
806 2929 916 2995 litteris
935 2931 979 2997 L.
1000 2930 1152 2997 Marciirc·

144 3018 290 3096 ferretur,
317 3042 367 3085 res
386 3030 494 3107 gestae
512 3023 697 3110 magnificae
720 3024 842 3089 senatui
863 3024 967 3103 visae3
996 3021 1153 3091 tituluslro-

105 3114 108 3119 ’
144 3112 243 3191 noris,
270 3113 381 3197 quod'
372 3115 503 3200 imperio
521 3139 583 3181 non
600 3116 735 3202 populi
725 3140 829 3194 russu,
852 3139 916 3182 non
935 3140 976 3183 ex
995 3115 1149 3184 auctorite

144 3217 269 3292 patrum
299 3208 372 3274 dato
406 3217 601 3295 ‘propraetor
631 3210 765 3277 senatui'
801 3210 991 3296 scripserat,
1032 3225 1151 3298 magum

111 3319 126 3365 2
144 3311 265 3385 partem
282 3301 445 3367 hominnm
463 3303 655 3370 offendebat:
676 3327 744 3369 rem
761 3304 837 3370 mali
854 3305 995 3391 exempli
1013 3328 1096 3383 esse,
1111 3302 1155 3369 iu·

144 3403 303 3478 peratores
329 3394 394 3482 legi
419 3395 459 3463 ab
486 3397 673 3464 exercitibus
705 3407 737 3463 et
763 3397 915 3463 sollemne
943 3401 1155 3485 auspiaturu

146 3487 342 3554 comitiorum
359 3490 392 3554 in
410 3500 513 3556 castra
530 3501 562 3555 et
578 3491 754 3577 provincias
777 3491 886 3577 procul
908 3491 951 3557 ab
968 3491 1092 3580 legibus
1106 3509 1157 3554 ma·

112 3580 390 3668 agistratibusque
421 3586 462 3651 ad
487 3585 567 3651 milit
555 3595 652 3652 tarem
684 3587 889 3653 temeritatem
920 3585 1092 3657 transferri
1134 3588 1156 3643 tl

144 3697 218 3740 cum
243 3678 372 3760 quidam
396 3679 595 3751 referendum
621 3680 662 3745 ad
688 3690 832 3746 senatum
858 3691 1040 3760 censerant,
1065 3676 1156 3747 mdiu!

144 3768 248 3835 visum
265 3771 383 3837 differri
401 3795 470 3839 eam
487 3774 761 3852 consultationem,
789 3774 889 3840 donec
906 3773 1157 3860 pmfiasoerenur

111 3863 280 3944 aequites,
311 3865 366 3949 qui
390 3866 432 3933 ab
458 3865 579 3934 Marcio
606 3869 724 3933 litteras
752 3868 928 3935 attulerant.
980 3860 1157 3935 raaibito

144 3952 301 4023 frumento
319 3970 350 4024 et
367 3961 560 4028 vestimentis
583 3962 737 4028 exercitus
759 3961 891 4048 placuit,
918 3984 991 4040 eam
1012 3970 1157 4042 unamque
