2528 4514
298 243 417 299 urana
433 245 532 316 xxx,
550 245 669 301 38-40.
689 245 841 317 [saaca]
1029 238 1093 304 523

83 402 236 470 mdavit
263 399 410 479 Tiberis,
445 411 482 466 ut
510 401 578 467 ludi
603 402 806 489 Apollinares
833 403 916 471 cirm
941 406 1094 473 inundato

83 523 134 564 ra
154 505 296 585 portam
311 492 471 561 Collinam
489 496 531 561 ad
548 496 660 562 aedem
672 498 831 564 Erucinae
839 499 975 567 Veneris
992 501 1094 587 parati

83 604 115 659 rt.
171 599 322 655 ceterum
352 588 499 654 ludorum
524 589 595 677 ipso
623 590 673 656 die
701 591 805 657 subita
832 593 999 660 serenitate
1025 605 1095 659 orta
1114 615 1144 662 11

83 708 173 772 mpa
191 681 272 747 duci
294 691 408 768 coepta
430 683 471 747 ad
493 694 618 769 portam
637 681 796 779 Collinam
816 699 965 753 revocata
986 688 1095 753 ducta-

83 803 105 846 e
130 779 173 843 in
197 776 322 841 circum
345 786 408 855 est,
435 797 508 840 cum
530 778 666 843 cessisse
686 777 760 844 inde
782 801 897 863 aquam
918 782 1095 847 nuntiatum

83 884 154 952 set,
183 870 406 954 laetitiamque
432 871 551 957 populo
578 882 610 936 et
634 871 717 937 ludis
740 874 954 940 celebritatem
975 877 1096 941 addidit
1115 898 1145 945 12

83 969 148 1033 des
168 988 236 1030 sua
253 964 401 1031 sollemni
419 965 600 1051 spectaculo
617 966 749 1031 reddita.

114 1058 273 1135 XXXV
273 1058 355 1124 IIII.
389 1056 559 1124 Claudium
576 1060 754 1139 consulem,
771 1062 950 1149 profectum
967 1063 1095 1128 tandem
1114 1087 1126 1132 1

83 1182 90 1221 ι
108 1156 213 1232 urbe,
241 1153 324 1218 inter
341 1163 451 1239 portus
471 1152 635 1221 Cosanum
652 1156 911 1240 Loretanumque
933 1167 1024 1222 atrox
1045 1158 1093 1224 vis

83 1249 262 1338 mpestatis
285 1248 397 1314 adorta
417 1249 451 1314 in
472 1260 593 1315 metum
614 1251 776 1337 ingentem
798 1252 939 1317 adduxit.
986 1252 1095 1337 Popu-
1113 1273 1128 1318 2

83 1346 181 1410 nium
202 1343 279 1408 inde
303 1365 375 1407 cum
396 1343 595 1430 pervenisset
617 1345 818 1428 stetissetque
840 1345 898 1423 ibi,
926 1346 1002 1409 dum
1023 1345 1096 1410 reli-

83 1462 158 1505 rum
174 1436 377 1523 tempestatis
396 1437 587 1516 exsaeviret‚
606 1438 640 1502 in
648 1439 752 1504 Ilvam
768 1439 905 1504 insulam
922 1449 955 1505 et
971 1439 1012 1503 ab
1023 1439 1095 1504 llva

83 1532 245 1609 orsicam‚
265 1554 283 1595 a
302 1528 436 1597 Corsica
452 1532 487 1596 in
505 1529 685 1598 Sardiniam
703 1533 833 1599 traiecit.
877 1533 922 1597 ibi
944 1556 1097 1619 superan-

83 1651 122 1693 m
134 1627 279 1693 Insanos
296 1626 414 1691 montis
432 1626 532 1691 multo
551 1637 583 1691 et
600 1627 725 1692 saevior
743 1638 775 1692 et
786 1627 1002 1693 infestioribus
1016 1627 1094 1693 locis

83 1730 236 1808 mpestas
259 1720 370 1785 adorta
391 1719 515 1786 disiecit
537 1720 686 1798 classam3
714 1720 831 1785 multae
854 1732 1022 1805 quassatae
1045 1741 1129 1787 ar-a

83 1813 294 1899 amantisque
309 1815 461 1901 spoliatae
475 1836 584 1892 naves,
598 1815 755 1898 quaedam
768 1815 896 1881 fractae.
923 1815 969 1880 ita
981 1827 1096 1881 vexata

83 1910 257 1974 c'lacerata
274 1908 386 1974 classis
397 1908 522 1975 Caralis
542 1909 651 1976 tenuit.
687 1909 742 1975 ubi
760 1910 836 1975 dum
853 1911 1027 1976 subductae
1044 1932 1094 1975 re-

83 2001 213 2068 ciuntur
234 2026 349 2081 naves,
376 2003 478 2068 hiems
505 2005 676 2091 oppressit,
708 2005 994 2089 circumactumque
1021 2005 1096 2070 anni

83 2120 190 2186 empus
211 2109 244 2163 et
260 2098 348 2163 nullo
370 2109 561 2184 prorogante
579 2098 745 2184 imperium
768 2100 909 2184 privatus
927 2100 978 2165 Ti.
999 2097 1096 2164 Olau-

83 2192 133 2257 ius
151 2189 290 2257 classem
307 2190 445 2257 Romam
461 2191 595 2255 reduxit.
639 2191 688 2255 M.
708 2188 877 2268 Servilius,
896 2214 936 2254 ne
954 2192 1095 2255 comitio·
1113 2212 1131 2258 4

83 2310 132 2351 rm
150 2307 250 2350 causa
268 2285 310 2350 ad
327 2285 439 2350 urbem
455 2294 671 2362 revocaretur,
691 2283 842 2348 dictatore
861 2283 943 2348 dicto
962 2279 1001 2347 C.
1021 2280 1097 2348 Ser-

83 2381 136 2446 ilio
156 2377 296 2445 Gemino
318 2378 352 2443 in
373 2379 568 2467 provinciam
591 2389 640 2444 est
661 2377 832 2466 profectus.
878 2376 1011 2441 motator
1028 2398 1096 2440 ma-

83 2475 200 2540 istrum
218 2473 361 2557 equitum
376 2473 416 2538 P.
435 2473 565 2538 Aelium
581 2473 718 2538 Paetum
735 2471 824 2536 dixit.
857 2492 952 2556 saepe
971 2469 1097 2536 comitia
1115 2490 1130 2536 5

83 2568 183 2634 idiota
213 2567 322 2654 perfici
352 2578 557 2654 tempestates
588 2567 826 2655 prohibuerunt.
887 2565 993 2647 itaqua
1024 2585 1097 2627 cum

83 2664 164 2729 ridie
189 2661 264 2727 idus
286 2662 422 2727 Martias
450 2671 573 2727 veteres
600 2660 804 2747 magistratus
832 2658 986 2734 abissent,
1022 2657 1097 2723 novi

83 2756 190 2823 affecti
207 2780 273 2821 non
291 2766 412 2834 essent,
438 2778 489 2820 res
512 2755 639 2842 publica
661 2754 729 2819 sine
752 2753 912 2818 curulibus
929 2751 1097 2840 magistra

83 2853 147 2917 bus
168 2861 247 2915 erat.

124 2944 168 3010 Τ.
186 2942 330 3009 Manlius
348 2944 529 3026 Torquatus
547 2941 690 3028 pontifex
713 2965 751 3008 eo
774 2966 857 3009 anno
880 2953 1036 3023 mortuus3
1063 2943 1097 3007 in
1116 2963 1131 3011 6

83 3061 170 3106 >cum
188 3037 257 3103 eius
281 3039 434 3103 suffectus
454 3034 493 3103 C.
514 3034 674 3124 Sulpicius
694 3035 808 3102 Galba.
853 3038 893 3102 ab
911 3037 953 3100 L.
970 3036 1097 3101 Licinio

83 3132 204 3201 cucullo
222 3142 255 3196 et
273 3131 314 3214 Q.
324 3131 439 3206 Fulvio
458 3131 612 3197 aedilibus
631 3131 792 3194 curulibus
810 3129 878 3192 ludi
894 3128 1032 3192 Romani
1050 3138 1098 3192 ter

83 3227 122 3292 >ti
137 3227 316 3292 instaurati.
360 3225 528 3311 pecuniam
550 3246 590 3288 ex
612 3221 732 3287 aerario
757 3221 879 3285 scribae
897 3221 1130 3302 viatoresque?

83 3318 201 3387 edilicii
224 3320 306 3383 clam
332 3318 491 3406 egessisse
517 3340 574 3403 per
595 3314 733 3379 indicem
756 3314 896 3377 damnati
919 3324 1006 3391 sunt,
1033 3336 1097 3379 non

83 3417 132 3480 lne
159 3413 293 3478 infamia
318 3412 448 3478 Luculli
474 3409 594 3477 aedilis.
643 3408 682 3473 P.
705 3407 818 3472 Aelius
845 3407 973 3472 Tubero
1000 3417 1032 3471 et
1053 3407 1130 3476 L.e

83 3507 236 3576 «acterius
260 3507 377 3573 aediles
399 3506 502 3593 plebis
525 3504 601 3570 vitio
624 3502 721 3568 creati
742 3500 931 3588 magistratu
955 3523 990 3565 se
1008 3499 1097 3564 abdi-

83 3613 232 3680 avcrunt,
260 3624 333 3666 oum
355 3602 448 3667 ludos
470 3601 679 3682 ludorumque
697 3619 794 3661 causa
817 3595 945 3682 epulum
962 3594 1033 3659 Iovi
1051 3594 1098 3658 fe-

83 3700 185 3765 issent
203 3706 236 3761 et
254 3696 346 3783 signa
363 3695 423 3760 tria
441 3717 481 3759 ex
498 3691 669 3758 multaticio
694 3700 825 3777 argento
848 3690 933 3755 facta
949 3688 982 3753 in
1001 3685 1099 3774 Capi-

83 3793 141 3860 ›lio
173 3791 367 3876 posuissent.
430 3786 568 3854 Cerialia
597 3786 689 3850 ludos
722 3784 855 3850 dictator
885 3794 917 3849 et
946 3781 1098 3869 magister

83 3885 209 3975 quitum
228 3907 268 3948 ex
287 3894 415 3949 senatus
434 3882 578 3948 consulto
596 3881 748 3945 fecerunt.

128 3977 291 4043 XXXX.
335 3976 454 4064 Legati
480 3999 520 4043 ex
546 3974 658 4040 Africa
683 3973 821 4040 Romani
848 3972 941 4052 simul
963 3970 1131 4039 Cartha-1
