2528 4530
304 246 424 302 amaa
441 247 554 318 xxm,
571 248 614 304 aa.
627 248 669 304 aa.
690 252 728 319 [a.
739 250 769 306 c.
779 251 842 322 215]
1026 244 1091 312 153

80 415 163 473 ssent
178 405 253 471 satis
268 404 412 484 sciretur,
433 402 598 472 Gracchus
613 405 738 473 obviam
752 431 792 474 ex
806 408 907 477 classe
921 435 979 479 sua
991 437 1088 482 naves

80 502 151 567 nisit.
195 522 267 566 cum
284 500 516 586 percunctando
534 501 567 566 in
584 501 686 568 vicem
709 504 870 592 cognitum
892 517 990 587 esset,
1014 531 1089 577 con-
1106 530 1125 578 e

80 596 159 660 alem
176 593 289 661 Cumis
307 615 393 673 esse,
418 617 517 661 naves
537 593 657 662 Cumas
680 597 831 684 adpulsae
853 601 1030 688 captivique
1048 605 1089 670 ad

80 689 217 755 ronsulem
234 688 362 755 deducti
379 698 410 754 et
426 688 547 757 litterae
565 690 667 757 datae.
694 693 805 759 consul
822 693 932 761 litteris
949 694 1088 784 Philippi
1106 719 1123 768 a

80 794 151 868 atque
167 781 358 849 Hannibalis
378 782 525 868 perlectis
548 785 732 871 consignata
754 787 860 852 omnia
882 787 923 854 ad
945 799 1088 857 senatum

80 877 165 942 itinere
181 876 320 943 terrestri
337 876 437 955 misit,
454 877 589 944 navibus
608 878 722 944 devehi
738 879 858 968 legatos
876 881 977 949 iussit.

126 971 205 1037 Cum
222 971 335 1037 eodem
352 970 419 1036 sere
437 970 488 1037 die
510 970 630 1037 litterae
652 972 810 1060 legatique
827 973 963 1042 Romam
984 979 1089 1045 venis-
1107 992 1126 1040 c

82 1075 130 1130 sent
144 1076 174 1132 et
186 1066 440 1153 percunctatione
454 1066 538 1133 facta
551 1066 635 1134 dicta
647 1090 720 1134 oum
734 1069 857 1155 scriptis
871 1085 1087 1159 congruerent,

82 1161 157 1244 primo
177 1161 285 1249 gravis
309 1183 384 1226 cura
403 1170 509 1248 patres
531 1162 661 1228 incessit
682 1173 859 1244 cernentes,
891 1176 1009 1250 quanta
1033 1169 1088 1234 vix

82 1254 260 1321 tolerantibus
277 1254 437 1321 Punicum
458 1254 577 1322 bellum
598 1256 798 1324 Macedonici
819 1258 893 1324 belli
916 1259 1015 1326 moles
1040 1263 1089 1327 in-

81 1357 160 1416 staret.
206 1349 258 1416 oui
279 1359 384 1415 tamen
407 1349 486 1416 adeo
507 1373 572 1417 non
594 1351 839 1431 succubuerunt,
871 1361 906 1418 ut
932 1354 1125 1441 extemplos

80 1444 238 1530 aptaretur,
266 1466 361 1528 quem
387 1445 428 1509 ad
454 1445 583 1510 modum
608 1445 690 1511 ultro
711 1445 874 1512 inferendo
895 1447 979 1514 bello
1001 1471 1090 1515 aver·

80 1545 155 1604 terent
163 1539 204 1605 ab
214 1538 308 1604 Italia
319 1539 452 1606 hostem.
481 1540 613 1625 captivis
627 1541 661 1604 in
673 1540 799 1606 vincula
812 1542 905 1608 condi
925 1542 1021 1609 iussis
1035 1565 1088 1610 co-
1107 1569 1124 1614 1

80 1634 247 1719 ritibusque
261 1655 369 1699 eorum
383 1633 442 1699 sub
455 1634 548 1700 hasta
561 1635 694 1701 venditis
708 1636 750 1700 ad
761 1658 859 1702 naves
872 1636 985 1724 viginti
998 1638 1090 1723 quin·

80 1747 131 1811 lue,
145 1728 262 1814 quibus
270 1728 309 1793 P.
323 1727 470 1794 Valerius
478 1728 613 1795 Flaccus
622 1730 801 1816 praefectus
809 1741 962 1816 praeerat,
976 1732 1089 1820 viginti

80 1817 224 1910 quinque]
241 1823 345 1909 parari
359 1823 436 1889 alias
455 1824 635 1889 decernunt
670 1824 721 1890 his
739 1826 915 1912 conparatis
930 1826 1088 1893 deductis·
1105 1847 1123 1896 8

80 1940 118 2002 lue
134 1929 164 1985 et
183 1919 298 1985 additis
318 1919 456 2004 quinque
475 1918 623 1997 navibus,
642 1941 724 2003 quae
742 1921 932 1987 advexerant
946 1922 1087 2008 captivos

80 2024 189 2102 sgatos,
209 2014 337 2101 triginta
354 2036 450 2080 naves
469 2013 509 2079 ab
530 2011 623 2080 Ostia
637 2014 810 2081 Tarentum
830 2015 1005 2102 profectae,
1023 2017 1124 2084 ius-9

80 2107 1087 2196 usqueP.ValeriusmilitibusVarronianis,quibusL.Apustius

80 2213 176 2289 egatus
196 2202 326 2268 Tarenti
343 2212 498 2289 praeerat,
525 2203 559 2266 in
579 2225 676 2268 naves
693 2203 838 2288 inpositis
860 2203 1088 2291 quinquaginta

80 2300 192 2384 ‚uiaque
210 2300 338 2364 navium
357 2298 458 2364 classe
479 2320 543 2363 non
565 2298 646 2363 tueri
668 2298 762 2363 modo
779 2297 889 2362 Italiae
911 2319 1011 2374 oram,
1040 2307 1088 2362 set

80 2394 218 2480 xplorare
237 2394 276 2459 de
289 2393 497 2459 Macedonico
514 2393 607 2459 bello.
646 2392 673 2458 si
690 2391 894 2478 congruentia
915 2390 1025 2455 litteris
1043 2390 1089 2456 le·
1107 2413 1142 2461 10

80 2497 262 2573 ‚atommque
271 2487 394 2552 indiciis
403 2486 544 2574 Philippi
553 2486 684 2552 consilia
697 2494 812 2563 essent,
826 2494 862 2549 ut
870 2483 917 2549 M.
923 2482 1088 2550 Valerium

80 2591 229 2649 tractorem
247 2582 357 2647 litteris
376 2582 538 2648 certiorem
556 2582 688 2658 faceret,
718 2581 809 2665 isque
825 2578 867 2644 L.
886 2576 1024 2665 Apustio
1042 2578 1087 2644 le-
1105 2599 1136 2647 11

80 2685 131 2760 ,ato
151 2675 302 2742 exercitui
323 2676 503 2763 praeposito
521 2677 694 2742 Tarentum
716 2676 758 2740 ad
775 2674 909 2740 classem
926 2673 1087 2759 profectus

80 2770 156 2838 rimo
173 2793 299 2856 quoque
317 2780 457 2858 tempore
470 2771 735 2837 inMaoedoniam
752 2769 972 2836 transmitteret
986 2769 1088 2834 daret-

80 2883 123 2946 que
134 2889 274 2953 operam,
295 2875 332 2930 ut
340 2864 524 2953 Philippum
531 2867 565 2931 in
578 2866 865 2960 regnocontineget.
899 2863 1033 2951 pecunia
1046 2863 1087 2928 ad
1107 2881 1141 2930 12

80 2957 192 3026 classem
210 2961 359 3026 tuendam
376 2960 556 3046 bellumque
569 2960 813 3026 Macedonicum
831 2981 868 3025 ea
885 2958 1011 3024 decreta
1029 2966 1086 3036 est,

80 3069 141 3134 quae
156 3055 218 3141 Ap.
240 3054 374 3121 Claudio
396 3055 430 3119 in
453 3053 594 3122 Siciliam
616 3056 715 3121 missa
736 3063 816 3133 erat,
847 3062 882 3117 ut
906 3053 1089 3118 redderetur

80 3139 190 3214 Hieroni
211 3151 279 3236 regi
285 3175 294 3228 3
321 3150 400 3216 haec
421 3173 479 3237 per
498 3150 540 3216 L.
558 3149 733 3217 Antistium
753 3149 892 3236 legatum
914 3146 1088 3212 Tarentum

82 3243 263 3311 estderecta.
309 3246 402 3311 simul
424 3245 464 3312 ab
482 3246 623 3312 Hierone
646 3246 744 3312 missa
766 3246 899 3310 ducenta
915 3240 1002 3306 milia
1019 3260 1140 3310 m0-1t

84 3329 150 3403 ditm
162 3340 256 3405 tritici
273 3348 304 3404 ct
321 3339 431 3405 hordei
448 3350 583 3406 centum.

130 3431 346 3501 xxxvlm.
382 3433 465 3500 Cum
482 3434 561 3502 haec
577 3434 714 3502 Romani
730 3442 840 3521 parant
857 3438 1027 3519 aguntque,
1047 3429 1088 3494 ad
1108 3440 1121 3488 1

86 3513 241 3615 Philippum
259 3529 383 3615 captiva
400 3529 490 3594 navis
507 3551 571 3595 una
592 3552 633 3595 ex
649 3529 699 3595 his
718 3550 797 3615 quae
815 3526 951 3592 Romam
973 3523 1089 3588 missae

89 3632 152 3685 emt
174 3647 212 3690 ex
238 3647 333 3690 cursu
353 3624 484 3710 refugit;
510 3625 583 3690 inde
607 3626 720 3692 scitum
740 3624 861 3710 legatos
884 3642 957 3686 cum
978 3617 1088 3683 litteris

90 3722 179 3794 raptos,
216 3718 322 3803 itaque
335 3718 465 3806 ignarus
478 3740 548 3799 rex,
568 3741 686 3805 ecquae
700 3741 771 3784 cum
780 3712 962 3781 Hannibale
974 3710 1086 3798 legatis
1105 3722 1121 3769 2

92 3801 136 3870 tris
150 3812 363 3878 convenissent
379 3835 523 3899 quaeque
544 3814 641 3903 legati
659 3814 725 3879 eius
744 3812 784 3878 ad
808 3831 842 3875 se
859 3804 993 3874 adlaturi
1011 3804 1089 3869 suis·

91 3908 151 3978 sent,
173 3904 359 3994 legationem
378 3908 471 3974 aliam
490 3930 563 3973 cum
581 3909 699 3976 eisdem
721 3903 876 3971 mandatis
898 3898 1002 3964 mittit.
1045 3899 1127 3968 lec

94 3991 138 4065 llll
147 3998 399 4068 adHannibalem
413 4002 501 4070 missi
510 4002 700 4082 Heraclitus,
715 4001 765 4068 cui
776 3997 906 4066 Scotino
916 4015 1090 4081 cognomen
