2528 4530
338 275 457 334 ursan
474 279 561 349 xxr,
578 279 603 334 a.
617 279 643 334 4.
661 283 700 350 [a
712 278 741 335 e.
752 282 815 352 aas]
1076 268 1096 333 3

130 438 190 504 III.
227 437 268 501 In
284 436 497 502 Hasdrubalis
518 436 624 503 locum
645 437 731 503 haud
753 438 850 504 dubia
870 459 921 503 res
943 436 1004 502 suit
1021 439 1096 521 quin
1116 462 1129 509 1

80 532 315 620 praerogativam
337 531 517 608 militarem,
537 554 600 614 qua
618 532 775 618 extemplo
792 531 916 596 iuvenis
933 531 1097 597 Hannibal

80 627 308 713 inpraetorium
330 625 453 691 delatus
475 626 708 711 imperatorque
728 627 848 713 ingenti
871 627 1011 692 omnium
1034 627 1097 691 cla·

80 744 148 786 nore
165 729 262 804 atque
284 720 422 785 adsensu
445 720 621 805 appellatus
645 729 724 797 erat,
752 719 843 786 favor
863 720 965 805 plebis
984 743 1097 805 seque-

80 826 155 881 retur.
202 814 289 879 hunc
313 814 447 878 vixdum
472 812 623 900 puberem
645 813 830 880 Hasdrubal
856 815 967 881 litteris
993 815 1034 880 ad
1061 836 1129 883 sea

82 910 263 987 accersierat,
286 917 419 992 actaque
436 929 486 973 res
505 908 599 973 etiam
617 909 651 973 in
669 918 781 974 senatu
803 909 914 976 fuerat.
950 909 1095 976 Barcinis

82 1003 247 1081 nitentibus,
271 1012 307 1067 ut
325 1003 525 1069 adsuesceret
546 1003 675 1068 militiae
692 1003 855 1070 Hannibal
873 1013 967 1089 atque
989 1005 1023 1069 in
1039 1027 1096 1090 pa·

83 1107 166 1163 ternas
183 1097 368 1163 succederet
386 1119 476 1183 opes,
499 1097 618 1162 Hanno
636 1097 763 1163 alterius
782 1098 926 1163 factionis
948 1099 1094 1185 princepe
1114 1119 1128 1165 a

85 1197 116 1256 ‘et
133 1215 267 1276 aequum
289 1191 448 1278 postulare
470 1190 606 1255 videtur'
627 1191 730 1275 inquit
753 1190 951 1257 ‘Hasdrubal
978 1202 1008 1257 et
1034 1216 1096 1281 ego

85 1293 166 1350 tamen
187 1309 253 1352 non
275 1306 389 1351 censeo
410 1285 496 1370 quod
517 1285 595 1370 petit
613 1284 832 1350 tribuendum.'
867 1306 940 1351 curn
961 1286 1096 1352 admira
1114 1309 1130 1354 4

85 1379 145 1444 tione
171 1390 238 1444 tam
266 1378 410 1465 ancipitis
438 1379 610 1444 sententiae
633 1379 666 1443 in
694 1401 728 1444 se
754 1379 855 1444 omnis
879 1380 1094 1458 convertisset,

86 1473 184 1539 ‘florem
202 1471 329 1538 aetatis'
350 1473 451 1557 inquit
475 1472 685 1552 Hasdrubal,
708 1495 802 1557 quem
819 1474 888 1559 ipse
905 1475 988 1561 patri
1004 1474 1096 1539 Han-

87 1567 173 1634 nibalis
194 1567 367 1633 fruendum
389 1567 548 1654 praebuit,
576 1569 658 1634 iusto
680 1569 748 1633 iure
771 1589 843 1632 eum
870 1591 889 1633 a
909 1568 975 1634 filio
996 1570 1096 1654 repeti

88 1672 181 1740 anser,
209 1685 271 1728 nos
288 1671 395 1726 tamen
411 1662 539 1726 minime
558 1662 648 1727 decet
664 1662 859 1727 iuventutem
880 1672 1020 1727 nostram
1038 1685 1095 1749 pro

88 1755 187 1822 militari
199 1756 383 1821 rudimento
400 1756 604 1821 adsuefacere
621 1755 744 1821 libidini
760 1765 949 1842 praetorum.
976 1780 1016 1821 an
1034 1757 1095 1823 hoc
1113 1780 1128 1826 5

89 1847 219 1928 ineram,
237 1872 279 1915 ue
291 1849 483 1917 Hamilcaris
496 1850 580 1916 filius
593 1850 688 1916 nimis
702 1872 772 1917 sero
789 1851 921 1937 imperia
937 1851 1094 1917 inmodica

89 1946 199 2032 etregni
216 1945 340 2031 paterni
358 1945 495 2031 speciem
516 1945 623 2010 videat
640 1954 671 2010 et
693 1945 782 2011 cuius
800 1947 884 2032 regis
906 1968 1023 2032 genero
1040 1946 1096 2011 he-
1198 1962 1201 1967 ·

80 2037 198 2104 -reditarii
217 2039 281 2104 sint
298 2038 398 2104 relicti
415 2040 571 2106 exercitus
590 2040 702 2118 nostri,
727 2041 794 2105 eius
817 2040 882 2106 filio
899 2062 1011 2125 parum
1028 2062 1096 2105 ma·

80 2137 135 2198 :bre
149 2132 344 2199 serviamus?
369 2154 428 2219 ego
445 2133 542 2198 istum
559 2134 706 2199 iuvenem
724 2133 810 2199 domi
827 2133 1011 2213 tenendum,
1035 2133 1095 2198 sub
1113 2156 1127 2203 s

80 2218 198 2313 legibus,
227 2227 288 2294 sub
310 2227 545 2314 magistratibus
569 2228 746 2294 docendum
767 2228 873 2293 vivere
900 2250 1001 2312 aequo
1027 2229 1094 2294 iure

88 2338 138 2386 ean
151 2323 263 2388 ceteris
282 2343 405 2400 censeo,
423 2345 464 2387 ne
482 2322 671 2407 quandoque
683 2344 800 2408 parvus
817 2322 870 2386 hic
887 2323 970 2408 ignis
988 2324 1095 2388 incen-

86 2411 148 2481 dium
165 2418 280 2504 ingens
298 2417 489 2482 exsuscitet?

129 2512 206 2577 1111.
241 2511 343 2576 Pauci
366 2533 403 2578 ac
425 2511 524 2576 ferme
546 2513 683 2599 optimus
706 2512 840 2597 quisque
862 2511 1015 2577 Hannoni
1040 2510 1096 2575 ad·
1115 2531 1127 2577 1

83 2606 290 2683 sentiebantur,
310 2606 380 2684 sed,
399 2616 435 2672 ut
451 2607 636 2692 plerumque
653 2607 703 2684 fit,
726 2607 826 2672 maior
842 2629 917 2694 pars
934 2605 1095 2671 meliorem

82 2696 146 2764 vicia
171 2700 289 2764 missus
299 2699 462 2766 Hannibal
474 2701 509 2765 in
520 2700 710 2786 Hispaniam
723 2701 824 2786 primo
839 2701 944 2765 statim
958 2701 1096 2765 adventu

80 2808 186 2858 ornnem
210 2794 382 2859 exercitum
403 2795 437 2859 in
460 2818 494 2860 se
517 2796 683 2861 convertit:
710 2795 925 2861 Hamilcarem
947 2797 1094 2860 iuvenem
1113 2814 1128 2861 2

80 2887 218 2952 redditum
236 2887 298 2953 eibi
314 2898 437 2954 veteres
454 2889 569 2954 milites
588 2889 728 2967 credere,
752 2890 887 2955 eundem
904 2891 1046 2976 vigorem
1063 2889 1096 2954 in
1211 2896 1217 2906 '

80 2980 152 3046 rultu
163 2983 292 3066 vimque
304 2983 337 3046 in
351 2983 460 3062 oculis,
478 2983 622 3049 habitum
635 2985 697 3050 oris
710 2983 960 3068 lineamentaque
972 2985 1095 3051 intueri.

80 3071 137 3140 lein
152 3075 242 3141 brevi
259 3076 377 3154 effecit,
400 3087 436 3142 ut
452 3088 541 3163 pater
558 3079 591 3143 in
609 3101 643 3143 se
661 3078 826 3143 minimum
843 3087 1038 3144 momentum
1055 3077 1096 3143 ad

80 3165 204 3236 bvorem
222 3171 452 3236 conciliandum
470 3182 562 3237 esset
590 3195 761 3257 numquam
779 3174 940 3260 ingenium
957 3173 1042 3237 idem
1055 3170 1096 3235 ad
1114 3193 1129 3238 3

80 3284 115 3329 es
131 3265 377 3343 diversissimas,
399 3266 574 3353 parendum
592 3276 686 3351 atque
703 3267 935 3353 imperandum,
959 3265 1094 3331 habilius

80 3356 132 3423 icit.
165 3359 273 3442 itaque
290 3359 368 3424 haut
385 3358 478 3426 facile
496 3362 705 3439 discerneres,
728 3373 837 3428 utrum
858 3362 1038 3448 imperatori
1055 3383 1096 3426 an

80 3453 214 3517 uescitui
231 3453 333 3519 carior
350 3464 447 3519 esset:
469 3478 573 3540 neque
589 3455 774 3521 Hasdrubal
792 3456 889 3521 alium
906 3478 1096 3541 quemquam
1114 3476 1130 3522 4

80 3547 229 3614 uaeficere
256 3547 364 3626 malle,
392 3547 447 3614 ubi
473 3551 549 3634 quid
576 3550 699 3616 fortiter
725 3572 762 3616 ac
790 3560 914 3616 strenue
938 3549 1097 3636 agendum

80 3652 158 3721 sset,
186 3664 292 3726 neque
310 3643 424 3708 milites
447 3645 509 3709 alio
528 3645 608 3710 duce
624 3645 697 3731 plus
721 3645 876 3710 confidere
898 3653 952 3708 aut
971 3643 1094 3708 audere.

80 3736 232 3804 lurimum
245 3737 397 3803 audaciae
410 3739 451 3803 ad
463 3740 603 3825 pericula
615 3735 818 3826 capessenda,
837 3739 1007 3825 plurimum
1021 3760 1097 3803 con-

80 3832 116 3900 lii
135 3832 222 3898 inter
238 3833 310 3918 ipsa
325 3834 465 3918 pericula
482 3844 557 3900 erat.
592 3835 678 3899 nullo
696 3835 803 3900 labore
821 3844 875 3899 aut
893 3855 1006 3919 corpus
1024 3833 1097 3899 fati·
1118 3851 1133 3896 5

80 3930 122 3997 ari
141 3937 204 3997 aut
220 3927 346 3994 animus
363 3929 448 3994 vinci
464 3939 595 4015 poterat
622 3930 734 3996 caloris
747 3951 785 3994 ac
801 3928 928 4014 frigoris
945 3928 1095 4014 patientia
1113 3946 1128 3996 6

80 4050 122 4107 ιτ,
155 4021 227 4091 cibi
252 4023 453 4110 potionisque
479 4025 634 4092 desiderio
660 4023 807 4103 naturali,
839 4046 902 4089 non
933 4024 1094 4110 voluptate

889 4124 924 4178 10
