2528 4530
148 259 211 327 182
361 267 481 324 LIBER
497 265 627 337 XXIIII,
646 265 747 323 18.19.
766 267 845 335 [au.
855 281 881 322 c.
892 263 958 337 540]

119 496 125 502 ,
144 432 323 512 tionemque
341 447 396 490 eos
414 425 566 491 adversus
584 446 652 489 rem
669 423 829 509 publicam
845 424 1011 503 habuisse,
1030 446 1097 510 quo
1112 461 1114 479 ‹

110 547 126 595 5
144 524 262 589 iuratio,
275 519 468 586 deserendae
484 517 596 585 Italiae
613 539 711 583 eausa
727 518 826 585 fieret
870 519 1049 584 secundum
1066 541 1114 585 eos

144 618 201 683 tati
217 615 313 680 nimis
330 613 435 679 callidi
451 612 635 679 exsolvendi
656 613 732 677 iuris
754 612 879 679 iurandi
899 614 1102 700 interpretes,

144 711 339 798 captivorum
362 729 403 773 ex
423 708 535 773 itinere
555 707 692 793 regressi
709 707 792 772 olam
812 708 847 771 in
868 716 973 773 castra
990 707 1114 773 Hannil

110 829 127 878 a
145 805 297 883 solutum,
325 801 411 886 quod
427 802 606 866 iuraverant
622 801 791 879 redituros,
816 801 978 868 rebantur.
1020 801 1073 867 his
1091 825 1114 868 st

143 898 341 982 rioribusque
357 896 419 961 illis
442 897 515 979 equi
532 895 666 981 dempti,
693 896 747 979 qui
764 894 927 981 publicum
949 917 1069 980 equum
1085 896 1114 961 hs

107 993 235 1070 abant,
262 991 407 1075 tribuque
433 990 512 1055 moti
537 989 638 1055 aerari
663 1012 773 1055 omnes
803 989 889 1055 facti.
938 1012 1043 1076 neque
1069 1013 1114 1057 ser

143 1088 307 1164 modoaut
320 1084 458 1169 equestri
470 1085 579 1150 ordine
591 1085 731 1170 regendo
744 1107 819 1149 cura
832 1107 867 1150 se
881 1107 1050 1151 censorum
1067 1096 1114 1153 ten

142 1182 272 1247 nomina
297 1179 438 1246 omnium
465 1201 505 1244 ex
530 1179 687 1244 iuniorum
713 1179 829 1244 tabulis
856 1190 1094 1266 excerpserunt,

114 1332 117 1337 .
143 1274 348 1361 quadriennio
370 1296 434 1339 non
456 1273 657 1351 militassent,
685 1273 800 1356 quibus
822 1295 926 1358 neque
947 1276 1072 1341 vacatio
1096 1277 1114 1339 ir

109 1372 273 1440 amilitiae
299 1391 402 1452 neque
428 1366 559 1434 morbus
586 1389 683 1433 causa
708 1367 830 1433 fuisset.
884 1379 917 1434 et
938 1391 977 1434 ea
998 1393 1114 1456 supra*

144 1466 232 1531 milia
256 1464 420 1529 nominum
445 1462 480 1527 in
505 1461 642 1528 aerarios
667 1461 766 1526 relata
792 1460 939 1546 tribuque
960 1485 1071 1530 omnes
1091 1486 1114 1527 m

110 1559 348 1642 oadditumque
375 1567 439 1622 tam
466 1557 613 1622 taetricae
640 1556 800 1622 censoriae
825 1565 919 1623 notae
940 1558 1031 1622 triste
1053 1580 1114 1623 sens

144 1651 337 1730 consultum,
356 1662 392 1716 ut
409 1652 439 1717 ei
456 1673 580 1729 omnes,
599 1672 679 1735 quos
693 1672 839 1717 censores
853 1660 1027 1729 notassent,
1046 1652 1114 1738 pedi

144 1755 300 1813 mererent
321 1747 579 1830 mitterenturque
601 1747 635 1810 in
658 1743 799 1811 Siciliam
825 1745 866 1811 ad
890 1745 1069 1813 Cannensis
1091 1769 1114 1811 er

146 1843 226 1907 citus
244 1841 405 1924 reliquias,
426 1840 476 1905 cui
493 1841 628 1904 militum
641 1840 749 1926 generi
762 1861 825 1905 non
839 1840 937 1926 prius,
956 1862 1052 1925 quam
1068 1839 1114 1927 pul

144 1935 237 2001 Italia
254 1934 353 1999 hostis
372 1945 469 2012 esset,
488 1934 611 1999 finitum
629 1935 855 2020 stipendiorum
873 1944 999 2021 tempus
1018 1945 1091 2002 erat

94 2052 127 2099 1ο
213 2027 297 2094 Cum
315 2050 460 2094 censores
482 2029 525 2094 ob
545 2029 684 2114 inopiam
707 2030 808 2094 aerari
829 2052 865 2096 se
886 2031 949 2094 iam
971 2028 1114 2097 locationi

145 2123 337 2190 abstinerent
372 2125 498 2190 aedium
538 2146 698 2189 sacrarum
737 2123 921 2189 tuendarum
962 2125 1114 2190 curulium

95 2241 125 2287 11
146 2241 299 2303 equorum
316 2219 566 2305 praebendorum
584 2240 622 2284 ac
640 2218 789 2283 similium
802 2219 852 2283 his
865 2241 985 2297 rerum,
1005 2240 1114 2285 conver

145 2315 186 2379 ad
207 2336 262 2381 eos
284 2313 465 2399 frequentes
487 2314 543 2398 qui
564 2314 674 2379 hastae
696 2313 789 2379 huius
812 2314 936 2400 generis
959 2315 1114 2380 adsuerat:

143 2408 323 2494 hortarique
346 2431 508 2486 censores,
535 2417 571 2473 ut
593 2408 698 2473 omnia
719 2409 849 2494 perinde
870 2418 1014 2494 agerent,
1041 2408 1114 2475 locat

143 2525 181 2567 ac
205 2503 233 2569 si
250 2503 389 2591 'pecunia
409 2504 443 2569 in
465 2503 585 2568 aerario
608 2511 706 2568 esset:
737 2502 895 2568 neminem
917 2502 980 2568 uisi
1001 2502 1084 2569 bello
1103 2522 1114 2566 r

94 2615 126 2663 11
144 2595 229 2662 fecto
259 2597 425 2683 pecuniam
456 2596 497 2677 ab
524 2597 644 2662 aerario
669 2596 840 2683 petiturum
870 2617 951 2662 esse.
1005 2618 1114 2662 conver

144 2689 257 2755 deinde
267 2690 385 2755 domini
394 2713 517 2770 eorum,
535 2713 615 2776 quos
630 2690 680 2756 Ti.
691 2687 896 2777 Sempronius
910 2690 1114 2758 adBenevent

144 2805 242 2848 manu
267 2784 426 2864 emiserat,
456 2785 686 2869 arcessitosque
708 2807 744 2850 se
766 2784 806 2850 ab
828 2779 999 2852 triumviris
1025 2807 1114 2851 mens

145 2898 216 2941 esse
234 2877 392 2957 dixerunt,
411 2890 445 2945 ut
462 2880 562 2966 pretia
579 2901 741 2945 servorum
754 2879 945 2965 acciperent:
963 2888 1114 2945 ceterum]

95 2992 127 3039 13
145 2981 216 3036 ante
234 2993 331 3054 quam
347 2971 430 3040 bello
448 2973 592 3040 confecto
610 2983 794 3059 accepturos
818 2995 898 3039 esse.
942 2995 1016 3039 cum
1036 2975 1107 3040 haer

145 3065 270 3132 clinatio
292 3066 465 3133 animorum
491 3066 593 3154 plebis
616 3068 658 3133 ad
680 3068 896 3134 sustinendam
916 3068 1058 3154 inopiam
1078 3088 1114 3134 ao

144 3159 245 3239 fieret,
263 3162 415 3247 pecuniae
429 3183 554 3247 quoque
567 3162 737 3248 pupillares
750 3163 867 3248 primo,
885 3161 999 3228 deinde
1012 3163 1114 3228 viduas

95 3273 129 3322 14
145 3264 274 3340 coeptae
288 3256 435 3335 conferri,
454 3277 610 3340 nusquam
624 3278 677 3322 eas
691 3257 788 3323 tutius
803 3257 1004 3341 sanctiusque
1023 3257 1114 3344 depos

145 3348 343 3415 credentibus
369 3351 425 3434 qui
450 3349 634 3417 deferebant
658 3372 755 3435 quam
780 3351 814 3415 in
839 3349 967 3437 publica
987 3349 1062 3416 fide.
1103 3349 1115 3414 i

146 3442 174 3507 si
199 3440 276 3526 quid
302 3454 443 3531 emptum
468 3453 675 3531 paratumque
695 3445 824 3531 pupillis
846 3466 884 3510 ac
910 3443 1016 3509 viduis
1039 3444 1114 3511 foret

95 3556 129 3606 15
145 3547 311 3622 quaestore
327 3539 587 3626 perscribebatur.
614 3541 752 3605 manavit
770 3539 1019 3626 captivatorum
1037 3538 1114 3624 beniq

145 3641 194 3699 tas
212 3654 253 3699 ex
270 3632 348 3699 urbe
365 3634 459 3700 etiarn
480 3634 514 3699 in
536 3642 652 3711 castra,
679 3643 714 3698 ut
731 3656 795 3700 non
812 3655 925 3718 eques,
951 3655 1017 3699 uon
1039 3643 1114 3699 cent

147 3726 335 3812 stipendium
346 3728 499 3814 acciperet
507 3729 816 3812 mercennariumque
824 3728 1023 3814 increpantes
1032 3750 1114 3795 voca

146 3821 201 3904 qui
218 3822 401 3908 accepisset.

114 3932 130 3983 1
210 3915 359 3982 XVIIII.
405 3915 445 4000 Q.
464 3918 583 3984 Fabius
606 3918 716 3984 consul
738 3917 779 3983 ad
803 3915 980 3984 Casilinum
998 3928 1105 3985 casua

145 4006 255 4088 bebat,
273 4012 359 4095 quod
371 4012 468 4077 duum
482 4013 602 4079 milium
612 4004 847 4100 Campanorum
860 4021 892 4079 et
909 4012 1114 4101 septingenta
