2528 4530
293 275 410 331 arasa
427 274 556 345 xxva,
575 275 617 329 aa
631 275 673 328 aa
694 279 731 344 [a
743 275 845 346 caca]
1019 267 1085 334 355

67 460 92 502 eo
114 435 287 499 iusserunt.
332 453 370 496 ea
390 431 435 495 ita
456 431 562 496 futura
584 455 642 518 per
659 433 813 516 quosdam
831 434 990 503 Thurinos
1010 457 1120 507 con-s

67 539 145 595 terta
157 525 334 591 Hannibali
352 547 424 589 cum
442 535 562 603 essent,
580 525 675 590 mittit
693 527 733 590 ad
750 526 948 593 insidendam
966 529 1006 595 ab
1020 530 1085 595 Ta·

67 633 145 688 ento
167 619 263 686 viam.
306 619 352 683 ibi
374 620 433 684 sub
456 620 577 685 tumulo
593 620 736 685 Peteliae
754 621 814 686 tria
830 622 917 688 milia
934 623 1084 708 equitum,

67 718 118 782 luo
136 714 279 803 peditum
296 714 329 778 iu
347 714 470 779 occulto
487 714 604 791 locata;
622 713 655 778 iu
669 737 750 798 quae
762 715 959 803 inexplorato
974 730 1084 784 euntes
1103 741 1117 787 a

67 808 194 876 domani
212 830 285 873 curn
300 807 499 885 incidissent,
523 809 565 872 ad
582 809 645 873 duo
662 809 750 873 milia
768 823 958 877 armatorum
980 834 1084 893 caesa,

67 904 140 968 nille
159 914 191 969 et
209 901 362 988 quingent
362 925 373 965 1
349 901 537 966 t'ferme
507 901 572 966 vrvi
586 901 684 988 capti,
703 903 756 967 alii
769 904 925 992 dissupati
938 907 1015 994 fuga
1028 931 1086 994 per

67 988 151 1086 'agros
170 997 333 1080 saltusque
352 996 526 1060 Tarentum
543 997 675 1061 rediere.

120 1091 278 1157 Tumulus
292 1101 360 1155 erat
374 1090 550 1155 silvestris
541 1103 623 1155 mter
635 1091 758 1156 Punica
772 1103 804 1157 et
811 1092 958 1158 Romana
971 1105 1084 1172 castra,
1104 1116 1118 1161 ⁷

67 1188 99 1252 rb
111 1185 231 1252 neutris
245 1185 347 1271 primo
361 1196 542 1270 occupatus,
562 1185 636 1268 quia
648 1184 794 1263 Romani,
814 1187 915 1269 qualis
928 1211 1003 1274 pars
1017 1187 1084 1253 eius

67 1302 138 1364 quae
154 1290 301 1366 vergeret
319 1279 361 1343 ad
377 1279 516 1344 hostium
534 1290 638 1344 castra
654 1290 755 1357 esset,
772 1279 975 1366 ignorabant,
992 1283 1085 1346 Han-

67 1373 144 1440 ubal
159 1373 283 1438 insidiis
300 1394 396 1455 quam
414 1373 525 1437 castris
545 1373 697 1459 aptiorem
715 1396 787 1438 eum
805 1375 991 1440 crediderat.
1026 1375 1085 1441 ita·
1101 1395 1117 1443 8

68 1490 120 1554 pue
136 1479 229 1535 nocte
247 1468 289 1532 ad
304 1467 339 1532 id
355 1466 470 1532 missas
488 1467 608 1551 aliquot
620 1467 829 1533 Numidarum
842 1480 962 1534 turmas
979 1470 1084 1536 medio

68 1586 94 1628 ‚u
114 1564 196 1628 saltu
219 1561 416 1640 condiderat,
443 1583 578 1646 quorum
599 1560 735 1626 interdiu
761 1585 854 1628 nemo
882 1565 923 1629 ab
950 1564 1085 1631 statione

68 1659 251 1735 novebatur,
278 1678 319 1720 ne
342 1668 396 1720 aut
418 1679 505 1720 arma
527 1666 582 1719 aut
602 1655 664 1741 ipsi
685 1657 795 1742 procul
818 1658 1082 1744 conspicerentur.

68 1748 236 1816 tremebant
259 1749 356 1836 vulgo
382 1749 415 1813 in
437 1749 548 1814 castris
570 1748 739 1828 Romanis,
767 1753 986 1839 occupandum
1011 1772 1116 1818 eume

68 1846 213 1911 amulum
231 1866 303 1911 esse
321 1853 354 1910 et
370 1843 500 1909 castello
517 1845 720 1923 firmandum,
738 1868 793 1923 ne,
813 1847 840 1911 si
853 1848 1026 1934 occupatus
1045 1848 1086 1912 ab

68 1937 238 2005 Hannibale
265 1939 360 2014 foret,
393 1938 481 2002 velut
506 1937 540 2002 in
567 1939 742 2005 cervicibus
768 1940 922 2007 haberent
950 1942 1085 2008 hostem.

68 2034 156 2100 novit
172 2056 210 2099 ea
227 2055 278 2097 res
296 2031 500 2109 Marcellum,
524 2042 556 2096 et
578 2033 729 2120 conlegae
753 2034 843 2118 ‘quin
865 2035 961 2100 imus’
984 2036 1086 2120 iuquit
1105 2055 1136 2102 10

70 2127 133 2216 ipsi
150 2149 223 2193 curn
241 2125 399 2212 equitibus
416 2126 527 2212 paucis
546 2126 764 2212 exploratum?
791 2129 934 2193 subiecta
945 2152 997 2194 res
1011 2153 1086 2196 ocu-

68 2222 96 2288 is
113 2221 232 2289 nostris
251 2220 366 2287 certius
385 2220 473 2285 dabit
489 2221 675 2287 consilium.'
713 2222 921 2286 consentienti
936 2220 1084 2309 Crispino
1104 2242 1133 2287 11

68 2336 129 2382 arm
146 2316 305 2400 equitibus
324 2314 467 2380 ducentis
486 2326 518 2379 et
535 2314 662 2400 viginti,
687 2314 858 2398 exquibus
877 2315 1087 2401 quadraginta

68 2411 253 2498 lregellani,
280 2409 376 2474 ceteri
400 2409 531 2474 Etrusci
557 2420 659 2486 erant,
691 2408 940 2494 proficiscuntur.
986 2407 1086 2474 secuti
1106 2429 1136 2475 12

68 2505 174 2572 ribuni
196 2503 332 2568 militum
348 2502 396 2567 M.
415 2502 589 2566 Marcellus
613 2502 751 2567 consulis
773 2501 856 2566 filius
881 2512 912 2567 et
928 2503 972 2566 A.
990 2501 1086 2566 Man-

68 2600 133 2678 ius,
161 2597 257 2663 simul
277 2608 311 2662 et
332 2597 395 2662 duo
416 2595 569 2683 praefecti
592 2595 712 2661 socium
735 2595 776 2660 L.
795 2595 951 2660 Arrenius
974 2605 1006 2660 et
1025 2594 1084 2659 Μ’.

68 2693 184 2760 lulius.
228 2691 409 2756 immolasse
436 2711 474 2754 eo
501 2689 553 2754 die
574 2689 703 2772 quidam
725 2689 892 2776 prodidere
914 2688 1084 2755 memoriae
1105 2710 1135 2757 13

68 2789 222 2856 bnsulem
242 2786 447 2864 Marcellum,
475 2796 507 2850 et
526 2783 630 2870 prima
656 2784 762 2850 hostia
785 2805 880 2850 caesa
905 2785 993 2850 iecur
1019 2784 1087 2850 siue

68 2883 160 2970 apite
178 2881 355 2959 inventum,
377 2881 412 2945 in
430 2880 570 2945 secunda
586 2876 692 2944 omnia
710 2879 915 2966 conparuisse
932 2902 1014 2963 quae
1032 2879 1088 2944 ad-

71 2979 176 3055 olent,
200 2989 327 3041 auctum
345 2974 440 3041 etiam
456 2973 560 3038 visum
577 2972 612 3037 in
629 2973 745 3060 capite,
768 2996 826 3039 nec
843 2975 877 3039 id
896 2997 972 3040 sane
993 2974 1088 3038 haru-
1107 2994 1139 3040 14

70 3072 137 3161 pici
162 3070 336 3157 placuisse,
369 3069 455 3154 quod
481 3069 655 3134 secundum
682 3080 793 3133 trunca
818 3081 851 3134 et
881 3068 985 3153 turpia
1015 3079 1089 3131 exta

68 3166 151 3232 rimis
170 3165 254 3230 laeta
272 3163 502 3251 apparuissent.

121 3259 274 3328 XXVII.
312 3257 464 3324 Ceterum
481 3257 644 3322 consulem
655 3254 845 3320 Marcellum
862 3264 950 3319 tanta
966 3251 1087 3338 cupidi·
1108 3273 1121 3318 r

69 3378 106 3422 as
125 3354 255 3421 tenebat
273 3351 443 3418 dimicandi
460 3373 532 3415 cum
548 3349 745 3427 Hannibale,
768 3359 803 3412 ut
820 3368 992 3431 numquam
1011 3346 1088 3411 satis

69 3460 165 3517 astra
185 3447 297 3514 castris
320 3447 444 3512 conlata
466 3445 616 3510 crederet
661 3455 729 3508 tum
751 3463 874 3526 quoque
896 3440 980 3506 vallo
998 3463 1089 3528 egre·
1106 3460 1121 3506 a

69 3542 195 3612 licus
170 3566 297 3654 srguum
314 3541 414 3620 dedit,
436 3552 471 3606 ut
489 3542 530 3606 ad
546 3540 651 3605 locum
668 3538 760 3603 miles
778 3547 865 3602 esset
880 3545 1024 3622 paratus,
1042 3547 1087 3611 ut,

69 3639 86 3706 d
108 3638 231 3706 collis
221 3661 255 3702 ru
273 3659 368 3721 quem
386 3636 583 3722 speculatum
600 3633 683 3698 irent
698 3631 884 3721 placuisset,
907 3651 985 3694 vasa
1002 3627 1089 3694 colli·

69 3743 173 3823 gerent
190 3743 223 3799 et
240 3742 456 3815 sequerentur.
501 3729 651 3816 exiguum
673 3727 776 3813 campi
794 3736 866 3790 ante
885 3734 989 3789 castra
1007 3732 1087 3798 erat3
1107 3740 1122 3787 3

69 3828 165 3894 nde
154 3852 188 3893 ru
212 3825 325 3892 collem
347 3836 457 3911 aperta
476 3823 616 3907 undique
639 3832 671 3886 et
691 3831 862 3906 conspecta
883 3819 1006 3883 ferebat
993 3816 1087 3882 tvia.

69 3922 206 3988 Tumidis
226 3921 415 4031 speculator,
437 3939 637 4003 nequaquam
654 3916 688 3980 in
706 3938 796 4003 spem
813 3925 919 3978 tantae
936 3911 983 3977 rei
1003 3910 1089 3998 posi·

69 4038 126 4095 ns,
146 4014 249 4082 sed
223 4038 251 4080 sr
269 4036 348 4098 quos
367 4035 467 4101 vagos
484 4011 593 4099 pabuli
612 4022 667 4076 aut
683 4010 841 4097 lignorum
854 4029 950 4073 causa
963 4004 1089 4092 longius

861 4109 913 4164 23.
