2528 4530
305 278 423 332 urana
440 279 561 350 xxvn,
581 280 623 334 12.
639 279 680 343 ra
701 277 850 350 [aeaco]
1028 271 1093 336 339

87 437 162 502 tellus
183 435 276 513 vidit,
304 434 588 502 duodevicesimam
610 435 765 523 legionem
786 435 820 500 in
841 435 975 522 primam
992 438 1092 503 aciem

85 531 191 595 inducit.
236 529 313 593 dum
339 529 391 592 alii
418 529 530 615 trepidi
556 529 684 608 cedunt,
712 530 763 595 alii
788 531 925 618 segniter
946 529 1089 609 subeunt,
1110 558 1143 606 15

85 624 187 689 turbata
205 632 270 689 tota
287 623 370 688 acies
390 632 451 700 est,
479 624 551 688 dein
567 646 680 710 prosus
703 623 793 703 fusa,
821 635 852 690 et
868 624 1012 690 vincente
1032 648 1091 711 pu-

83 718 172 782 dorem
188 729 275 782 metu
293 727 381 802 terga
398 717 524 782 dabant.
565 718 704 782 cecidere
722 717 754 781 in
771 741 878 805 pugna
895 718 1034 805 fugaque
1052 718 1092 784 ad
1111 736 1142 784 16

83 813 230 878 duomilia
247 823 279 877 et
296 810 485 898 septingenti
503 811 617 876 civium
637 812 866 896 sociorumque,
894 811 984 878 iniis
1003 823 1093 897 qnat-

83 922 137 972 tuor
144 907 279 972 Romani
294 907 504 983 centuriones,
523 906 585 971 duo
599 905 716 971 tribuni
728 905 875 984 militum,
890 905 937 971 M.
947 907 1091 972 Licinius

84 1008 105 1063 ot
120 998 164 1064 M.
186 999 333 1064 Helvius.
378 999 470 1086 signa
494 998 638 1064 militaria
664 1007 810 1082 quattuor
835 999 874 1063 de
900 998 964 1076 ala,
991 1000 1092 1086 prima
1111 999 1144 1066 ld

84 1115 147 1177 quae
162 1093 259 1180 fugit,
287 1093 350 1156 duo
372 1093 412 1157 de
434 1091 570 1178 legione,
598 1114 678 1176 quae
701 1091 882 1157 cedentibus
906 1092 999 1158 sociis
1022 1115 1093 1158 suc·

85 1197 216 1264 cesserat,
236 1186 361 1250 amissa.

132 1280 227 1345 XIII.
281 1279 466 1357 Marcellus,
492 1288 659 1364 postquam
685 1278 718 1343 in
745 1287 847 1344 castra
872 1279 1007 1345 reditum
1033 1288 1089 1357 est,
1111 1301 1124 1347 1

86 1375 243 1440 mationem
265 1374 344 1439 adeo
367 1395 493 1438 saevam
520 1383 614 1456 atque
637 1372 781 1438 acerbam
803 1381 879 1458 aput
900 1372 1014 1438 milites
1036 1372 1093 1438 ha-

85 1465 147 1546 buit,
167 1479 203 1532 ut
219 1468 338 1552 proelio
354 1489 412 1552 per
428 1467 511 1531 diem
529 1475 629 1531 totum
646 1465 811 1531 infeliciter
828 1466 957 1531 tolerato
975 1467 1091 1532 tristior

84 1561 182 1627 lsirati
204 1562 293 1625 ducis
316 1561 413 1625 oratio
436 1568 528 1625 esset.
574 1559 636 1624 ‘dis
658 1558 899 1638 immortalibus,
927 1560 1016 1624 utin
1037 1559 1125 1628 talia

85 1674 118 1732 re,
132 1655 237 1720 laudes
255 1652 434 1741 gratesque’
451 1653 552 1738 inquit
570 1659 660 1740 ‘ago,
683 1655 768 1738 quod
784 1653 884 1719 victor
901 1654 1000 1719 hostis
1018 1676 1091 1720 oum

85 1754 151 1814 tanto
166 1771 283 1835 pavore
305 1747 513 1813 incidentibus
536 1746 625 1812 vobis
648 1747 681 1811 in
702 1747 820 1812 vallum
841 1757 1010 1833 portasque
1027 1771 1091 1813 non

85 1838 136 1924 ipsa
158 1853 261 1909 castra
288 1852 336 1907 est
363 1843 546 1929 adgressus:
574 1841 791 1907 deseruissetis
816 1841 958 1928 profecto
980 1843 1091 1907 eodem

84 1942 179 2003 terrore
197 1946 312 2014 castra,
331 1959 393 2021 quo
412 1936 560 2002 omisistis
578 1959 727 2024 pugnam.
772 1938 827 2021 qui
842 1959 942 2023 pavor
957 1936 1018 2016 hio,
1037 1938 1092 2021 qui
1111 1960 1125 2006 a

82 2035 173 2110 terror,
202 2054 283 2116 quae
300 2041 441 2118 repente,
468 2032 522 2114 qui
541 2041 660 2096 etcum
679 2032 793 2116 quibus
812 2033 1009 2120 pugnaretis,
1036 2032 1093 2098 ob-

80 2117 138 2192 livio
163 2127 285 2192 animos
312 2125 415 2211 cepit?
448 2147 562 2212 nempe
587 2126 671 2190 idem
699 2136 772 2189 snnt
796 2125 829 2189 hi
855 2126 977 2204 hostes,
1012 2149 1091 2210 quos

80 2219 217 2287 ducendo
244 2229 275 2284 et
300 2221 400 2285 victos
427 2219 586 2304 sequendo
617 2219 753 2304 priorem
783 2229 934 2284 aestatem
964 2219 1092 2284 absum-

80 2316 184 2394 tsistis,
204 2314 319 2399 quibus
334 2315 401 2379 dies
419 2324 589 2397 noctesque
606 2311 800 2398 fugientibus
818 2334 875 2398 per
890 2312 949 2376 hos
964 2311 1091 2376 diesin·
1110 2333 1126 2378 4

80 2409 201 2487 titistis,
229 2430 309 2493 quos
335 2407 458 2473 levibus
484 2406 611 2493 proeliis
638 2405 810 2492 fatigastis,
841 2427 921 2490 quos
946 2405 1091 2470 hesterno

80 2496 113 2569 lie
128 2524 190 2568 nec
206 2503 266 2566 iter
283 2502 386 2566 facere
404 2522 463 2566 nec
485 2511 587 2565 castra
608 2521 724 2585 ponere
745 2499 831 2584 passi
853 2499 938 2573 estis.
983 2498 1091 2562 omitto
1110 2520 1126 2568 5

80 2619 112 2676 a,
140 2597 256 2682 quibus
283 2596 410 2682 gloriari
436 2595 581 2681 potestis3
613 2595 702 2658 cuius
729 2603 760 2657 et
785 2592 885 2678 ipsius
911 2591 1028 2678 pudere
1054 2615 1092 2657 ac

82 2693 221 2758 aenitere
247 2713 304 2755 vos
333 2699 467 2776 oportet,
493 2689 636 2753 referam.
681 2710 794 2774 nempe
816 2686 924 2772 aequis
946 2685 1092 2753 manibus

81 2795 207 2851 esterno
227 2786 277 2850 die
295 2784 461 2849 diremistis
479 2806 628 2869 pugnam.
664 2782 740 2867 quid
756 2782 835 2847 haec
852 2805 929 2861 nox,
949 2781 1025 2867 quid
1042 2781 1093 2848 hic
1112 2802 1126 2850 6

80 2882 129 2947 ies
158 2880 286 2945 attulit?
320 2889 442 2945 vestrae
471 2881 499 2942 is
527 2878 636 2963 copiae
665 2878 836 2944 inminutae
860 2887 932 2943 sunt
958 2902 998 2944 an
1024 2877 1093 2944 illo-

80 2998 130 3041 rm
150 2975 280 3039 auctae?
313 2996 378 3038 non
400 2973 545 3057 equidem
567 2972 643 3036 mihi
666 2994 738 3037 curn
760 2972 898 3038 exercitu
919 2996 990 3038 meo
1007 2971 1094 3057 loqui

80 3071 171 3136 ideor
188 3090 247 3133 nec
264 3090 337 3133 cum
355 3067 506 3134 Romanis
524 3066 690 3146 militibus3
714 3089 844 3153 corpora
861 3076 982 3132 tantum
1000 3075 1093 3149 atque

80 3185 150 3230 rma
178 3172 251 3227 sunt
277 3162 396 3227 eadem.
451 3185 506 3239 an,
543 3162 570 3226 si
596 3162 724 3226 eosdem
750 3162 871 3226 animos
893 3159 1126 3237 habuissetis?

80 3280 152 3346 erga
179 3267 284 3321 vestra
311 3257 442 3321 vidisset
467 3256 582 3334 hostis,
619 3255 710 3342 signa
736 3254 829 3319 alicui
855 3253 1013 3339 manipulo
1039 3264 1094 3317 aut

80 3350 185 3420 shorti
219 3349 424 3416 abstrdisset?
466 3351 569 3415 adhuc
604 3349 703 3414 caesis
734 3347 911 3435 legionibus
942 3347 1094 3412 Romanis

80 3445 271 3523 loriabatur3
293 3467 350 3510 vos
368 3444 414 3509 illi
431 3443 581 3509 hodierno
599 3444 649 3508 die
667 3443 802 3529 primum
820 3440 922 3527 fugati
939 3440 1093 3506 exercitus

80 3539 196 3607 edistis
218 3539 334 3603 decus?
378 3538 495 3603 clamor
515 3538 589 3603 inde
611 3547 712 3614 ortus,
740 3547 775 3600 ut
796 3536 921 3600 veniam
943 3535 1010 3599 eius
1033 3533 1128 3598 diei8

80 3644 171 3712 aret3
211 3632 267 3698 ubi
301 3631 394 3696 vellet
429 3632 541 3696 deinde
577 3630 768 3717 experiretur
797 3629 931 3694 militum
966 3649 1095 3692 suorum

80 3731 197 3795 nimos.
243 3732 317 3812 ‘ego
334 3748 409 3791 vero
428 3725 593 3812 experiar,’
614 3724 715 3808 inquit
733 3722 876 3800 ‘milites,
905 3731 935 3787 et
951 3743 1008 3786 vos
1027 3742 1095 3784 cra-

80 3825 147 3889 tino
166 3821 218 3887 die
235 3820 267 3885 in
286 3820 386 3884 aciem
404 3821 550 3897 educam,
578 3828 613 3883 ut
634 3817 767 3883 victores
785 3818 889 3903 potius
908 3837 1003 3899 quarn
1020 3814 1095 3879 victi

81 3918 192 3984 eniam
216 3915 388 4000 impetretis
415 3936 510 3999 quam
532 3912 656 3999 petitis?
700 3911 878 3977 cohortibus
901 3932 982 3995 quae
1004 3907 1129 3996 signas

80 4012 250 4087 miserant,
277 4009 428 4074 hordeum
447 4008 514 4074 dari
534 4008 625 4073 iussit
647 4007 905 4091 centurionesque
922 4003 1097 4091 manipulo-

866 4106 927 4160 ᾗῇ
