2528 4514
204 253 268 320 386
435 262 555 317 urnae
571 260 716 332 axum,
734 260 760 315 a.
773 258 798 315 4.
819 262 895 332 [aa.
907 261 1007 331 essu

203 435 276 490 rant
298 423 340 487 ad
360 444 486 486 murum
509 419 627 496 scalas,
651 418 706 483 alii
722 417 820 485 furcis
839 418 881 482 ad
896 418 933 483 id
948 418 1058 505 ipsum
1074 420 1161 486 factis
1175 422 1214 487 de

205 518 425 593 trudebantur,
455 515 490 579 in
515 514 595 579 alios
621 511 690 600 lupi
717 534 854 600 superne
880 513 979 579 ferrei
1004 513 1126 594 iniecti,
1148 516 1217 581 utit

204 611 344 700 periculo
375 619 497 687 essent,
532 630 573 673 ne
605 607 753 694 suspensi
779 607 812 672 iu
837 630 965 673 murum
991 610 1216 676 araneam.

170 707 291 790 squod
315 704 372 770 ubi
398 703 619 769 animadvertit
646 700 769 790 Scipio,
800 702 900 768 nimia
924 704 1090 790 paucitate
1115 728 1218 772 sucrnn

205 810 415 884 exaequatum
443 809 603 864 certamen
629 821 700 863 csse
727 809 760 864 et
785 798 849 863 iam
876 821 914 864 eo
941 821 1100 886 superare
1120 801 1219 867 bosun

206 895 291 980 quod
317 916 357 958 ex
379 915 469 959 muro
490 903 662 980 pugnaret,
690 892 813 958 duabus
836 892 930 958 simul
950 894 1117 980 partibus,
1141 895 1219 982 prinu

171 1010 186 1057 9
204 1000 346 1075 recepta,
368 990 480 1053 urbem
497 998 547 1052 est
565 987 747 1072 adgressus.
792 1007 873 1070 quae
894 1009 947 1053 res
971 1000 1101 1053 tantum
1117 988 1219 1077 pavoris

204 1083 312 1148 iniecit
333 1082 429 1148 fessis
451 1081 515 1146 iam
533 1102 605 1145 eum
627 1079 737 1166 primis
759 1081 948 1167 pugnando,
978 1092 1017 1147 ut
1037 1094 1073 1148 et
1093 1081 1220 1171 oppidani

203 1177 330 1242 moenia
346 1176 512 1263 repentina
528 1176 607 1261 fuga
625 1176 808 1239 desererent
823 1185 856 1240 et
868 1174 1032 1241 Punicum
1049 1177 1221 1263 praesidium

205 1284 305 1349 metu,
328 1293 369 1336 ne
385 1270 512 1358 prodita
528 1270 605 1335 urbs
623 1282 722 1348 esset,
745 1269 862 1335 relictis
881 1270 1078 1337 stationibus
1096 1272 1130 1338 in
1144 1294 1221 1337 unuin

157 1379 189 1427 10
208 1389 243 1431 se
262 1365 434 1451 colligeret.
462 1364 555 1429 timor
572 1363 646 1428 inde
664 1363 841 1450 oppidanos
859 1364 1006 1443 incessit,
1024 1388 1083 1444 ne,
1103 1365 1131 1432 si
1141 1364 1221 1431 hostis

204 1461 317 1524 urbem
332 1459 497 1535 intrasset,
524 1456 590 1523 sine
609 1454 836 1545 di[scrimine],
858 1458 991 1525 Poenus
1015 1483 1060 1524 an
1077 1460 1222 1547 Hispanus

155 1569 185 1616 11
205 1564 304 1631 esset,
328 1552 414 1619 obvii
430 1553 552 1638 passim
569 1553 790 1631 caederentur3
818 1562 912 1636 atque
929 1555 1099 1640 patefacta
1112 1563 1223 1641 repente

203 1659 296 1733 porta
316 1647 499 1730 frequentes
518 1669 558 1711 ex
576 1646 693 1733 oppido
712 1668 784 1712 sese
801 1647 977 1726 eiecertmt,
1001 1659 1098 1715 scuta
1112 1671 1183 1735 prae
1196 1668 1222 1713 se

204 1752 362 1819 tenentes,
381 1764 422 1806 ne
435 1741 499 1806 tela
511 1741 622 1827 procul
641 1741 845 1820 obicerentur,
864 1742 994 1808 dextras
1012 1745 1119 1810 nudas
1137 1755 1223 1810 osten-

154 1852 184 1899 12
204 1849 322 1915 tantas,
345 1847 381 1901 ut
398 1837 522 1922 gladios
547 1836 701 1902 abiecisse
724 1849 899 1924 appareret.
942 1838 979 1902 id
999 1850 1112 1905 utrum
1130 1860 1223 1927 parum

205 1953 245 1995 ex
270 1930 437 1996 intervallo
464 1931 506 1996 sit
527 1942 732 2017 conspectum
754 1955 795 1996 an
818 1931 910 1996 dolus
932 1932 1051 2017 aliquis
1077 1944 1224 2023 suspectu

203 2024 311 2101 fuerit,
339 2024 558 2110 inconpertum
583 2037 647 2092 est:
677 2025 816 2112 impetus
843 2025 968 2092 hostilis
994 2027 1031 2092 in
1059 2030 1223 2115 transfugas

155 2130 185 2178 13
204 2119 308 2183 factus
334 2141 394 2183 nec
421 2141 513 2184 secus
542 2141 637 2203 quam
660 2121 795 2186 adversa
817 2122 901 2186 acies
924 2143 1037 2201 caesa,
1068 2125 1223 2207 eademque

202 2225 295 2300 porta
313 2213 405 2300 signa
423 2215 538 2279 infesta
555 2216 627 2279 urbi
644 2216 751 2281 inlata.
783 2226 815 2281 et
829 2216 897 2282 aliis
911 2217 1060 2302 partibus
1080 2218 1223 2284 securibus

204 2308 405 2392 dolabrisque
432 2310 646 2374 caedebantur
666 2321 777 2396 portae
800 2321 832 2375 et
852 2321 887 2374 ut
908 2310 1048 2395 quisque
1070 2312 1222 2378 intraverat

203 2425 314 2488 eques,
348 2404 389 2467 ad
414 2402 519 2468 forum
545 2405 765 2490 occupandum
789 2405 887 2468 —ita
917 2405 1003 2470 enim
1036 2418 1221 2493 praeceptum

153 2518 185 2565 14
203 2508 313 2562 erat-
330 2497 425 2562 citato
448 2520 529 2581 equo
552 2499 716 2583 pergebat.
758 2498 900 2563 additum
921 2510 991 2563 erat
1009 2512 1045 2564 et
1064 2501 1220 2567 triariorum

202 2592 300 2675 equiti
327 2591 534 2678 praesidium,
566 2591 732 2676 legionarii
759 2603 879 2657 ceteras
910 2592 1012 2678 partis
1047 2595 1219 2682 pervadunt

203 2686 377 2771 direptione
400 2699 431 2750 et
453 2686 550 2750 caede
572 2686 752 2764 obviorum,
779 2686 842 2751 nisi
864 2687 917 2769 qui
934 2687 1036 2753 armis
1057 2712 1094 2755 se
1111 2688 1219 2755 tueban-

152 2799 183 2846 15
203 2790 262 2855 tur,
286 2779 514 2844 abstinuerunt.
561 2777 843 2866 Carthaginienses
866 2803 978 2847 omnes
1001 2781 1037 2846 in
1064 2781 1216 2848 custodiuu
1251 2824 1254 2839 ι

202 2871 268 2935 dati
287 2884 374 2950 sunt,
398 2874 629 2960 oppidanorum
646 2875 732 2939 mille
750 2875 864 2953 ferme,
888 2874 943 2959 qui
961 2875 1146 2943 clauserant
1163 2896 1217 2962 put-

152 2989 182 3035 16
204 2977 267 3043 tas3
296 2967 408 3032 ceteris
430 2968 579 3032 traditum
602 2969 769 3054 oppidum,
793 2991 868 3034 suae
885 2968 1033 3036 redditae
1052 2996 1116 3038 res.
1156 2966 1216 3034 ceti

202 3063 275 3126 dere
292 3062 326 3126 in
344 3062 431 3127 urbis
450 3063 517 3128 eius
537 3065 773 3149 oppugnatione
790 3062 930 3128 hostium
944 3064 1010 3130 duo
1025 3067 1117 3132 milia
1128 3067 1214 3135 ferne
1251 3112 1254 3125 ι

199 3159 417 3224 Romanorum
435 3159 521 3223 haud
538 3160 674 3244 amplius
692 3159 875 3245 nonaginta.

168 3272 179 3316 1
264 3253 345 3317 IIII.
381 3253 487 3318 Laeta
504 3264 535 3317 et
552 3254 646 3339 ipsis,
665 3253 805 3336 quirem
822 3275 967 3338 gessere,
986 3255 1081 3321 urbis
1099 3256 1161 3321 eius
1175 3272 1214 3315 a·
1252 3328 1254 3333 Ι

200 3346 352 3431 pugnatio
366 3346 440 3423 fuit,
459 3357 491 3411 et
503 3345 685 3433 imperatori
699 3358 866 3430 ceteroque
880 3346 1052 3427 exercitui,
1071 3360 1104 3416 et
1117 3344 1212 3434 spada
1251 3416 1254 3429 Ι

202 3461 272 3502 sum
294 3440 465 3504 adventum
488 3463 580 3505 suum
602 3442 764 3528 ingentem
786 3441 912 3505 turbam
934 3442 1136 3528 captivorum
1157 3454 1213 3527 put
1252 3486 1254 3491 ·

166 3555 181 3603 2
202 3556 236 3599 se
249 3546 380 3621 agentes
395 3536 547 3601 fecerunt
577 3534 685 3622 Scipio
700 3536 887 3603 conlaudato
901 3536 1001 3602 fratre
1016 3559 1102 3617 cum,
1120 3544 1212 3621 quantu
1251 3578 1254 3616 ς

199 3640 324 3714 poterat
336 3631 504 3695 verborum
520 3630 654 3708 honore,
675 3628 863 3716 Carthagini
876 3630 917 3694 ab
931 3653 968 3695 se
982 3643 1099 3718 captae
1111 3640 1212 3717 capua

166 3743 181 3789 3
200 3724 240 3787 ab
258 3747 296 3789 eo
311 3723 469 3809 Orongim
487 3734 669 3808 aequasset,
690 3725 763 3809 quia
780 3735 811 3789 et
830 3723 932 3789 hiems
950 3725 1108 3804 instabat,
1124 3736 1157 3789 ut
1169 3736 1212 3785 net

199 3828 353 3902 temptare
381 3817 482 3884 Gadis
513 3842 574 3885 nec
604 3820 771 3885 disiectum
802 3818 924 3904 passim
954 3842 1015 3906 per
1041 3816 1211 3907 provinciam

201 3912 371 3976 exercitum
397 3914 611 3979 Hasdrubalis
640 3913 814 3980 consectari
840 3926 966 4001 posset,
997 3914 1034 3980 in
1061 3912 1211 3980 citeriorem

165 4024 183 4070 4
200 4003 391 4089 Hispaniam
412 4008 514 4073 omnis
539 4031 613 4074 suas
637 4010 744 4095 copias
766 4007 894 4073 reduxit
910 4007 1117 4095 dimissisque
1132 4006 1161 4071 in
1174 3998 1211 4065 bi·
