2528 4514
139 223 213 291 ’240
380 232 498 289 LIBER
515 231 615 301 XXV,
633 231 676 297 22.
690 230 733 285 23.
753 231 831 297 [au
842 247 866 287 c.
876 230 940 301 542]

113 416 130 466 s
211 392 276 479 Ap.
297 391 451 458 Claudius
470 390 580 456 consul
596 388 641 454 D.
654 388 748 455 Iunio
765 388 807 453 ed
825 388 943 454 ostium
951 387 1061 455 Vultur

146 486 279 554 Aurelio
298 485 394 553 Cotta
410 484 552 553 Puteolis
570 484 765 570 praeposito,
783 484 852 568 qui,
871 492 907 551 ut
924 505 1061 569 quaeque

148 581 325 648 exEtruria
334 601 371 645 ac
381 576 528 647 Sardinia
537 579 758 656 accessissent,
777 576 938 664 extemplo
951 579 984 643 in
999 590 1061 645 cast

113 699 129 747 e
147 685 247 741 terent
264 674 470 750 frumentum,
489 673 558 757 ipse
576 673 617 739 ad
636 671 781 759 Capuam
797 694 964 758 regressus
983 672 1061 757 (Μ

147 770 301 856 collegam
313 767 432 837 invenit
442 766 576 835 Casilini
588 767 693 833 omnia
705 766 779 833 inde
791 776 986 853 portantem,
1004 769 1061 833 mol

115 864 190 933 rad
216 861 461 950 oppuguandam
489 858 643 947 Capuam.
696 870 764 924 tum
790 859 900 926 ambo·
915 860 1061 927 circumse

146 957 258 1025 urbem
284 966 315 1025 et
333 953 504 1025 Claudium
520 954 678 1027 Neronem
704 965 881 1041 praetorem
907 954 948 1021 ab
969 953 1061 1023 Suess

113 1076 130 1124 8
148 1052 333 1120 Claudianis
351 1049 462 1119 castris
476 1050 667 1119 exciverunt.
694 1051 722 1117 is
737 1072 873 1135 quoque,
892 1051 1016 1117 modico
1031 1051 1061 1117 ih

148 1148 228 1214 sidio
245 1146 287 1213 ad
309 1144 480 1215 tenendum
501 1144 606 1209 locum
628 1144 749 1223 relicto,
778 1145 889 1211 ceteris
913 1144 1059 1213 omnibus

146 1243 187 1308 ad
206 1240 353 1327 Capuam
378 1238 550 1309 descendit.
594 1239 638 1304 ita
664 1239 723 1303 tria
748 1239 905 1324 praetoria
932 1240 1015 1305 circa
1036 1239 1061 1307 C

147 1345 265 1414 erecta,
291 1343 355 1400 tres
377 1343 409 1398 et
431 1333 586 1399 exercitus
609 1332 741 1398 diversis
767 1332 910 1419 partibus
934 1356 1013 1421 opus
1038 1358 1061 1401 a

147 1431 236 1498 fossa
252 1429 398 1513 valloque
417 1428 610 1495 circumdare
632 1428 743 1494 urbem
765 1439 877 1514 parant
899 1439 932 1494 et
954 1430 1061 1497 castell

98 1548 128 1595 a
146 1536 214 1593 tant
239 1523 371 1593 modicis
397 1522 568 1588 intervallis
594 1523 764 1607 multisque
792 1523 886 1588 simul
911 1523 990 1591 locis
1012 1547 1061 1591 cur

77 1616 81 1629 ¹
147 1618 328 1686 bibentibus
342 1639 437 1703 opera
443 1615 616 1703 Campanis
629 1638 667 1682 eo
681 1626 796 1681 eventu
808 1629 961 1705 pugnant,
977 1628 1011 1685 ut
1021 1642 1061 1705 p<

97 1737 130 1785 ro
146 1715 245 1803 portis
272 1734 425 1797 muroque
452 1734 486 1777 se
513 1713 683 1777 contineret
710 1711 904 1798 Campanus.
958 1714 1050 1801 prius

146 1832 242 1895 quam
267 1807 347 1873 baec
369 1806 624 1873 continuarentur
645 1827 754 1892 opera,
781 1807 878 1894 legati
905 1809 947 1874 ad
968 1808 1061 1875 Ham

77 1962 79 1967 .
146 1903 250 1981 missi,
277 1901 332 1985 qui
349 1909 553 1985 quererentur
570 1901 727 1975 desertam
748 1900 846 1967 abeo
866 1900 1010 1988 Capuam
1030 1923 1061 1969 ar

145 1995 300 2062 redditam
317 1993 469 2063 Romanis
488 1992 792 2079 obtestarenturque,
811 2005 847 2059 ut
865 2005 941 2060 tunc
959 1997 1061 2065 saltem

145 2113 210 2156 non
235 2090 451 2159 circumsessis
474 2090 582 2167 modo,
611 2090 784 2155 sedetiam
807 2090 1061 2159 circumvallatio¹

96 2208 127 2254 11
146 2184 328 2251 consulibus
345 2184 467 2251 litterae
481 2208 501 2248 a
512 2183 551 2251 P.
564 2184 710 2251 Cornelio
725 2195 868 2271 praetore
882 2188 1011 2266 missae,
1027 2190 1061 2265 ull

144 2302 239 2364 quam
258 2279 439 2345 clauderent
458 2277 602 2365 Capuam
621 2279 784 2365 operibus,
802 2292 991 2367 potestatem
1005 2278 1061 2347 cu

77 2420 80 2425 -
144 2375 297 2453 iacerent,
324 2382 359 2440 ut
376 2374 432 2457 qui
449 2396 557 2443 eorum
575 2373 704 2453 vellent,
732 2374 853 2440 exirent
870 2399 890 2440 a
910 2375 1016 2463 Capua
1031 2388 1061 2435 ru

94 2490 126 2537 12
143 2491 194 2535 res
214 2491 322 2535 secum
343 2469 417 2534 inde
439 2468 570 2534 ferrent:
596 2467 712 2535 liberos
734 2469 802 2535 fore
827 2493 947 2555 suaque
970 2465 1061 2537 omnb-

144 2573 231 2629 turos
249 2563 304 2647 qui
322 2572 394 2630 ante
411 2563 483 2629 idus
501 2562 635 2629 Martias
655 2565 808 2642 exissent,
831 2577 904 2651 post
923 2590 991 2635 eam
1005 2561 1061 2627 den

144 2678 206 2741 que
246 2657 384 2722 exissent
419 2657 535 2740 quique
570 2657 614 2722 ibi
654 2658 845 2725 mansissent
883 2649 1061 2727 hostiumst

93 2769 125 2819 13
144 2771 283 2814 numere.
328 2772 366 2814 ea
387 2752 586 2834 pronuntiata
604 2750 776 2838 Campanis
803 2764 897 2837 atque
928 2756 972 2819 ita
992 2756 1061 2838 apsel!

94 2867 127 2914 14
144 2842 225 2908 ultro
249 2844 452 2909 contumelias
475 2845 613 2913 dicerent
639 2847 904 2932 mirarenturque.
949 2838 1061 2914 Hand·

143 2934 316 3002 Herdonea
333 2936 506 3005 Tarentum
524 2941 656 3009 duxerat
672 2941 813 3029 legiones
839 2965 895 3029 spe
914 2954 968 3009 aut
984 2940 1058 3007 visu

143 3031 224 3098 arcis
243 3031 430 3099 Tarentinae
456 3035 635 3119 potiundae.
682 3037 768 3123 quod
794 3036 850 3102 ubi
874 3061 986 3123 parum
1009 3042 1061 3122 prot

93 3151 125 3199 15
144 3126 184 3192 ad
201 3126 406 3195 Brundisium
432 3127 518 3193 flexit
543 3130 616 3207 iter,
647 3131 739 3217 prodi
760 3131 794 3196 id
815 3133 967 3218 oppidum
992 3140 1055 3203 rat*

143 3243 268 3305 quoque
294 3244 367 3287 cum
389 3222 506 3291 frustra
527 3234 640 3289 tereret
662 3234 801 3311 tempus,
834 3226 932 3313 legati
955 3225 1061 3308 Campo

143 3338 216 3380 eum
233 3326 385 3381 venerunt
401 3328 566 3400 querentes
585 3319 679 3383 simul
697 3331 894 3404 orantesque.
927 3306 1061 3405 quibusll

142 3406 195 3473 bal
212 3409 378 3495 magnifice
396 3413 570 3497 respondit,
599 3423 630 3478 et
651 3423 744 3479 antea
766 3435 800 3480 se
823 3415 958 3487 solvisse
980 3404 1061 3481 obsid

92 3528 124 3577 16
143 3511 174 3567 et
191 3525 274 3569 nunc
296 3505 467 3571 adveutum
489 3529 581 3573 suum
604 3509 750 3575 consules
768 3530 832 3577 nou
854 3509 983 3579 laturos.
1021 3522 1061 3570 cur

143 3619 199 3683 spe
217 3597 339 3663 dimissi
359 3599 456 3686 legati
478 3600 531 3665 vix
553 3602 677 3688 regredi
696 3599 842 3688 Capuam
863 3603 929 3685 iam
949 3596 1051 3689 duplici

141 3692 289 3775 valloque
308 3693 442 3761 cinctam
460 3706 640 3781 potuerunt.

109 3805 123 3852 1
205 3786 341 3853 XXIII.
387 3786 471 3857 Cum
488 3813 635 3859 maxume
653 3790 767 3878 Capua
783 3791 1061 3867 circumvallamur,

141 3902 323 3947 racusnrum
350 3885 542 3970 oppugnatio
568 3886 610 3955 ad
636 3885 731 3952 finem
758 3886 862 3968 venit,
898 3897 1061 3975 praeterque

143 3994 180 4038 ac
205 3976 316 4042 virtute
339 3977 428 4045 ducis
451 3980 682 4065 exercitusque,
710 3982 858 4049 intestine
880 3983 974 4051 etiam
996 3973 1061 4068 pro<l
