2528 4514
142 212 209 292 232
402 232 522 291 LIBER
538 232 634 304 XXV,
652 233 695 287 15.
714 236 753 302 [a.
762 248 790 287 u.
801 248 825 288 c.
835 230 902 303 542]
918 262 926 269 -

142 408 250 463 tamen
276 404 393 461 temere
418 393 592 458 ineundum
620 390 769 457 rebantur
799 411 912 476 posse,
947 408 1011 454 non
1059 388 1081 405 '¹
1122 429 1123 432 =

71 540 74 557 .
143 506 225 577 quos
250 509 425 577 perpauco·
451 485 603 565 habebat,
637 484 754 550 fiducia
775 505 871 569 quam
893 482 1057 549 iuventutis
1088 490 1095 542 t

141 586 245 652 rinaer
276 606 347 650 cam
373 605 413 648 ex
437 582 592 647 industria
622 580 851 647 centuriaverat
876 590 1092 664 armaveratque

92 701 126 751 10
143 678 216 744 talis
235 698 338 744 casus.
366 675 475 742 divisis
493 675 592 761 copiis
609 675 690 739 inter
708 694 743 739 se
760 673 858 739 duces
868 672 973 739 Poeni
984 694 1050 739 cum
1066 705 1086 752 23
1103 709 1104 712 π

144 768 323 839 Thurinum
347 769 483 858 ingressi
509 778 628 846 essent,
655 767 774 834 Hanno
801 790 874 833 oum
896 768 1035 855 pediturn

142 866 269 932 infestis
292 865 391 952 signis
412 864 459 930 ire
480 864 521 929 ad
543 862 655 929 urbem
676 861 793 951 pergit,
821 861 922 950 Mago
945 882 1018 928 cum
1038 884 1094 946 (οφ

144 971 247 1027 tectus
261 958 394 1026 collibus
408 968 481 1045 apte
489 958 536 1023 tad
549 958 700 1044 tegendas
714 957 845 1023 insidias
858 957 1013 1044 oppositis
1026 956 1099 1023 sub
1107 971 1110 976 “

94 1077 125 1124 11
145 1052 274 1120 Atinius
286 1053 429 1140 peditum
442 1062 564 1118 tantum
582 1051 707 1139 agmine
720 1074 778 1137 per
795 1051 1009 1137 exploratores
1022 1074 1103 1117 conr·

143 1150 178 1214 in
199 1148 300 1215 aciem
322 1147 429 1234 copias
452 1145 570 1225 educit,
598 1158 629 1211 et
653 1146 774 1211 fraudis
796 1145 965 1212 intestinae
987 1155 1017 1212 et
1041 1142 1100 1210 h'w

94 1265 126 1313 12
143 1244 330 1309 insidiarum
364 1243 503 1328 ignarus.
556 1241 702 1327 pedestre
736 1240 891 1327 proelium
926 1240 988 1307 fuit
1015 1262 1102 1328 :pera

143 1338 253 1426 paucis
271 1338 304 1403 in
321 1337 424 1424 prima
441 1336 508 1402 acie
525 1335 740 1423 pugnantibus
757 1336 925 1415 Romanis,
954 1334 1086 1403 tharim
1102 1377 1120 1420 χ

143 1431 342 1520 pectantibus
362 1431 465 1517 magis
482 1452 578 1514 quam
591 1429 812 1497 adiuvantibus
826 1440 990 1497 eventumr
1008 1440 1038 1496 et
1073 1463 1075 1483 t
1096 1423 1118 1476 Ψ

145 1526 336 1614 giniensium
354 1527 438 1591 acies
456 1524 495 1590 de
508 1525 663 1590 industria
674 1526 790 1610 pedem
801 1524 968 1605 referebat,
986 1534 1021 1590 ut
1033 1524 1066 1590 ad

146 1622 234 1689 collis
252 1620 293 1688 ab
312 1621 415 1705 equite
434 1642 493 1685 suo
514 1619 630 1685 insersi
650 1619 775 1685 hostem
795 1619 959 1686 incautum
979 1642 1014 1706 p*
1041 1622 1100 1676 -oi

95 1736 126 1784 13
145 1739 208 1801 quo
230 1715 287 1781 ubi
309 1725 357 1780 est
380 1724 522 1791 ventum,
555 1714 653 1779 coorti
675 1736 748 1779 cum
770 1713 907 1781 clamore
934 1713 1052 1799 equites
1076 1742 1096 1774 a

144 1811 337 1875 inconditam
347 1807 560 1874 Thurinorum
577 1807 702 1874 turbam
719 1830 778 1874 nec
797 1809 873 1875 satis
885 1808 951 1875 fido
965 1809 1067 1885 animo,
1110 1883 1111 1886 Ἴ

95 1922 128 1970 14
144 1905 322 1991 pugnabat,
351 1912 486 1969 stantem
513 1905 670 1990 extemplo
695 1906 729 1970 in
751 1905 863 1992 fugam
884 1914 1062 1972 averterint

146 1999 241 2076 mani,
260 2018 451 2083 quamquam
466 1998 695 2066 circumventos
709 2000 782 2066 hinc
795 2001 903 2087 pedes,
923 1999 998 2067 hinc
1015 2016 1083 2085 eque
1100 1997 1102 2002 ’

146 2092 254 2181 gebat,
282 2102 387 2157 tamen
409 2093 602 2177 aliquamdiu
619 2116 764 2181 ,pugnam
786 2105 918 2160 traxere.
963 2102 1109 2181 postam

95 2205 127 2252 15
145 2187 208 2275 ipsi
226 2199 315 2275 terga
331 2197 457 2253 vertunt
474 2198 567 2273 atque
586 2191 627 2254 ad
643 2189 755 2255 urbem
772 2190 908 2277 fugiunt.
944 2191 991 2257 ibi
1015 2223 1022 2249 t
1044 2213 1083 2245 aa*
1120 2193 1123 2214 ¹

147 2282 327 2370 conglobati
349 2306 422 2349 cum
447 2284 647 2371 popularium
669 2308 785 2372 agmen
805 2285 987 2371 patentibus
1008 2276 1079 2372 porti!
1107 2307 1117 2326 '1

147 2380 317 2466 cepissent,
347 2379 401 2444 ubi
423 2378 583 2446 Romanos
606 2380 696 2446 fusos
724 2380 765 2445 ad
786 2380 897 2445 urbem
923 2381 1000 2447 ferri
1031 2402 1076 2431 ψ(

146 2474 357 2552 conclamant,
384 2474 501 2539 instare
518 2473 678 2552 Poenum,
705 2475 941 2560 permixtosque
965 2486 996 2541 et
1010 2466 1086 2539 hostia
1110 2463 1113 2548 J

144 2567 218 2634 bem
235 2569 416 2646 invasuros,
445 2569 478 2632 ni
494 2590 627 2654 propere
645 2577 751 2654 portas
770 2569 927 2634 claudant.
973 2570 1061 2634 itaer
1079 2586 1111 2651 ¹¹4.

145 2663 307 2728 Romanos
324 2662 497 2748 praebuere
516 2662 600 2728 hosti
617 2664 658 2728 ad
676 2664 819 2741 caedem,
837 2662 969 2730 Atinius
986 2674 1091 2730 amer·

95 2777 128 2825 16
146 2755 257 2842 paucis
274 2764 430 2840 receptus.
469 2757 580 2822 seditio
593 2757 667 2822 inde
686 2758 845 2843 paulisper
858 2760 969 2837 tenuit,
988 2749 1082 2824 cumin
1112 2797 1113 2800 κ

147 2846 215 2936 [alii
240 2846 461 2935 manendum],
489 2850 541 2915 alii
568 2852 742 2917 cedendum
768 2851 913 2917 fortunae
941 2863 972 2918 et
997 2846 1113 2917 uado*

95 2957 126 3004 11
145 2940 257 3007 urbem
274 2941 444 3008 victoribus
464 2955 636 3011 censerent.
673 2956 825 3024 ceterum,
844 2956 880 3012 ut
896 2947 1078 3033 plerumque,
1093 2943 1120 2994 1

146 3045 223 3101 tuna
240 3037 419 3109 etconsilia
442 3038 525 3103 mala
545 3039 701 3105 vicerunt:
727 3039 838 3107 Atinio
857 3063 929 3106 cum
953 3041 1016 3108 auis
1032 3028 1126 3103 aad*ld

145 3153 183 3196 ac
200 3152 297 3197 naves
316 3130 465 3211 deducto,
485 3135 587 3221 magis
606 3135 679 3218 quia
695 3135 757 3220 ipsi
775 3133 816 3201 ob
830 3135 997 3222 imperium
1008 3135 1039 3200 in
1051 3110 1126 3197 ,affl

146 3227 315 3291 acinetum
332 3226 510 3292 consultum
527 3228 675 3294 volebant
689 3251 786 3313 quam
799 3240 947 3316 respectu
954 3214 1126 3296 Itomae*

147 3318 423 3406 Carthaginienses
441 3321 475 3385 in
491 3321 603 3388 urbem
620 3324 786 3410 accipiunt.
1121 3342 1126 3377 ῑ

96 3433 128 3483 18
213 3411 369 3480 Consules
388 3439 407 3481 a
424 3415 607 3482 Benevento
629 3417 662 3481 in
682 3418 882 3504 Campanum
904 3426 1016 3506 agrum
1036 3406 1126 3501 legio*

146 3508 265 3572 ducunt
281 3532 345 3574 non
363 3511 403 3575 ad
420 3511 578 3576 frumenta
595 3513 703 3591 modo,
727 3535 808 3597 quae
825 3513 890 3577 iam
906 3513 940 3577 in
957 3511 1057 3579 herbis
1071 3494 1126 3570 effi

96 3622 127 3670 19
146 3603 386 3689 corrumpenda,
411 3605 467 3669 sed
484 3606 526 3671 ad
544 3603 689 3691 Capuam
707 3607 968 3693 oppugnandam,
990 3596 1126 3673 nobilem!

148 3697 345 3762 consulatum
376 3708 440 3763 tam
472 3699 638 3785 opulentae
668 3700 756 3765 urbis
788 3701 911 3767 excidio
941 3702 1001 3766 rati
1029 3700 1126 3765 factm

148 3791 241 3855 simul
263 3801 295 3856 et
316 3792 428 3878 ingens
450 3793 605 3881 flagitium
626 3794 757 3879 imperio
780 3796 977 3881 dempturos,
1004 3776 1126 3880 quodtffl

148 3891 212 3947 tam
237 3885 431 3971 propinquae
457 3889 582 3952 tertium
609 3909 726 3952 annum
756 3889 899 3974 inpunita
925 3889 1057 3955 defectio
1080 3892 1126 3949 eut

95 3995 130 4045 20
148 3985 286 4041 ceterum
314 4001 353 4045 ne
380 3978 597 4046 Beneventum
629 3981 696 4047 sine
725 3983 884 4068 praesidio
915 3992 1000 4050 esset
1026 3992 1056 4049 et
1075 3988 1126 4044 att
