2528 4530
299 270 568 345 umnnxxnn,
585 272 706 330 ro-ra
726 271 882 346 [sons]
1048 264 1110 333 181

86 435 262 519 banturque.
307 430 404 520 digna
428 452 480 498 res
500 430 572 496 viss
591 440 628 496 ut
649 429 852 499 simulacrum
874 431 1022 507 adebrati
1043 435 1112 504 eius
1129 456 1163 508 19

88 530 138 597 diei
165 525 351 605 Gracchus,
385 535 555 613 postquam
579 523 717 592 Romam
741 526 836 606 redit,
871 527 962 617 pingi
990 527 1114 598 iuberet
1145 586 1148 591 .

87 623 205 690 incede
222 619 411 699 Libertatis,
433 639 531 705 quam
547 627 639 706 peter
654 619 724 686 sius
744 619 779 686 in
794 619 957 689 Aventino
973 643 1015 690 ex
1030 623 1113 690 mul-

87 717 181 785 taticia
198 715 334 803 pecunia
348 713 529 781 faciendam
545 713 668 780 curavit
684 713 913 802 dedicavitque.

137 808 256 879 XVII.
283 807 367 876 Cum
380 808 460 875 baec
477 807 745 874 sdBoneventum
762 820 928 895 geruntur,
946 809 1111 879 Hannibal
1130 834 1144 883 1

88 905 287 994 depopmmm
304 924 417 991 agrum
428 901 672 989 Neapolitanum
689 903 730 968 ad
742 901 856 971 Nolam
873 915 978 973 casm
993 914 1111 974 movet.

88 1022 169 1087 quem
186 998 245 1065 ubi
262 997 432 1066 adventare
448 996 560 1063 consul
578 996 691 1074 sensit,
713 995 892 1084 Pomponio
907 1009 1111 1086 propraetore
1128 1021 1145 1069 a

164 1115 205 1161 eo
223 1092 363 1160 exercitu
384 1090 439 1177 qui
461 1112 557 1178 super
579 1087 766 1159 Suessulam
786 1090 821 1156 in
842 1092 953 1159 cauis
976 1104 1043 1161 erat
1059 1116 1112 1161 ao-

89 1189 152 1267 rito,
169 1189 217 1254 ire
233 1185 362 1255 obviam
379 1184 463 1252 hosti
479 1195 571 1272 parat
587 1206 648 1252 nec
664 1207 786 1251 moram
803 1184 973 1252 dimicandi
993 1186 1109 1254 facere.

90 1280 121 1349 0.
132 1280 302 1349 Claudium
313 1278 471 1346 Neronem
488 1299 562 1345 cum
578 1277 691 1345 robore
708 1279 849 1365 equitum
866 1278 991 1347 silentio
1007 1280 1110 1347 noctis
1129 1304 1145 1352 a

90 1396 136 1461 per
158 1396 303 1443 averem
328 1374 466 1439 maxime
492 1370 532 1439 sb
558 1372 651 1439 hoste
675 1382 799 1460 portam
824 1373 951 1452 emittit,
978 1374 1111 1441 ciram

92 1479 266 1554 vadumque
283 1466 405 1537 occulta
423 1465 575 1552 subsequi
596 1467 714 1533 sensim
730 1488 847 1556 agmen
867 1466 1006 1535 bostium
1022 1466 1112 1535 iubet

95 1570 134 1641 st,
152 1582 221 1629 cum
242 1570 385 1627 coortum
405 1560 561 1648 proelium
581 1560 717 1640 rideret,
743 1561 785 1628 ab
806 1571 896 1649 tergo
919 1583 954 1629 se
974 1561 1109 1629 obicere.

92 1656 119 1722 id
131 1676 228 1724 errore
244 1655 369 1722 viarum
386 1677 428 1721 an
446 1654 617 1744 exiguitate
635 1656 785 1743 temporis
796 1653 881 1722 Nero
898 1656 1030 1742 exsequi
1045 1679 1111 1723 nou
1127 1676 1144 1725 r

91 1751 223 1837 potuerit
249 1750 404 1817 incertum
430 1759 488 1816 est
533 1748 663 1817 absente
690 1771 728 1816 eo
753 1771 826 1816 oum
846 1750 1002 1838 proelium
1022 1772 1144 1821 com-5

91 1846 209 1919 meum
225 1855 326 1924 meet,
342 1844 484 1932 superior
500 1843 629 1930 quidem
645 1844 722 1912 haut
738 1844 833 1912 dubie
846 1845 1011 1912 Romanus
1028 1855 1110 1926 erst3

93 1940 136 2007 sod
150 1939 224 2026 quia
241 1939 363 2025 equites
380 1961 445 2006 non
462 1938 592 2007 adfuere
607 1938 806 2026 intempore,
822 1939 904 2006 ratio
916 1940 1109 2027 compositae

90 2033 126 2099 rei
145 2032 272 2101 turbata
302 2042 359 2099 eet.
403 2055 469 2099 non
494 2054 591 2099 ausus
616 2033 741 2118 insequi
767 2033 914 2100 cedentes
935 2032 1108 2100 Marcellus

91 2126 274 2196 riroentibns
291 2127 358 2195 suis
377 2127 504 2216 signum
525 2127 666 2214 receptui
687 2127 782 2192 dedit
825 2127 898 2214 plus
920 2137 1027 2193 tamen
1043 2127 1108 2194 duo
1127 2150 1142 2198 6

90 2221 162 2289 mlis
184 2221 325 2289 betium
350 2244 389 2288 eo
414 2222 465 2289 die
492 2243 586 2288 oseas
610 2221 789 2300 traduntur,
824 2221 977 2288 Romania
1002 2220 1108 2289 minus

90 2316 322 2406 quadringentis.
367 2317 443 2383 solis
468 2316 535 2383 sere
562 2336 677 2382 occasu
701 2314 786 2382 Nero
812 2316 897 2381 diem
922 2322 1141 2399 noctemquer

90 2412 267 2498 neququam
286 2410 428 2498 fatigatis
450 2411 539 2496 equis
561 2409 804 2494 hominibusque
824 2431 866 2475 ne
887 2407 958 2474 viso
978 2407 1107 2494 quidem

89 2500 165 2573 bate
180 2506 308 2573 rediens
325 2506 405 2571 adeo
426 2505 564 2594 graviter
586 2514 635 2570 est
656 2503 697 2570 ab
716 2503 844 2571 consule
861 2502 1046 2589 increpitus,
1072 2511 1109 2567 ut

90 2618 135 2685 pse
147 2622 221 2668 eum
239 2600 365 2667 stetisse
382 2600 550 2679 diceretur,
569 2621 633 2691 quo
650 2599 754 2664 minus
773 2606 903 2684 accepta
919 2597 960 2663 ad
978 2595 1107 2663 Cannas
1159 2659 1162 2663 ,

90 2694 257 2763 redderetur
281 2694 366 2761 boati
391 2695 508 2761 clades.
551 2704 677 2780 postero
699 2694 750 2760 die
767 2693 930 2760 Romanus
951 2692 985 2757 in
1007 2691 1141 2761 aciem8

90 2786 252 2867 descendit,
277 2787 406 2854 Poenus
430 2789 525 2854 tacita
543 2788 638 2853 etiam
659 2786 855 2854 confessione
875 2787 978 2854 victus
997 2786 1108 2854 caetris

80 2884 118 2957 ξω
130 2883 237 2950 tenant.
281 2882 374 2948 tertio
391 2882 443 2947 die
460 2881 584 2948 silentio
605 2882 706 2949 noctis
725 2880 843 2948 omissa
863 2903 920 2968 spe
934 2879 1035 2948 Nolae
1050 2903 1108 2968 po-

80 2972 217 3056 ''findae
242 2976 290 3042 rei
306 2998 479 3061 numquam
495 2998 646 3063 prospere
667 2985 850 3064 temptatae,
876 2976 1049 3042 Tarentum
1066 2977 1108 3042 ad

93 3071 239 3138 mnam
258 3093 346 3157 spem
362 3071 548 3157 proditionis
565 3071 782 3158 proficiscitur.

143 3163 272 3232 xvm.
316 3164 385 3231 Neo
405 3165 526 3233 minore
548 3165 653 3232 animo
674 3188 727 3232 res
743 3165 888 3232 Romana
908 3163 993 3230 domi
1010 3185 1107 3246 quam
1125 3183 1139 3229 1

96 3254 206 3326 mildae
220 3258 400 3349 gerebatur.
428 3281 574 3326 censores
591 3260 685 3327 vacui
701 3258 742 3327 ab
760 3281 890 3347 operum
902 3257 1106 3324 locandorum
1124 3279 1140 3326 2

97 3366 161 3417 m
171 3365 295 3442 psopter
310 3353 449 3441 inopiam
467 3355 566 3420 aerari
588 3355 630 3420 ad
646 3376 750 3421 mores
767 3353 929 3421 hominum
950 3351 1107 3439 regendos

92 3444 215 3515 uinum
232 3449 434 3515 adverterunt
452 3449 696 3536 cmtigandaqua
713 3449 802 3528 uitia,
821 3469 917 3534 quae,
934 3445 1021 3512 velut
1038 3444 1107 3510 diu-

90 3536 153 3609 tinis
167 3542 288 3610 morbis
304 3565 401 3631 aegra
418 3565 549 3631 corpora
566 3566 607 3610 ex
624 3565 695 3610 sese
712 3543 859 3631 gignunt,
878 3563 915 3607 eo
932 3549 1007 3605 nata
1023 3538 1108 3607 bello

86 3636 175 3703 hant.
212 3638 350 3725 primum
368 3660 422 3704 eos
441 3638 627 3717 citaverunt,
646 3638 700 3723 qui
716 3647 789 3724 post
808 3635 1008 3702 Cannensem
1028 3631 1140 3720 [cla-3

85 3726 149 3797 hu
169 3733 310 3822 agitasse
331 3733 372 3799 de
392 3731 486 3800 Italia
506 3731 694 3820 deserenda]
717 3730 907 3798 dicebantur.
958 3726 1104 3815 princeps

81 3842 184 3893 eorum
208 3825 259 3892 M.
287 3824 621 3896 CaeciliusMetellus
652 3835 798 3913 quaestor
828 3835 895 3890 tum
920 3822 1002 3889 forte
1029 3829 1104 3887 erat.

80 3916 162 3987 iusso
187 3919 304 3986 deinde
328 3941 367 3987 ec
392 3921 567 4007 ceterisque
594 3922 734 3989 eiusdem
758 3940 860 3985 noxae
889 3916 951 3985 reis
977 3933 1140 3985 causatur

80 4013 188 4096 dcere,
206 4036 282 4083 cnm
298 4016 427 4104 purgari
443 4016 635 4104 nequissent,
652 4015 905 4104 pronuntiarunt,
921 4011 1019 4081 verba
1036 4032 1106 4078 ora
