2528 4530
145 244 208 310 166
377 251 496 311 LIBER
513 251 644 322 XXIIII,
664 253 729 308 1.2.
748 254 824 322 [au.
835 267 859 307 ο.
869 251 933 322 539]

144 413 293 503 praesidii
307 412 423 498 quique
450 432 522 476 cum
549 432 586 475 eo
613 408 727 475 milites
754 410 892 475 Romani
922 420 1010 476 erant
997 410 1157 476 telam
1153 439 1157 476 ι

144 519 270 597 portum
288 505 430 572 deductis
449 515 542 589 atque
559 502 715 590 impositis
737 503 770 567 ιιι
788 504 892 582 navis,
919 513 955 568 ut
972 504 1112 591 Regium
1132 507 1157 571 d

144 604 293 668 veherent
281 610 350 679 tur,
385 598 601 663 Hamilcarem
626 596 816 682 Poenosque
843 620 882 663 ea
908 599 1113 677 condicione,
1152 625 1157 664 ι

144 697 258 763 foedus
282 693 438 780 extemplo
461 692 569 776 aequis
592 691 716 778 legibus
739 691 878 770 fierets
869 715 902 757 ιιι
919 691 1031 758 urbem
1054 716 1157 779 accept

95 815 127 863 10
144 800 227 857 runt.
271 789 361 854 cuius
379 787 425 852 rei
441 808 539 872 prope
557 807 621 851 non
639 795 763 851 servata
784 785 862 851 fides
881 785 996 853 deditis
1019 797 1083 865 est,
1112 809 1157 854 cru

144 884 272 950 Poenus
300 880 372 947 dolo
398 880 564 946 dimissum
590 878 770 945 Romanum
795 880 969 959 incusaret,
1001 881 1157 948 Locrenss

95 1003 125 1051 11
146 977 326 1065 profugisse
343 976 448 1062 ipsum
466 982 678 1041 causarentur.
706 974 840 1040 insecuti
853 974 948 1040 etiam
962 975 1084 1060 equites
1099 1001 1156 1042 sun

146 1072 257 1156 siquo
280 1094 356 1136 casu
377 1071 411 1135 in
433 1069 514 1135 freto
537 1078 644 1133 aestus
667 1068 782 1135 morari
805 1077 859 1133 aut
881 1068 1003 1134 deferre
1030 1093 1128 1137 naves
1147 1073 1157 1136 i

146 1176 260 1230 terram
277 1173 393 1251 posset.
431 1173 462 1228 et
479 1185 533 1228 eos
552 1162 679 1246 quidem
697 1184 777 1245 quos
796 1162 1009 1246 sequebantur
1027 1188 1091 1231 non
1109 1189 1157 1231 suu

144 1259 265 1345 adepti,
297 1258 374 1324 alias
397 1281 417 1323 a
437 1255 592 1321 Messana
613 1255 791 1321 traicientes
814 1256 896 1322 freto
918 1256 1058 1343 Regium
1084 1283 1157 1325 nare

96 1371 127 1419 12
145 1361 385 1439 conspexerunt.
430 1351 544 1416 milites
567 1359 656 1416 erant
677 1350 814 1416 Romani
838 1374 857 1416 a
881 1350 1017 1417 Claudio
1039 1363 1157 1439 praetor

145 1447 235 1513 missi
257 1449 298 1512 ad
320 1446 523 1512 obtinendam
540 1444 651 1510 urbem
669 1445 835 1531 praesidio.
881 1446 988 1529 itaque
1006 1447 1107 1533 Regio
1123 1470 1157 1513 ex

96 1561 127 1611 ιι
146 1542 263 1628 templo
281 1541 465 1608 abscessum
480 1550 537 1606 est.
569 1539 784 1605 Locrensibus
797 1539 888 1605 iussu
900 1539 1091 1605 Hannibalis
1107 1541 1157 1606 datr

145 1659 222 1722 pax,
249 1646 284 1700 ut
301 1634 392 1700 liberi
410 1635 475 1700 suis
491 1633 618 1721 legibus
635 1633 789 1712 viverent,
818 1633 893 1699 urbs
913 1644 1038 1720 pateret
1054 1633 1157 1711 Poenis

145 1739 255 1815 portus
277 1729 312 1794 in
332 1738 520 1815 potestatem
537 1727 748 1793 Locrensium
770 1737 869 1806 esset,
898 1728 1033 1794 societas
1053 1749 1091 1793 eo
1110 1727 1157 1792 iurr

59 1861 63 1867 ·
149 1833 258 1901 staret,
276 1832 312 1887 ut
328 1823 456 1887 Poenus
473 1822 670 1888 Locrensem
688 1821 923 1906 Locrensisque
937 1821 1085 1888 Poenum
1099 1840 1157 1908 paee

148 1939 186 1982 ao
202 1871 286 1982 bello
304 1917 435 1981 iuvaret.

114 2031 128 2079 1
211 2008 256 2074 Η.
303 2006 358 2074 Sic
384 2033 403 2075 a
428 2009 509 2075 freto
531 2009 632 2075 Poeni
658 2009 779 2074 reducti
800 1960 1012 2076 frementibus
1038 2007 1157 2081 Bruttiis,

102 2105 233 2188 quod
250 2105 387 2191 Regium
404 2126 443 2170 ac
460 2100 597 2183 Locros,
625 2126 704 2189 quas
721 2103 817 2170 urbes
833 2104 1011 2191 'direpturos
1035 2127 1070 2171 se
1085 2099 1157 2169 desti

113 2209 311 2276 sueverant,
337 2199 472 2264 intactas
493 2198 703 2283 reliquissent
743 2198 852 2284 itaque
875 2220 932 2284 per
959 2220 993 2264 se
1018 2199 1081 2286 ipsi
1103 2216 1157 2262 con·

102 2310 108 2352 ς
148 2293 273 2379 scriptis
291 2294 482 2378 armatisque
501 2293 598 2358 iuven
600 2292 675 2356 tutis
699 2312 775 2358 suae
798 2293 977 2377 quindecim
995 2284 1157 2358 milibusad

148 2385 320 2453 Crotonem
338 2387 584 2475 oppugnandum
605 2396 741 2473 pergunt
763 2386 822 2473 ire,
850 2385 1063 2454 Graecamt
1031 2397 1063 2452 et
1077 2387 1157 2473 ipsam

113 2504 128 2552 s
146 2481 308 2548 urbemt
276 2492 308 2547 et
324 2482 528 2560 maritimam,
545 2480 715 2567 plurimum
733 2494 934 2548 accessurum
952 2481 1079 2568 opibus,
1101 2475 1157 2544 siin

148 2599 203 2643 ora
219 2576 315 2642 maris
333 2574 444 2642 urbem
461 2597 499 2643 ac
516 2585 642 2662 portum
661 2575 827 2642 moenibus
845 2577 982 2641 validam
992 2576 1157 2643 'tenuissent

112 2671 320 2736 resedentes.
366 2692 500 2736 secura
523 2667 673 2756 angebat,
704 2671 790 2755 quod
810 2684 913 2756 neque
933 2690 999 2736 non
1023 2681 1157 2737 accersere

148 2765 189 2829 ad
206 2763 357 2828 auxilium
374 2764 499 2829 Poenos
519 2765 595 2830 satis
614 2763 786 2842 audebant,
813 2784 853 2830 ne
874 2765 952 2850 quid
974 2785 1039 2831 non
1056 2787 1109 2852 pro
1124 2779 1157 2826 se

148 2857 205 2922 ciis
223 2857 327 2944 egisse
345 2856 537 2938 viderentur,
556 2867 602 2937 et,
627 2859 655 2922 si
672 2857 799 2925 Poenus
817 2878 926 2925 rursus
940 2860 1048 2946 'magis
1066 2856 1157 2924 abita

147 2951 236 3036 pacis
254 2964 350 3035 quam
367 2950 490 3019 adiutor
506 2951 581 3019 belli
595 2952 776 3030 fuissetne
790 2953 823 3018 in
836 2951 1012 3019 libertatem
1023 2947 1157 3020 Oretanis

114 3064 131 3112 ι
149 3045 230 3110 sicut
243 3055 319 3110 ante
327 3046 518 3125 Locrorum,
535 3047 653 3113 frustm
666 3057 872 3135 pugnaretur.
902 3047 1009 3133 itaque
1029 3048 1157 3134 optimus

148 3139 252 3205 visum
262 3149 315 3205 est
328 3141 370 3205 ad
378 3140 590 3207 Hannibalem
602 3142 686 3207 rn'itti
699 3141 821 3229 legates
840 3141 1006 3227 caverique
1021 3142 1061 3208 ab
1075 3164 1124 3220 eo,
1138 3154 1157 3199 11

115 3253 130 3301 6
148 3233 699 3320 receptusOrotoBruttiommesset.
713 3235 876 3302 Hannibal
885 3259 958 3302 cum
967 3236 1157 3324 praesentim

148 3350 218 3394 eam
234 3330 495 3396 consultationem
508 3353 578 3396 esse
591 3331 805 3417 respondisset
813 3341 850 3397 et
863 3333 904 3397 ad
918 3331 1111 3398 Hannonem
1122 3349 1157 3396 eo

107 3442 130 3489 Ιι
148 3421 318 3501 reiecisset,
335 3423 375 3489 ab
385 3424 543 3490 Hannone
556 3426 634 3490 nihil
647 3426 724 3490 certi
737 3426 876 3492 ablatum
878 3438 976 3493 ‚trec
989 3428 1075 3493 enirn
1088 3425 1157 3510 dirir

147 3514 296 3582 volebant
303 3517 445 3583 nobilem
458 3529 552 3604 atque
558 3519 742 3606 opulentam
750 3520 902 3587 suberret
912 3521 1094 3609 merebant,
1108 3536 1157 3586 ont

147 3608 228 3675 Brut
215 3611 291 3676 ttius
310 3623 518 3699 oppugnaret,
537 3613 663 3681 Poenos
680 3637 739 3681 nec
755 3616 889 3713 probare
904 3632 966 3681 mee
983 3617 1092 3682 iuvare
1108 3633 1157 3680 eat

147 3705 414 3792 oppugnationem
430 3719 605 3794 appareret,
624 3719 662 3776 eb
680 3711 832 3776 maturius
848 3688 891 3777 ιιι
904 3732 944 3777 se
954 3711 1148 3778 ⁴defecturos

110 3816 130 3866 s
213 3798 352 3866 Crotone
373 3824 432 3868 nec
453 3805 618 3870 eonsilium
639 3828 737 3870 unum
747 3806 840 3873 *inter
861 3807 1030 3894 populares
1044 3828 1108 3874 nec
1123 3827 1157 3871 vc

142 3891 252 3958 luntas
278 3906 358 3961 erat:
385 3920 468 3965 unus
494 3901 581 3966 velut
601 3899 729 3967 morbus
750 3901 909 3968 invaserat
931 3922 1043 3968 omnes
1069 3900 1157 3967 Italia

148 3985 305 4069 civitates,
332 4000 368 4057 ut
388 3992 498 4079 plebes
520 3993 560 4061 ab
583 3995 784 4081 optimatibus
807 3997 1024 4077 dissentirent,
1052 4004 1157 4064 senatu
