2528 4530
197 228 262 298 188
419 238 539 299 LIBER
555 238 686 312 XXIIII,
703 241 747 297 23.
758 238 803 296 Ἃ
823 232 1004 313 [aucum]

196 401 313 468 deserti
334 422 355 477 a
375 397 540 476 militibus,
567 399 642 483 quia
666 396 700 463 id
726 397 918 464 tutissimum
944 420 985 464 ex
1010 399 1193 486 praesentib

164 517 179 566 e
196 493 371 572 videbatur,
392 489 568 579 Syracusas
581 491 710 557 rediere.
738 491 794 557 ubl
810 513 851 558 ne
869 492 1009 579 suspecti
1025 490 1193 560 obversam

197 599 248 655 tur
264 603 426 673 tamquam
443 585 580 652 novandi
596 608 648 651 res
666 586 803 670 aliquam
820 587 1019 655 occasionem
1033 598 1193 672 quaerent·

163 691 355 770 rpraetores
384 680 542 768 primum,
576 678 650 745 dein
679 701 737 766 per
762 700 817 745 eoa
848 689 992 746 senatum
1017 681 1147 747 adeunt

196 775 378 845 Hannibale
394 796 430 842 se
446 774 562 840 missos
575 773 757 860 praedicant
774 773 1056 861 adHieronymum
1068 785 1193 861 tamque

197 872 333 938 amicum
350 891 387 935 ac
405 869 540 946 socium,
565 867 709 953 paruisse
725 868 858 954 imperio
876 869 958 947 eius,
986 868 1077 936 cuius
1094 869 1193 956 imper

163 984 179 1034 8
197 975 247 1031 tor
268 986 344 1031 suus
366 962 515 1029 volucrit:
541 960 623 1028 velle
643 962 685 1027 ad
701 960 917 1028 Hannibalem
936 963 1054 1041 redire3
1081 973 1193 1029 ceteru

197 1078 269 1124 cum
286 1058 346 1123 iter
362 1065 464 1122 tutum
481 1078 546 1121 non
564 1055 605 1122 nit
621 1054 811 1151 vagantibus
828 1056 1022 1216 partimve!
1033 1065 1135 1122 totum
1152 1054 1192 1123 Si

196 1153 271 1221 lium
288 1150 454 1229 Romanis,
477 1159 598 1237 petere,
619 1159 655 1216 ut
671 1151 821 1237 praesidii
838 1151 912 1216 dent
971 1151 1062 1236 quid,
1082 1151 1193 1236 quoI

197 1268 267 1313 cros
284 1246 318 1311 in
334 1245 460 1311 Italiam
476 1245 697 1330 perducantur.
741 1245 875 1332 gratiam
891 1266 1040 1331 magnam
1058 1267 1115 1310 eos
1133 1267 1193 1333 par

164 1361 178 1410 e
197 1362 294 1427 opera
301 1349 377 1426 aput
384 1337 599 1405 Hannibalem
607 1338 748 1406 inienos.
783 1339 877 1405 facile
889 1341 1131 1427 resimpetrata:
1147 1341 1193 1407 abi

196 1435 281 1503 euim
297 1435 394 1499 duces
411 1433 516 1519 regios
534 1454 606 1498 cum
623 1433 740 1518 peritos
757 1434 899 1512 militiae,
926 1444 994 1499 tum
1011 1445 1144 1521 egentes
1163 1456 1193 1501 e<

197 1528 269 1594 dem
296 1536 390 1612 atque
417 1527 554 1592 audaces
581 1524 758 1612 cupiebant.
799 1528 856 1592 sed
882 1527 966 1612 quod
991 1526 1143 1594 volebant
1168 1552 1193 1594 n

146 1642 179 1691 10
196 1644 291 1707 quam
317 1630 473 1687 maturato
498 1642 579 1706 opus
603 1629 671 1690 erat
696 1621 818 1686 navber
844 1621 1060 1708 expediebant.
1105 1622 1193 1689 interi

195 1718 326 1782 iuvenes
343 1716 493 1785 militares
506 1725 538 1780 et
555 1714 678 1780 adsueti
691 1714 841 1781 militibus
858 1737 943 1781 nune
963 1726 1040 1802 aput
1057 1739 1113 1784 cos
1131 1718 1193 1804 ipsc

195 1831 280 1875 nunc
297 1820 373 1894 aput
390 1807 585 1895 transfugas,
609 1830 742 1892 quorum
758 1809 988 1896 maximopere
1006 1833 1047 1876 ex
1063 1812 1193 1878 navalib·

198 1903 291 1968 sociis
313 1902 529 1967 Romanorum
551 1910 632 1979 erat,
658 1903 859 1968 nuncetiam
881 1912 957 1990 aput
977 1903 1106 1971 infimae
1127 1904 1193 1992 pleb

146 2017 177 2066 11
196 1995 340 2061 homines
366 1995 497 2060 crimina
522 1994 667 2060 serebant
692 1996 726 2060 in
751 2005 896 2065 senatum
922 1997 1166 2083 optimatesque:

195 2089 298 2155 moliri
315 2089 396 2154 clam
414 2111 468 2155 eos
486 2098 580 2173 atque
603 2098 735 2168 struere,
763 2100 799 2155 ut
818 2087 996 2177 Syracusae
1016 2114 1075 2179 per
1092 2093 1193 2179 speeie

78 2174 89 2201 '
159 2230 162 2235 >
194 2183 412 2249 reconciliatae
434 2183 592 2249 societatis
613 2183 647 2247 in
668 2183 791 2249 dicione
813 2183 1029 2250 Romanorum
1052 2186 1129 2265 sint,
1156 2186 1193 2251 del

195 2276 291 2343 factio
309 2299 346 2342 ac
363 2277 456 2362 pauci
473 2286 616 2343 auctores
635 2276 771 2343 foederis
788 2279 929 2344 renovati
947 2278 1156 2345 dominentur.

164 2394 178 2441 1
260 2370 414 2436 XXIIII.
450 2370 513 2436 His
531 2371 695 2437 audiendis
709 2372 935 2456 credendisque
952 2383 1129 2459 opportuna
1145 2394 1193 2437 mu

129 2529 131 2532 Α
195 2466 296 2532 titudo
322 2466 421 2532 maior
445 2466 478 2531 in
505 2466 572 2531 dies
601 2463 777 2551 Syracusas
804 2465 981 2532 confluebat
1006 2488 1065 2531 nec
1091 2465 1193 2553 Epicu

196 2559 298 2625 solum
326 2580 416 2646 spem
440 2560 657 2625 novandarum
682 2580 800 2638 rerum,
828 2568 877 2625 eet
897 2558 1109 2626 Adranodoro
1134 2559 1193 2624 etia

162 2674 177 2721 2
195 2651 376 2739 praebebat.
420 2654 475 2736 qui
497 2653 601 2718 fessus
623 2653 751 2719 tandem
771 2653 879 2719 uxoris
901 2652 1033 2719 vocibus
1059 2651 1193 2720 monenti

195 2768 280 2811 nunc
295 2746 374 2811 illud
391 2768 461 2812 esse
474 2756 597 2833 tempus
611 2749 785 2835 occupandi
801 2771 868 2827 res,
887 2749 963 2814 dum
980 2747 1106 2814 turbata
1123 2745 1193 2814 omni

195 2862 278 2905 nova
294 2849 388 2924 atque
410 2840 568 2906 incondita
588 2841 732 2908 libertate
755 2853 874 2922 essent,
902 2843 979 2908 dum
994 2843 1092 2929 regiis
1112 2843 1193 2929 stipor

197 2933 259 2999 diis
278 2943 387 3018 pastus
409 2933 628 3003 obuersaretur
649 2936 754 3015 miles,
781 2936 857 3001 dum
880 2936 921 3003 ab
938 2935 1121 3002 Hannibale
1138 2937 1192 3001 mis

197 3027 292 3093 duces
310 3027 433 3095 adsueti
449 3027 599 3099 militibus
617 3029 725 3095 iuvare
742 3039 872 3115 possent
889 3030 1028 3116 incepta,
1051 3051 1125 3094 cum
1143 3030 1193 3095 Tit

91 3148 95 3154 ·
195 3121 303 3199 misto,
339 3122 390 3186 cui
421 3118 552 3189 Gelonis
583 3123 648 3189 filia
676 3132 775 3209 nupta
805 3132 887 3202 erat,
921 3145 989 3189 rem
1016 3124 1193 3189 consociata

194 3236 313 3300 paucos
334 3225 407 3302 post
427 3216 495 3282 dies
517 3215 661 3282 Aristoni
686 3217 811 3282 cuidam
836 3217 956 3306 tragico
977 3217 1090 3296 actori,
1123 3219 1173 3282 cui

162 3328 177 3376 3
196 3309 258 3374 alia
274 3330 389 3375 arcana
405 3311 598 3376 committere
616 3311 776 3389 adsuerat,
803 3311 928 3376 incaute
945 3311 1054 3397 aperit.
1104 3309 1178 3376 huie

83 3432 92 3459 ·.
195 3424 297 3489 genus
319 3413 351 3467 ct
371 3402 498 3470 fortuna
519 3403 651 3469 honesta
672 3413 775 3482 erant,
802 3426 861 3470 nec
883 3426 949 3484 ars,
976 3405 1051 3489 quia
1067 3396 1148 3469 nihil
1164 3413 1193 3469 ta

195 3505 272 3582 aput
294 3493 435 3563 Graecos
455 3498 571 3586 pudori
590 3507 652 3576 eet,
679 3520 719 3565 ea
742 3497 949 3564 deformabat.
1001 3499 1110 3582 itaque
1131 3498 1193 3563 fide

197 3587 362 3678 [odorem]
379 3592 595 3677 potioremque
611 3600 697 3657 ratus
716 3613 811 3676 quam
827 3593 948 3678 patriae
964 3590 1114 3670 debebat,
1146 3593 1193 3657 inc'

160 3686 279 3753 telum
297 3686 338 3751 ad
359 3695 518 3771 praetores
541 3686 652 3752 defert
696 3686 751 3771 qui
767 3686 823 3751 ubi
843 3708 910 3752 rem
927 3686 1005 3752 haut
1022 3708 1138 3752 vanam
1157 3709 1191 3752 es

84 3830 104 3858 ¹,
196 3779 288 3844 certis
306 3779 431 3845 indiciis
452 3788 672 3866 conpererant,
700 3780 850 3846 consultis
874 3779 1050 3846 senioribus
1068 3790 1101 3847 et
1118 3791 1192 3847 auct

183 3871 286 3937 <ritate
307 3893 415 3938 eorum
436 3874 593 3959 praesidio
615 3874 656 3940 ad
677 3873 761 3940 iores
783 3876 901 3961 posito,
922 3876 1089 3961 ingressos
1104 3876 1193 3941 cutia

162 3963 395 4033 cThemistum
425 3978 519 4052 atque
544 3966 787 4035 Adranodorum
816 3969 1049 4036 interfecerunt.
1095 3979 1127 4035 et
1153 3991 1193 4036 cu
