2528 4514
336 240 454 298 urana
471 240 646 311 xxu,1.a
666 236 819 311 [auara]
1032 226 1098 296 215
1161 200 1167 207 ’

83 396 282 493 lqilolioque
304 399 471 467 mulierum
493 399 586 467 turha
607 409 673 466 erat
693 420 754 466 nec
776 398 1018 465 sacrificantium
1035 420 1094 465 nec

82 489 255 596 *eutium
282 494 359 561 deos
384 495 486 580 patrio
512 514 609 561 more.
663 493 829 561 sacrificuli
860 516 898 560 ac
928 504 1017 560 vates
1043 512 1128 564 ‹re-8

82 589 353 845 Fhominum
370 598 507 666 mentes,
534 610 670 673 quorum
686 608 852 654 numerum
871 588 959 653 auxit
976 588 1095 654 rustica

170 706 211 750 ex
232 683 360 748 incultis
386 682 506 748 diutino
528 682 612 748 bello
633 683 819 768 infestisque
841 683 926 771 agris
952 691 1094 769 egestate
1189 696 1192 703 '

117 788 199 845 netu
220 778 257 842 in
278 775 389 843 urbam
412 776 564 864 conpulsa
586 787 618 841 et
638 786 790 861 quaestus
813 796 853 842 ex
870 776 973 843 alieno
990 798 1094 842 errore

82 868 176 951 tatis,
208 893 306 958 quem
331 871 418 936 velut
443 894 484 936 ex
510 892 679 937 concessae
705 870 781 935 artis
807 893 869 935 usu
895 870 1093 937 exercebant.

82 956 160 1039 lituo
174 976 315 1033 secretae
328 964 483 1032 bonorum
495 966 727 1052 indignationes
741 964 961 1044 audiebantur,
980 965 1094 1031 deinde
1112 984 1128 1035 a

82 1058 233 1149 dpatres
262 1061 356 1126 etiam
381 1082 418 1125 ac
444 1058 604 1146 publicam
625 1058 853 1144 querimoniam
875 1060 1011 1125 excessit
1032 1083 1093 1126 res.

82 1155 195 1221 ansati
212 1155 352 1242 graviter
370 1153 410 1220 ab
430 1166 541 1219 senatu
559 1155 677 1219 aediles
698 1152 914 1237 triumvirique
933 1154 1092 1241 capitales,
1113 1170 1146 1221 10

82 1250 143 1331 pud
160 1271 227 1315 non
245 1246 461 1335 prohiberent,
485 1270 556 1313 aum
575 1270 721 1313 emovere
739 1268 809 1313 eam
826 1245 1057 1313 multitudinem
1076 1271 1093 1314 e

82 1360 128 1410 ltu
150 1364 190 1409 ao
212 1343 345 1408 disicere
368 1344 536 1428 adparatus
561 1364 721 1407 sacrorum
744 1340 848 1407 conati
870 1351 991 1420 essent,
1018 1342 1096 1408 haut

82 1438 167 1505 uueul
185 1437 282 1515 afuit,
304 1438 381 1521 quin
399 1436 598 1503 violarentur.
642 1437 699 1503 ubi
715 1437 873 1522 potentius
891 1436 955 1501 iam
973 1458 1044 1502 esse
1061 1438 1095 1502 id
1113 1454 1144 1501 11

81 1530 178 1597 lium
195 1532 341 1617 apparuit
358 1552 453 1615 quarn
471 1542 505 1596 ut
522 1531 652 1596 minoris
670 1553 727 1617 per
748 1530 951 1618 magistratus
970 1531 1095 1597 sedare-

81 1644 126 1705 ur,
148 1625 198 1690 M
217 1624 357 1690 Aemilio
375 1626 511 1711 praetori
528 1625 597 1691 urb.
616 1625 779 1712 negotium
796 1624 838 1691 ab
857 1634 969 1691 senatu
986 1624 1094 1690 datum

81 1726 125 1797 lt,
147 1728 185 1784 ut
205 1719 256 1785 his
278 1718 482 1806 religionibus
505 1719 657 1805 populum
674 1716 830 1785 liberaret.
874 1718 902 1783 is
922 1718 1003 1784 etin
1019 1741 1094 1784 con·
1113 1736 1145 1785 12

81 1810 147 1879 'ma
164 1822 291 1879 senatus
311 1813 489 1878 consultum
506 1813 648 1878 recitavit
666 1825 698 1876 et
716 1812 827 1890 edixit,
850 1822 885 1877 ut
903 1812 1093 1898 quicumque

81 1884 161 2000 *aa
175 1906 339 1973 vaticinios
357 1908 593 1994 precationesve
615 1917 670 1972 aut
687 1918 786 1972 artem
804 1906 1001 1973 sacrificandi
1019 1928 1095 1973 con-

81 1996 210 2087 ψῃ
228 2000 372 2079 haberet,
400 2023 454 2066 eos
475 2001 572 2067 libros
591 2002 692 2067 omnis
710 2002 891 2085 litterasque
910 2002 951 2066 ad
968 2023 1003 2067 se
1021 2010 1093 2067 ante

81 2082 270 2183 Ehpriles
297 2095 446 2171 deferret,
474 2118 536 2159 neu
562 2096 633 2179 quis
659 2096 692 2159 in
717 2095 845 2181 publico
868 2114 997 2161 sacrove
1024 2094 1093 2161 loco

81 2196 157 2262 ,uu
168 2199 215 2255 aut
232 2198 361 2254 externo
378 2189 439 2253 ritu
459 2189 656 2255 sacrificaret.

94 2305 104 2334 ¹·
146 2278 182 2345 ll.
212 2280 347 2366 Aliquot
368 2282 486 2367 publici
510 2283 688 2348 sacerdotes
711 2282 826 2346 mortui
848 2304 886 2346 eo
909 2304 991 2347 anno
1010 2294 1127 2359 sunt,1

81 2364 133 2437 ''Ja
147 2370 289 2441 Cunelius
307 2377 464 2442 Lentulus
487 2376 641 2463 pontufex
659 2376 815 2440 maximus
839 2384 870 2439 et
889 2372 928 2439 C.
946 2375 1093 2460 Papirius

81 2460 273 2559 {illlam
290 2471 433 2556 pontifex
452 2482 483 2536 ct
501 2470 538 2535 P.
552 2470 669 2535 Furius
687 2469 799 2533 Philus
818 2491 920 2556 augur
937 2477 969 2533 et
983 2467 1021 2533 C.
1030 2466 1095 2533 Pa-

107 2560 136 2579 ⁰'
178 2564 219 2631 L.
232 2566 255 2630 f.
267 2564 379 2631 Masso
399 2565 559 2630 decemvir
576 2585 746 2630 sacrorum.
791 2565 824 2627 in
840 2560 972 2627 Lentuli
988 2561 1127 2629 locuma

140 2654 296 2725 Cornelius
320 2657 498 2746 Cethegus,
525 2660 559 2723 in
582 2657 691 2744 Papiri
715 2657 775 2723 Cn.
795 2654 949 2723 Servilius
973 2654 1093 2743 Caepio

81 2750 225 2840 'fleas
244 2753 369 2818 suffecti
388 2763 475 2831 sunt,
502 2774 605 2840 augur
625 2761 750 2819 creatus
772 2752 814 2816 L.
834 2750 1003 2835 Quinctius
1020 2748 1093 2817 Fla·

81 2840 212 2926 ffim,
231 2848 391 2914 decemvir
408 2869 569 2913 sacrorum
586 2844 628 2913 1..
649 2844 817 2914 Cornelius
834 2844 1002 2912 Lentulus.

80 2939 94 3006 ἓ.
138 2938 337 3009 Comitiorum
358 2942 571 3008 consularium
593 2941 657 3007 iam
680 2939 848 3027 adpetebat
870 2950 1009 3027 tempus,
1037 2942 1128 3008 seda

80 3032 143 3119 qula
156 3037 300 3104 eonsules
318 3038 365 3124 (a)
383 3038 467 3103 bello
484 3039 621 3103 intentos
640 3058 771 3102 avocare
788 3058 852 3100 non
869 3036 1023 3121 placebat,
1042 3036 1092 3100 Ti.

80 3122 270 3218 flmpronius
288 3133 398 3198 consul
422 3133 619 3198 comitiorum
637 3153 733 3197 causa
755 3129 938 3195 dictatorem
955 3129 1035 3193 dixit
1053 3126 1091 3193 C.

80 3216 233 3293 Caudium
253 3226 437 3293 Centonem.
479 3228 576 3293 abeo
595 3225 745 3313 magister
767 3225 906 3309 equitnm
924 3233 973 3289 est
990 3223 1092 3289 dictus

80 3310 116 3401 Q·
127 3318 257 3388 Fulvius
274 3323 420 3389 Flaccus.
465 3323 597 3387 dictator
617 3321 719 3407 primo
742 3318 890 3384 comitiali
908 3318 958 3383 die
976 3318 1093 3383 crearit
1111 3334 1128 3383 4

80 3418 224 3482 amulam
234 3415 275 3500 Q.
285 3416 435 3482 Fulvium
449 3417 600 3481 Flaccum
618 3416 806 3503 magistrum
823 3410 964 3497 equitum
982 3421 1013 3477 st
1026 3411 1091 3499 Ap.

80 3504 234 3577 Claudium
260 3511 452 3590 Pulchrum,
488 3512 540 3576 cui
567 3509 676 3576 Sicilia
701 3507 862 3595 provincia
887 3507 920 3570 in
946 3516 1093 3593 praetura

80 3600 173 3672 luent.
219 3617 287 3671 turn
308 3617 469 3693 praetores
490 3606 586 3671 creati
609 3603 669 3669 Cn.
687 3603 820 3668 Fulvius
841 3601 991 3680 Flaccus,
1020 3598 1090 3688 [Q]

80 3694 218 3767 lhudiua
240 3699 338 3779 Nero,
366 3700 415 3765 M.
437 3698 549 3765 Iunius
574 3696 716 3775 Silanus,
743 3697 781 3761 P.
802 3694 967 3761 Cornelius
992 3693 1091 3760 Sulla.

80 3795 197 3863 omitiis
214 3795 363 3881 perfectis
381 3795 514 3861 dictator
531 3794 718 3881 magistratu
735 3790 821 3856 abiit.

121 3890 250 3957 Aedilis
268 3888 387 3955 eurulis
404 3884 464 3956 fuit
482 3910 520 3956 eo
538 3910 620 3954 anno
640 3908 713 3951 cum
730 3884 778 3949 Μ.
789 3882 938 3949 Cornelio
948 3876 1091 3972 Cethego
1109 3905 1125 3952 c

79 3992 94 4053 '.
120 3984 291 4053 Cornelius
315 3981 438 4070 Scipio,
466 3984 517 4050 cui
542 3992 614 4070 post
640 3980 793 4047 Africano
818 3977 880 4044 luit
905 3992 1090 4066 cognomen.
