2528 4530
74 214 78 219 ’
141 239 206 309 226
406 249 526 308 amna
542 249 641 322 xxv,
661 248 704 306 11.
722 248 909 322 [suaso]

142 421 293 480 tenuerat.
333 431 393 476 nec
411 409 587 475 sustinuere
604 409 756 496 impetum
773 406 924 487 Romani,
944 407 1002 474 sed
1018 406 1061 474 ab
1079 408 1183 477 effusa

143 507 222 595 fuga
237 504 299 574 loci
317 502 481 592 angustiae
499 525 554 569 eos
569 503 782 589 impeditaque
795 502 857 568 alia
872 524 966 589 opere
979 501 1043 568 iam
1057 515 1181 592 coepto,

110 625 124 672 c
144 601 205 667 alia
222 608 375 685 apparatu
392 597 495 684 operis
512 597 724 663 morabantur.
756 597 884 684 plurimi
900 597 934 661 in
950 596 1074 664 fossam
1092 621 1181 686 prae·

144 693 313 780 cipitavere
336 691 494 776 occisique
516 700 591 758 sunt
611 692 718 777 plures
740 691 775 757 in
796 692 874 779 fuga
896 713 992 777 quam
1009 693 1179 781 inpugna

111 812 125 858 ι
144 789 218 853 inde
235 797 266 852 et
284 810 363 874 opus
381 786 467 852 nullo
484 785 669 874 prohibente
686 785 755 857 fieri
772 796 933 872 coeptum:
960 786 1051 853 fossa
1067 788 1178 876 ingens

144 884 238 948 ducta
256 892 288 948 et
303 881 422 946 vallum
439 881 520 947 intra
538 903 608 946 eam
626 880 769 968 erigitur3
791 881 977 966 modicoque
994 892 1070 969 post
1086 883 1177 948 inter·

143 976 227 1042 vallo
249 998 373 1041 murum
396 975 491 1041 etiam
514 976 624 1041 eadem
645 975 774 1062 regione
796 975 911 1040 addere
937 985 1041 1062 parat,
1070 986 1106 1041 ut
1131 976 1175 1041 vel

110 1089 126 1136 8
145 1072 212 1138 sine
230 1070 386 1159 praesidio
405 1071 485 1136 tueri
503 1093 537 1137 se
552 1070 702 1136 adversus
712 1070 874 1136 Romanos
887 1080 1027 1156 possent.
1056 1070 1177 1157 reliquit

143 1176 249 1231 tamen
267 1165 426 1231 modicum
443 1164 649 1252 praesidium,
670 1164 764 1230 simul
780 1173 816 1229 ut
832 1164 866 1229 in
879 1165 1073 1251 perficiendo
1090 1187 1179 1234 muro

144 1261 315 1327 adiuvaret.
343 1259 411 1346 ipse
429 1259 589 1346 profectus
608 1281 681 1325 cum
699 1258 811 1324 ceteris
829 1259 928 1344 copiis
946 1259 988 1324 ad
1007 1255 1176 1329 Galaesum

111 1373 125 1420 9
143 1353 262 1420 flumen
273 1354 451 1439 -quinque
468 1353 555 1433 milia
572 1352 612 1419 ab
630 1351 708 1418 urbe
726 1351 816 1419 abest
828 1353 974 1439 —posuit
991 1363 1102 1421 castra
1132 1376 1175 1423 ex

143 1448 193 1514 his
221 1448 342 1515 stativis
365 1469 529 1536 regressus
556 1447 597 1513 ad
622 1447 870 1534 inspiciendum,
906 1448 992 1533 quod
1018 1471 1097 1537 opus
1118 1445 1170 1514 ali·

144 1551 298 1628 quantum
316 1543 462 1629 opinione
479 1542 547 1608 eius
566 1540 697 1608 celerius
712 1550 865 1620 creverat,
885 1565 975 1628 spem
989 1543 1073 1630 cepit
1085 1542 1164 1610 etiam

145 1659 250 1704 mecm
269 1637 443 1724 expugnari
464 1659 568 1724 posse.
613 1646 645 1702 et
662 1646 711 1702 est
733 1659 798 1703 non
815 1635 994 1717 altitudine,
1013 1648 1049 1704 ut
1066 1647 1160 1716 cetera,

127 1739 226 1810 tuta,
253 1731 310 1797 sed
330 1730 401 1800 loco
423 1731 517 1818 plano
539 1731 643 1817 posita
665 1740 696 1795 et
718 1729 758 1795 ab
781 1729 859 1797 urbe
884 1753 975 1797 muro
997 1741 1115 1798 tantum
1132 1752 1158 1797 aa

93 1845 126 1892 10
143 1824 232 1891 fossa
258 1825 368 1890 divisa.
414 1846 486 1891 cum
511 1825 576 1890 iam
601 1824 868 1891 machinationum
895 1826 982 1892 omni
1007 1832 1156 1914 generest
1182 1834 1187 1905 ξ

145 1916 292 2005 operibus
315 1929 563 2006 oppugnaretur,
590 1920 724 1987 missum
746 1920 971 2008 aMetapcnto
988 1922 1154 2007 praesidinm
1182 1920 1187 2003 f

144 2012 297 2080 Romanis
333 2013 408 2079 fecit
443 2014 600 2094 animum,
636 2026 671 2080 ut
700 2025 792 2081 nocte
824 2037 864 2081 ex
894 2016 1056 2102 inproviso
1084 2036 1154 2103 open
1183 2022 1187 2079 ¹.

144 2107 283 2174 hostium
296 2107 487 2173 invaderent.
516 2108 577 2174 alia
590 2109 792 2188 disiecerunt,
811 2109 872 2174 alia
884 2109 952 2197 igni
965 2116 1153 2198 corruperunt

95 2219 126 2266 11
144 2202 235 2287 isque
252 2201 323 2267 finis
346 2199 520 2268 Hannibali
537 2202 597 2268 fuit
615 2225 653 2269 ea
669 2213 758 2289 parte
776 2226 880 2269 arcem
898 2204 1088 2291 oppugnare.
1119 2222 1155 2267 re-

143 2298 230 2384 hqua
255 2308 321 2364 erat
347 2298 380 2362 in
406 2298 569 2365 obsidione
596 2321 684 2386 spes,
711 2299 928 2365 necessatis
952 2296 1155 2384 efficax,qub

144 2414 248 2459 arcem
267 2402 422 2470 tenentes,
450 2415 531 2478 quae
552 2392 585 2457 in
606 2392 812 2480 paeneinsula
829 2393 933 2480 posita
950 2395 1091 2461 imminet
1105 2392 1155 2458 hu·
1184 2408 1187 2419 ’

145 2487 233 2554 cibus
251 2497 375 2575 portus,
394 2510 480 2554 mare
492 2486 626 2554 liberum
642 2487 816 2566 habebant,
835 2486 911 2554 urbs
925 2498 1036 2556 contra
1053 2486 1156 2555 exclusa
1184 2486 1187 2529 ³

144 2581 309 2647 maritimis
335 2581 574 2661 commeatibus,
601 2582 794 2669 propiusque
819 2581 958 2692 inopiam
986 2591 1074 2650 erant
1094 2577 1158 2649 obsi·

95 2690 126 2738 12
144 2675 254 2741 dentes
281 2696 376 2760 quam
404 2675 536 2743 obsessi.
589 2674 753 2742 Hannibal
779 2677 959 2743 convocatis
984 2674 1156 2764 principibus

146 2768 323 2835 Tarentinis
342 2792 451 2836 omnes
473 2781 620 2858 praesent
620 2771 648 2837 is
608 2770 800 2836 tdifficult
787 2780 867 2837 tates
891 2772 1052 2881 exposuit.
1077 2787 1158 2857 neque

146 2863 225 2929 arcis
252 2872 317 2929 tam
342 2865 481 2931 munitae
508 2867 738 2954 expugnandae
764 2889 890 2932 cernere
916 2867 1003 2932 viam
1025 2887 1122 2953 neque
1136 2863 1159 2927 in

146 2956 308 3024 obsidione
331 2959 499 3045 quicquam
524 2960 641 3027 habere
665 2961 746 3048 spei,
775 2961 875 3027 donec
897 2960 977 3026 mari
998 2961 1105 3028 hostes
1117 2978 1159 3045 ptr

96 3063 128 3112 13
147 3052 225 3117 tiant
225 3075 271 3117 ur.
299 3053 424 3137 quod
399 3077 427 3120 s1
439 3077 536 3120 naves
555 3055 632 3134 sint,
652 3054 766 3140 quibus
781 3064 935 3120 commeat
935 3077 973 3120 us
922 3054 1092 3122 tinvehi
1100 3072 1159 3139 pra
1185 3056 1187 3069 '

145 3145 265 3226 hibeat,
285 3147 442 3235 extemplo
455 3158 509 3215 aut
522 3171 593 3215 arce
609 3171 753 3215 cessuros
768 3158 822 3215 aut
835 3149 996 3214 dedituros
1017 3173 1052 3215 se
1067 3143 1158 3213 hostis.

95 3254 129 3302 14
146 3239 402 3313 adsentiebantur
423 3241 599 3322 Tarentini3
622 3252 761 3309 ceterum
782 3242 826 3320 ei,
859 3242 913 3327 qui
935 3243 1101 3309 consilinm
1117 3236 1162 3305 ad·

145 3334 250 3414 ferret,
266 3357 359 3422 opem
368 3336 536 3423 quoquein
545 3359 616 3403 eam
623 3359 691 3402 rem
700 3335 903 3403 adferendam
917 3336 1162 3404 censebantene

95 3444 128 3490 15
145 3427 283 3494 Punicas
311 3429 394 3495 enim
420 3453 517 3497 naves
543 3453 584 3496 ex
611 3426 720 3498 Sicilia
741 3429 856 3496 accitas
878 3430 913 3494 id
938 3452 1036 3517 posse
1060 3429 1163 3503 facea

147 3545 235 3601 suas,
254 3545 335 3608 quae
353 3524 424 3590 sinn
438 3524 552 3613 exiguo
565 3525 650 3590 intus
663 3523 804 3591 inclusae
817 3533 937 3603 essent,
956 3546 1032 3590 cnm
1043 3523 1164 3590 enusn

145 3627 254 3705 portus
271 3617 372 3684 hostis
390 3617 534 3698 haberet,
553 3641 685 3704 ecquem
702 3619 743 3684 ad
760 3618 890 3684 modum
903 3617 977 3684 inde
989 3618 1025 3683 in
1037 3626 1164 3706 apertum

96 3726 128 3773 16
146 3733 232 3777 mare
250 3711 420 3778 evasuras?
455 3711 631 3792 ‘evadent3'
648 3713 750 3798 inquit
766 3711 929 3780 Hannibal
948 3710 1077 3791 ‘multa,
1099 3726 1164 3797 quet

145 3805 285 3892 inpedita
311 3816 423 3873 natura
449 3819 539 3888 sunt,
577 3808 707 3874 consilio
734 3808 951 3894 expediuntur.
1008 3803 1166 3875 urbemiu

147 3919 258 3987 campo
276 3899 368 3966 sitam
385 3899 517 3968 habetis.
556 3901 669 3989 planae
687 3911 718 3967 et
736 3902 811 3967 satis
829 3901 911 3967 latae
931 3901 1003 3968 viae
1020 3897 1167 3989 patentis

96 4010 128 4058 ιι
148 3992 248 4058 omnis
265 3994 373 4081 partis.
417 3995 482 4075 via,
511 4018 592 4082 quae
608 3996 642 4060 in
658 4006 785 4083 portum
801 4018 859 4083 per
875 3995 1014 4062 mediam
1031 3994 1169 4063 urbana
