2528 4530
317 253 437 309 arnna
453 252 692 326 xx11‚sr-ss.
713 258 750 325 [a
762 253 866 327 carn]
1046 245 1110 313 107

80 425 216 501 quattuor
233 434 277 480 ex
293 412 345 478 his
362 411 502 499 legiones
522 422 552 476 et
570 412 655 477 mille
673 413 794 497 equites
813 413 929 480 effecti.
973 414 1050 481 item
1068 417 1110 482 ad
1128 437 1162 487 ro

80 511 170 575 ocios
184 506 404 592 Latinumque
418 528 534 572 nomen
551 508 593 572 ad
609 508 724 574 milites
743 530 783 573 ex
800 509 937 574 formula
954 511 1110 596 accipisn-

80 605 126 668 los
140 604 282 667 mittunt.
320 623 421 678 arma,
440 600 516 679 tela,
536 601 599 666 alia
614 602 719 688 parari
735 602 846 668 iubent
863 613 895 669 et
912 613 1019 669 vetera
1037 624 1110 690 spo·

80 699 112 763 ia
140 696 285 764 hostium
317 696 484 761 detrahunt
516 695 642 781 templis
668 696 913 782 porticibusque.
958 709 989 763 et
1015 698 1109 763 aliam
1128 721 1159 768 11

80 793 206 859 immam
223 791 300 856 novi
318 790 450 856 dilectus
468 790 575 876 inopia
592 789 761 856 liberorum
779 792 918 877 capitum
941 813 979 857 ac
999 814 1111 858 neces-

80 889 146 954 sitas
172 886 278 951 dedit:
314 895 385 950 octo
415 884 502 949 milia
528 885 678 950 iuvenum
705 885 881 951 validorum
907 908 948 951 ex
974 887 1108 952 servitiis

80 983 154 1068 prius
184 980 383 1045 sciscitantes
411 978 568 1065 singulos,
595 979 751 1044 vellentne
773 979 920 1057 militare,
946 981 1110 1068 redempta

80 1074 195 1162 publice
213 1082 424 1138 armaverunt.
468 1072 520 1137 hic
538 1072 628 1136 miles
647 1072 749 1158 magis
766 1073 899 1158 placuit,
918 1094 991 1138 cum
1008 1075 1109 1160 pretio
1128 1096 1160 1143 12

80 1171 190 1236 minore
209 1169 364 1234 redimere
382 1168 524 1253 captivos
543 1168 634 1253 copia
651 1168 748 1233 fieret.

130 1262 264 1329 LVIII.
304 1262 449 1346 Namque
467 1262 631 1327 Hannibal
650 1263 824 1327 secundum
841 1273 906 1328 tam
923 1284 1107 1349 prosperam
1127 1287 1141 1333 1

80 1359 113 1423 nl
127 1357 261 1423 Cannas
283 1378 424 1443 pugnam
446 1356 574 1421 victoris
596 1357 699 1443 magis
721 1378 816 1440 quam
834 1355 953 1421 bellum
970 1357 1108 1443 gerentis

82 1452 209 1517 huntus
223 1451 319 1528 curis,
339 1472 411 1515 oum
424 1451 557 1536 captivis
566 1450 727 1536 productis
742 1451 980 1538 segregatisque
995 1451 1107 1530 socios,
1127 1473 1143 1520 a

90 1544 151 1611 san
169 1555 251 1611 ante
275 1544 316 1610 ad
337 1544 487 1610 Trebiam
510 1545 806 1630 Trasumenumque
827 1545 945 1623 lacum,
972 1546 1109 1633 benigne

87 1638 237 1706 adcantus
251 1639 321 1704 sine
332 1639 434 1725 pretio
447 1639 632 1717 dimisisset,
651 1640 813 1705 Romanos
827 1662 954 1725 quoqne
966 1653 1107 1718 vocatos,

81 1735 152 1817 qnod
167 1756 348 1818 numquam
366 1733 444 1798 alias
458 1743 563 1811 antea,
583 1734 659 1798 satis
674 1734 742 1799 miti
756 1756 899 1800 sermone
913 1734 1107 1819 adloquitur:

80 1848 131 1893 non
145 1827 381 1894 internecivum
395 1827 455 1894 sibi
469 1850 540 1894 esse
555 1850 626 1892 cum
635 1827 788 1894 Romanis
802 1827 934 1905 bellum,
952 1829 992 1893 de
1007 1829 1109 1915 digni·
1127 1851 1143 1899 a

80 1932 131 1987 ste
156 1933 257 2007 atque
283 1922 415 2010 imperio
442 1933 570 1988 certare.
615 1933 647 1988 et
676 1934 781 2009 patres
811 1923 919 1988 virtuti
945 1924 1109 1990 Romanae

80 2016 208 2082 cessisse
230 2025 263 2080 et
284 2038 320 2082 se
342 2016 375 2081 id
397 2017 509 2095 adniti,
537 2026 572 2081 nt
591 2038 667 2082 suae
684 2018 717 2081 in
734 2017 837 2082 vicem
856 2018 950 2082 simul
967 2018 1109 2084 felicitati

80 2120 103 2174 rt
123 2110 235 2175 virtuti
263 2110 401 2176 cedatur.
445 2111 552 2196 itaque
574 2111 748 2176 redimendi
771 2133 806 2176 se
828 2113 962 2197 captivis
984 2114 1143 2198 copiama

80 2204 181 2271 boare.
228 2206 365 2292 pretium
392 2205 460 2272 fore
486 2207 519 2271 in
541 2207 645 2292 capita
667 2206 764 2290 equiti
785 2206 961 2292 quingenos
983 2208 1109 2290 quadri-

80 2310 159 2385 gatos
181 2322 348 2378 nummos,
376 2310 518 2366 trecenos
540 2300 652 2386 pediti,
681 2321 772 2365 servo
795 2310 953 2365 centenos.
998 2321 1143 2384 quam-5

80 2415 163 2478 quam
181 2394 379 2479 aliquantum
398 2394 592 2460 adiciebatur
605 2392 763 2478 equitibus
778 2393 819 2457 ad
831 2393 865 2458 id
876 2394 1026 2479 pretium,
1045 2415 1109 2477 quo

80 2489 256 2576 pepigerant
276 2489 427 2555 dedentes
451 2512 500 2567 se,
526 2489 602 2554 laeti
623 2499 729 2554 tamen
751 2509 982 2573 quamcumque
1000 2489 1108 2554 condi-

80 2581 191 2648 cionem
209 2583 392 2669 paciscendi
409 2594 607 2670 aoceperunt.
651 2582 770 2669 placuit
793 2582 944 2669 suffragio
966 2582 1106 2668 ipsorum
1125 2603 1140 2652 6

80 2676 177 2743 decem
198 2677 310 2764 deligi,
333 2679 389 2762 qui
406 2678 542 2743 Romam
560 2679 601 2742 ad
624 2687 768 2744 senatum
789 2676 883 2755 irent,
910 2698 969 2742 nec
990 2677 1105 2764 pignus

80 2770 152 2837 nlind
169 2771 250 2836 fidei
267 2794 362 2855 quam
380 2783 416 2837 ut
432 2772 571 2838 iurarent
589 2794 624 2838 se
640 2773 795 2838 redituros
814 2781 988 2859 acceptum.
1033 2772 1109 2838 mis·
1127 2794 1142 2841 ⁷

80 2886 125 2929 rus
141 2888 216 2931 cnm
229 2866 280 2931 his
297 2865 448 2932 Carthalo
461 2866 575 2933 nobilis
591 2865 877 2952 Carthaginiensis,
895 2866 964 2951 qui,
984 2866 1012 2931 si
1027 2866 1109 2931 forte

80 2958 231 3046 edpacem
244 2960 409 3027 inclinaret
419 2961 553 3038 animus,
569 2961 768 3027 condiciones
777 2961 882 3027 ferret.
906 2982 979 3025 cum
988 2960 1109 3047 egressi
1127 2980 1143 3030 8

81 3055 180 3121 metris
200 3065 322 3133 essent,
340 3078 424 3121 unus
442 3057 554 3134 exiis,
577 3056 706 3121 minime
723 3055 861 3121 Romani
878 3055 985 3142 ingeni
1003 3055 1107 3132 homo,

82 3147 165 3214 relnti
186 3149 310 3233 aliquid
332 3149 448 3216 oblitus
470 3150 689 3216 iurisiurandi
711 3150 853 3215 solvendi
871 3170 1058 3215 causacum
1074 3148 1109 3210 in

89 3252 172 3309 ntra
187 3244 341 3320 redisset,
361 3254 434 3309 ante
451 3258 576 3309 noctem
594 3245 724 3310 comites
743 3243 934 3328 adsequitur.
975 3240 1031 3306 ubi
1042 3240 1108 3306 Ro·
1126 3261 1142 3309 s

89 3352 157 3401 matr
174 3339 286 3404 venire
309 3360 364 3404 eos
386 3340 564 3404 nuntiatum
582 3349 644 3417 est,
673 3338 857 3405 Carthaloni
875 3337 1001 3403 obviam
1018 3336 1109 3402 lictor

86 3426 200 3511 ubres,
229 3434 286 3517 qui
313 3434 473 3499 dictatoris
500 3433 604 3499 verbis
632 3434 803 3511 nuntiaret,
830 3443 865 3497 ut
888 3442 960 3497 ante
982 3440 1107 3497 noctem

85 3526 236 3593 morderet
253 3527 370 3594 finibus
388 3529 552 3594 Romanis.

136 3621 280 3688 LVIIII.
311 3624 445 3711 Legatis
464 3624 659 3710 captivorum
678 3633 805 3690 senatus
823 3622 864 3687 ab
883 3622 1033 3686 dictatore
1051 3618 1140 3692 dar-1

86 3718 127 3778 hu
146 3728 202 3782 est.
248 3738 383 3802 quorum
404 3719 552 3805 princeps
570 3718 618 3784 M.
637 3719 749 3783 Iunius
774 3724 893 3804 ‘patres
917 3713 1107 3798 conscripti,'

87 3802 173 3892 inquit
189 3816 297 3877 ‘nemo
314 3823 460 3877 nostrum·
474 3814 611 3900 ignorat,
630 3813 708 3877 nulli
720 3833 872 3896 umquam
886 3808 1006 3875 civitati
1018 3807 1107 3872 vilio-

89 3918 128 3964 res
150 3902 249 3970 fuisse
275 3908 417 3993 captivos
443 3929 539 3996 quam
565 3916 700 3972 nostrae.
746 3916 899 3982 ceterum,
927 3903 988 3967 nisi
1014 3902 1141 3971 nobisa

91 3991 149 4077 plns
168 3999 250 4066 iusto
272 4011 380 4067 nostra
401 4003 505 4088 placet
527 4025 637 4080 causa,
664 4025 729 4069 non
750 4002 804 4067 alii
824 4022 976 4085 umquam
1002 4000 1107 4064 minus
