2528 4530
203 232 269 323 208
426 254 805 336 immurmurasse.
825 264 1009 336 [suasu]
1046 286 1050 293 ·

205 424 341 494 mancis
359 418 609 508 Macedoniaque
632 442 704 488 curn
726 418 850 510 legione
874 434 905 488 et
927 423 1042 502 cless'o,
1070 440 1170 508 quam
1187 423 1242 491 lte·

204 524 305 603 beret,
335 516 376 606 Q.
394 516 505 587 Mucio
532 538 604 585 cum
630 528 734 584 vetere
761 515 900 585 ererum
916 558 944 568 -
961 516 1042 585 duae
1065 528 1175 585 eutem
1199 519 1241 586 le-

205 618 317 706 giones
334 625 422 682 erant
439 653 466 664 -
484 608 644 692 Sardinia,
673 610 711 679 C.
731 604 881 679 Terentio
897 614 981 702 legio
1002 628 1081 692 una,
1109 612 1164 678 cul
1180 614 1240 679 iam

171 722 361 802 opraeerat,
390 701 463 799 [ad]
483 702 647 775 Picenum.
692 708 786 774 scribi
807 722 968 796 praeterea
994 708 1077 775 duae
1102 706 1240 775 tubanas

205 802 346 894 legiones
373 798 479 870 iussae
505 815 537 869 et
562 802 674 890 viginti
700 800 786 868 milia
812 804 978 869 sociorum.
1022 798 1074 868 his
1096 800 1236 882 ducibus,

205 898 256 966 his
283 892 382 986 copiis
408 899 561 964 aduersus
586 896 686 962 mulia
712 892 806 961 mmul
832 908 885 962 aut
907 907 992 962 mota
1014 902 1069 962 ant
1095 905 1238 983 suspecte

206 986 290 1060 bella
307 993 507 1058 muniverunt
524 984 704 1057 &manum
721 986 896 1076 imperinm.

174 1109 188 1154 r
272 1080 444 1166 Consules,
471 1082 594 1151 dnabm
617 1084 745 1151 omanis
767 1080 946 1171 legionibus
968 1085 1095 1171 scriptis
1117 1082 1234 1171 suppio·

207 1190 377 1266 mentoque
402 1178 435 1246 in
461 1181 539 1246 alias
564 1181 660 1258 lecto,
686 1180 871 1266 priusquam
897 1176 937 1245 ab
964 1178 1042 1244 urbe
1069 1190 1230 1255 moverent,

170 1295 188 1344 8
206 1268 350 1364 prodigit
367 1285 586 1363 procurarunt,
605 1294 687 1358 qnae
703 1268 846 1340 nuntiate
863 1283 960 1339 erant.
997 1270 1121 1360 [Antii]
1134 1286 1230 1338 murus

207 1386 245 1436 uc
270 1379 378 1456 portae
404 1370 505 1434 tactae
533 1376 563 1433 et
585 1367 713 1433 Ariciae
739 1362 836 1432 etiam
859 1364 945 1433 Iovis
972 1367 1061 1432 aedis
1088 1368 1130 1433 de
1154 1362 1229 1432 coelo

206 1475 291 1531 tacta
307 1465 419 1530 fuerat.
462 1475 492 1530 et
510 1464 571 1529 alia
588 1456 723 1530 ludibrio
740 1464 902 1529 oculorum
920 1462 1107 1548 auriumque
1126 1462 1231 1529 credito

206 1574 264 1645 pro
282 1560 382 1625 veriet
398 1556 527 1625 navlum
539 1554 705 1645 longarum
720 1559 840 1644 spectes
853 1559 886 1622 in
899 1554 1027 1622 flumme
1043 1552 1229 1633 Tarracinae,

206 1668 271 1737 qua
287 1652 373 1719 nulla
391 1663 470 1730 emt,
489 1653 591 1731 visae,
611 1662 642 1717 et
660 1652 693 1716 in
710 1646 797 1718 Iovis
809 1646 938 1718 tuemini
955 1643 1087 1738 templo,
1107 1646 1231 1737 quodin

209 1744 392 1834 Compsano
410 1764 487 1833 agro
505 1752 567 1824 est,
595 1760 682 1811 arma
700 1747 933 1832 concrepuisse,
963 1757 994 1811 et
1015 1741 1135 1811 flumen
1151 1744 1232 1811 nni-

208 1836 288 1907 ternl
305 1850 469 1906 cruentum
486 1838 626 1905 fluxisse.

174 1952 189 2000 o
272 1928 335 2002 ms
353 1936 525 2022 procuratis
544 1952 584 2000 ex
601 1936 726 2001 decreto
743 1934 927 2021 pontificum
939 1929 1073 2022 proiecti
1086 1935 1228 2013 consus,
1258 1940 1262 2017 ζ

157 2044 190 2093 ιο
210 2022 416 2117 Sempronius
433 2030 468 2094 in
484 2020 650 2107 Lucanos,
677 2026 712 2094 tn
728 2024 881 2115 Apuliam
897 2020 1027 2095 Fabius.
1072 2040 1160 2116 pater
1172 2026 1228 2094 filio
1254 2096 1262 2111 ,

206 2125 331 2212 legatus
349 2118 391 2189 ad
409 2114 596 2190 Suessulam
613 2123 646 2188 in
664 2132 767 2189 castra
784 2123 878 2188 venit.
924 2138 997 2189 oum
1014 2120 1142 2190 obviam
1154 2120 1225 2188 ilios
1260 2116 1262 2195 J

207 2219 447 2306 progrederetur
463 2216 651 2302 lictoresque
669 2217 857 2283 verecundia
878 2216 1053 2284 maiestatis
1071 2219 1139 2284 eius
1154 2212 1223 2282 urit

208 2306 374 2391 anteirent,
401 2324 525 2401 praeter
542 2312 689 2377 undecim
707 2312 811 2378 fasces
830 2326 911 2397 equo
929 2322 1116 2399 praevectus
1135 2322 1223 2385 senex,

207 2416 242 2473 ut
268 2407 379 2473 consul
405 2402 654 2472 animadvertere·
677 2404 856 2492 proximum
877 2404 1019 2473 lictorem
1044 2407 1137 2472 iussit
1153 2410 1223 2470 etot

207 2504 249 2580 is,
269 2495 473 2568 descenderet
490 2523 530 2566 ex
548 2514 643 2584 equo,
662 2498 851 2578 inclamarit,
872 2511 940 2566 tum
953 2500 1082 2567 demum
1094 2498 1222 2565 desum

209 2594 370 2682 ‘experiri'
396 2594 497 2680 lnquit
524 2588 643 2673 ‘rolul,
679 2590 742 2674 fili,
779 2595 860 2660 satin
891 2596 987 2661 scires
1019 2595 1221 2661 considerato

209 2690 302 2757 esse’.
1165 2730 1168 2737 .

175 2796 188 2846 1
272 2774 463 2847 XXXXV.
516 2778 556 2847 ln
586 2804 624 2848 ea
655 2796 757 2849 caetra
783 2782 905 2848 Durius
932 2780 1073 2849 Altinius
1100 2782 1220 2870 Arpinus

208 2872 290 2941 ctam
311 2886 404 2941 noete
425 2894 497 2941 cum
520 2874 619 2942 tribus
643 2872 743 2944 servis
765 2877 864 2957 venit,
895 2870 1097 2964 promittens,
1134 2868 1219 2944 am

173 2971 348 3057 apraemio
369 2970 463 3050 foret,
491 2992 525 3036 se
548 2969 655 3058 Arpos
677 2970 873 3058 proditurum
895 2988 975 3038 esse.
1020 2962 1217 3038 eamrcmrt

208 3060 373 3130 cmsilinm
401 3060 503 3152 [oum]
529 3064 700 3131 rettullsset
726 3062 859 3144 Fabius,
897 3064 968 3133 aliie
993 3089 1051 3152 pro
1077 3062 1218 3147 tramittit

207 3158 421 3225 verberandus
438 3160 660 3244 necandusque
677 3158 777 3225 videri
794 3160 940 3246 ancipitis
956 3160 1053 3225 animi
1066 3152 1220 3226 communit

206 3252 321 3332 hostis,
349 3252 404 3338 qni
424 3263 497 3340 post
515 3252 717 3319 Cannensem
738 3253 875 3331 cladem,
904 3262 1067 3338 tamquam
1089 3242 1221 3320 cumton
1258 3253 1259 3256 ’

207 3357 284 3412 tuna
313 3344 409 3413 ildem
426 3343 522 3413 'sture
553 3356 725 3434 oporteret,
762 3347 805 3412 ad
832 3338 1048 3412 Hannibalem·
1078 3347 1221 3417 decursu

178 3439 355 3508 euaderet
380 3440 422 3508 ad
447 3442 656 3509 desectionem
673 3441 794 3530 Arpos,
822 3451 904 3522 tum,
931 3443 1083 3527 qnoniam
1104 3458 1157 3508 res
1173 3438 1223 3505 ra

208 3552 301 3602 mana
318 3547 427 3602 contra
444 3554 533 3625 spem
550 3546 685 3622 votaque
704 3537 771 3603 eius
792 3537 878 3603 velut
899 3546 1092 3624 resugeret,
1120 3533 1223 3621 turciu

207 3624 351 3697 videatur
371 3648 487 3698 novam
512 3631 631 3698 referre
654 3624 863 3718 proditionem
892 3625 1027 3717 proditis
1058 3628 1155 3697 olims·
1182 3620 1223 3711 qm

208 3724 334 3792 aliunde
348 3736 409 3792 stet
427 3742 565 3813 semper,
583 3724 708 3791 aliunde
723 3726 850 3803 eonfiat,
869 3725 988 3791 infidus
1001 3725 1122 3805 socius,
1139 3728 1223 3789 suut

208 3818 324 3885 hostiae
342 3808 585 3886 sellulariorum
594 3816 773 3907 Pyrrhique
787 3812 982 3906 manaen
999 3820 1127 3885 toruum
1140 3826 1224 3883 mm·
1259 3906 1262 3911 Ι

174 3930 192 3979 s
209 3911 297 3999 fugis
313 3910 535 3980 documentum
553 3932 633 3980 esse.
677 3923 786 3980 contra
803 3930 841 3979 ea
857 3914 997 3980 consulis
1014 3924 1108 4001 pater
1119 3908 1224 3979 Fabiu

209 4014 386 4093 temporum
398 4008 511 4074 oblitos
525 4007 668 4074 homines
682 4004 716 4073 in
729 4007 833 4074 medio
848 4008 957 4074 ardore
970 4008 1060 4087 belli,
1079 4014 1223 4091 umqum
