2528 4530
146 265 209 333 116
364 272 752 345 clarummane.
773 262 957 346 [111111]

97 458 128 506 11
146 434 356 502 multitudinis
368 433 495 500 obviam
508 433 620 511 issent,
638 450 703 498 non
715 452 735 496 a
747 431 961 499 misericordia
975 443 1030 499 aut
1044 434 1118 498 hum

146 529 291 608 consitio,
319 529 377 594 sed
397 548 438 595 ne
460 546 550 613 apem
570 526 692 592 reditus
712 525 927 612 praeciderent
948 527 1023 606 sibi,
1057 539 1089 593 et
1112 555 1118 590 t

94 646 127 695 11
145 626 233 712 ipsos
260 623 353 690 simul
379 622 494 688 milites
520 622 601 689 fidos
627 620 791 699 habereut,
820 622 914 687 111111
939 622 1083 702 obsides,

72 752 80 774 ·
147 727 300 806 cognatm
312 738 439 802 quoque
452 737 560 782 eorum
573 725 667 798 atque
681 714 800 780 amicos
815 724 902 783 tanto
913 717 1025 782 merito
1033 718 1117 802 prim

96 833 129 880 14
147 812 223 878 dein
245 812 376 899 pignore
403 810 465 876 sibi
489 809 699 875 conciliarent.
752 810 951 896 expertique,
976 830 1074 895 quam
1100 834 1118 875 1

146 905 282 972 1111111
304 924 381 970 aura
402 902 518 970 mobile
535 903 650 990 volgus
673 912 771 981 esset,
798 903 929 968 militem
950 906 1059 970 nancti
1082 927 1118 970 ea

145 1020 291 1078 numero,
318 998 373 1083 qui
396 998 430 1062 in
450 997 617 1063 Leontinis
640 997 840 1062 circumsessi
861 1006 964 1076 erant,
998 998 1116 1065 subom

144 1104 180 1158 ut
203 1091 379 1179 Syracusas
401 1092 553 1178 perferret
573 1091 719 1156 nuntium
745 1091 983 1156 convenientem
1009 1093 1071 1172 eis,
1099 1114 1118 1178 q

95 1209 126 1256 11
144 1189 186 1255 ad
198 1187 312 1274 Mylan
329 1187 411 1253 falso
428 1187 571 1252 nuntiata
588 1196 689 1264 erant,
708 1195 932 1271 auctoremque
948 1207 983 1252 ae
1001 1187 1118 1254 exbibet

145 1305 182 1349 ac
203 1282 291 1348 uelut
315 1282 385 1347 visa
407 1302 491 1366 quae
511 1280 608 1345 dubia
629 1289 719 1346 erant
742 1280 898 1346 nauando
920 1281 1090 1348 concitaret
1113 1283 1118 1347 i

145 1377 319 1442 homiuum

113 1483 126 1529 1
210 1466 366 1538 XXXII.
402 1468 490 1534 Huic
506 1488 570 1534 non
588 1477 664 1554 aput
681 1466 812 1554 volgum
828 1467 925 1533 modo
940 1468 1020 1534 fides
1039 1469 1108 1547 fuit,

147 1574 290 1632 senatum
309 1583 436 1649 quoque
452 1563 486 1627 in
503 1562 621 1628 curimn
642 1561 837 1627 innocuum
859 1562 967 1628 movit
1012 1563 1118 1628 haute

145 1658 274 1743 quidam
291 1658 437 1724 homiues
455 1656 561 1745 palam
582 1655 664 1721 ferre
685 1655 823 1742 perbene
845 1656 1001 1722 detectam
1021 1657 1055 1722 in
1071 1657 1118 1722 Le

145 1754 220 1818 tinis
238 1774 308 1818 esse
326 1752 489 1817 avaritiam
511 1760 543 1815 et
560 1749 775 1816 crudelitatem
791 1749 1018 1816 Romanorum.
1058 1752 1118 1816 ead«

146 1846 174 1911 si
199 1846 368 1911 1111111111
387 1843 578 1931 Syracusas,
605 1854 659 1910 aut
684 1844 825 1910 foediora
851 1845 958 1923 111111,
987 1864 1050 1930 quo
1076 1864 1118 1910 ma

112 1955 127 2002 a
145 1940 191 2005 ibi
208 1940 357 2004 avaritiae
373 1938 548 2024 praemium
565 1948 664 2018 esset,
682 1939 820 2005 facturos
838 1939 947 2005 finisse.
975 1940 1082 2024 itaque
1092 1938 1118 2004 cl

146 2034 266 2099 dendus
298 2035 403 2098 cuncti
431 2042 538 2119 portas
570 2043 602 2098 et
631 2033 868 2099 custodiendam
899 2033 1010 2100 urbem
1041 2055 1118 2098 cenat

61 2120 66 2131 ’
146 2128 204 2193 sed
224 2150 289 2193 non
309 2127 351 2193 ab
372 2128 474 2193 isdem
495 2128 597 2193 omnis
620 2128 729 2193 timere
751 2149 811 2192 neo
832 2128 960 2192 eosdem
987 2128 1102 2194 odisse:

118 2266 121 2271 -
145 2221 279 2287 militare
300 2242 401 2310 genus
426 2244 519 2287 omne
540 2230 724 2308 partemque
745 2242 895 2309 magnam
916 2220 1018 2307 pretia
1042 2221 1118 2287 invia

112 2333 217 2382 31111
243 2335 358 2381 nomen
379 2315 573 2395 Romanum
604 2325 762 2401 praetores
790 2315 1050 2402 optimatiumque
1075 2337 1118 2402 par

144 2430 336 2495 quamquam
361 2410 463 2475 inflati
487 2430 569 2475 vano
594 2405 704 2474 nuntio
730 2420 832 2488 erant,
859 2420 965 2474 tamen
987 2406 1028 2474 ad
1049 2430 1118 2495 prop

143 2504 404 2592 praesentiusque
422 2504 540 2569 maium
559 2504 713 2568 cautiores
731 2524 811 2568 esse.

110 2607 127 2653 4
208 2598 254 2663 Et
270 2599 334 2663 iam
357 2599 398 2663 ad
419 2597 611 2683 hexapylum
635 2607 723 2662 erant
744 2597 955 2684 Hippocrates
983 2596 1118 2683 atqueE

145 2694 256 2779 cydca,
285 2692 530 2776 serebanturque
557 2691 722 2777 mutoquic
747 2712 803 2778 per
828 2693 1021 2778 propinquos
1048 2714 1118 2779 popa

144 2787 240 2864 rium,
269 2786 324 2870 qui
340 2785 374 2850 iu
391 2787 530 2851 exercitu
548 2796 649 2865 erant,
676 2797 711 2850 ut
728 2796 834 2872 portas
853 2787 1009 2872 aperirent
996 2787 1118 2860 1111111

145 2902 207 2990 que
225 2900 425 2946 communem
446 2881 581 2967 patriam
596 2879 729 2946 defendi
751 2881 793 2947 ab
813 2882 934 2991 impetu
951 2881 1118 2946 Remanent

111 2989 127 3034 5
145 2975 208 3039 iam
225 2975 297 3040 uuis
315 2974 437 3040 foribus
453 2975 602 3060 hexapyli
619 2975 735 3060 apertis
754 2987 844 3060 coep
845 3000 856 3039 1
832 2984 961 3040 terant
979 2976 1118 3061 recipie

144 3077 303 3154 praetores
317 3068 558 3134 interveneumt.
586 3076 618 3132 et
630 3069 733 3154 primo
744 3069 875 3154 imperio
888 3069 1057 3152 minisque,
1067 3066 1118 3133 deis

145 3163 329 3228 auctoritate
355 3163 553 3238 deterrendo,
580 3172 753 3247 postremo,
781 3173 816 3227 ut
843 3163 948 3227 omnia
974 3184 1060 3228 vana
1079 3182 1118 3226 ea

146 3256 234 3322 obliti
256 3257 430 3323 maiestatis
450 3256 595 3342 precibus
618 3257 768 3344 agebant,
795 3278 834 3321 ne
856 3254 1024 3342 proderent
1046 3254 1118 3342 patri

144 3351 271 3436 tyranni
295 3360 367 3417 aute
394 3350 580 3416 sateliitibus
600 3360 632 3416 et
654 3361 721 3416 tum
748 3350 983 3439 corruptoribus
1011 3350 1118 3416 exercit

112 3460 127 3507 e
147 3444 203 3508 sed
221 3445 335 3510 surdae
355 3445 397 3510 ad
416 3445 451 3509 id
472 3445 611 3510 omnium
630 3468 735 3524 aures,
763 3446 937 3510 concitatae
957 3444 1118 3510 multitudi

145 3548 246 3616 11111,
268 3560 327 3603 111
344 3539 464 3604 minore
480 3539 565 3603 intus
583 3539 616 3604 vi
633 3561 729 3624 quam
746 3540 821 3605 foris
840 3549 948 3624 portae
967 3537 1118 3627 effringeb

144 3640 209 3710 tur,
237 3632 437 3716 effractisque
454 3632 668 3698 omnibust
622 3642 668 3698 to
668 3655 688 3698 o
705 3633 862 3719 hexapylo
879 3652 995 3719 agmen
1015 3642 1118 3719 recept

112 3744 126 3790 1
146 3736 203 3791 est.
239 3735 399 3811 praetores
420 3726 454 3791 in
470 3726 688 3793 Achradinam
704 3750 776 3792 cum
798 3729 960 3792 iuventute
977 3726 1118 3813 populun*

145 3818 342 3906 confugiunt
386 3821 580 3886 mercennari
600 3821 680 3886 milit
667 3832 715 3887 tes
737 3821 952 3908 perfugaeque
975 3830 1007 3887 et
1024 3822 1118 3907 quidq

145 3913 304 3998 regiorum
325 3914 405 3979 milit
392 3925 458 3979 tum
478 3913 648 4002 Syracusis
667 3926 733 3981 erat
755 3936 869 4003 agmen
890 3914 1033 3981 hostium
1051 3938 1118 4004 aug

110 4021 127 4073 8
144 4006 190 4071 ita
202 4003 385 4074 Achradina
400 4031 525 4093 quoque
542 4009 644 4097 prirno
661 4010 781 4097 impetu
798 4011 920 4097 capitur
935 4020 1118 4098 praetorum
