2528 4514
150 245 269 301 omna
285 245 441 316 xxvnu,
461 246 559 301 13.14.
580 250 617 315 [a.
629 246 801 317 caesana]
929 238 995 305 455

95 412 181 469 esset.
219 413 250 468 et
266 402 313 470 M.
332 404 428 470 Livio
451 415 482 470 et
502 403 558 491 Sp.
576 405 726 471 Lucretio
750 428 822 472 cum
844 407 926 475 binis
948 410 993 474 le·
1010 433 1028 479 4

96 521 126 576 s,
162 497 277 582 quibus
309 499 460 564 adversus
486 497 661 585 Magonem
689 497 811 567 Galliae
836 504 993 589 praesidio

95 617 114 670 ;,
141 602 343 678 prorogatum
364 593 529 678 imperium
553 605 615 670 est,
642 604 674 659 et
696 593 756 660 Cn.
780 593 930 677 Octavio,
958 609 1027 668 uts

95 687 235 751 udiniam
253 686 471 772 legionemque
490 687 539 751 Ti.
554 686 690 754 Claudio
708 689 901 770 tradidisset,
924 693 993 777 ipse

95 806 98 843 t
116 781 219 867 longis
237 782 444 868 quadraginta
461 782 649 847 maritimam
667 805 769 863 oram,
792 785 906 869 quibus
924 787 993 853 fini-

95 884 171 939 tatus
189 876 377 953 censuisset,
401 884 561 942 tutaretur.
597 874 645 941 M.
664 876 841 963 Pomponio
858 881 994 966 praetori
1012 902 1026 951 o

95 969 125 1033 ia
148 968 325 1035 Cannensis
348 970 517 1048 exercitus,
545 971 625 1035 duae
650 970 806 1058 legiones,
834 974 992 1043 decretaez

95 1064 196 1130 notius
218 1065 406 1143 Tarentum,
433 1064 472 1131 C.
495 1065 654 1131 Hostilius
676 1067 821 1133 Tubulus
849 1067 994 1156 Capuam

95 1169 181 1224 tores
204 1160 286 1224 sicut
306 1160 409 1245 priore
431 1183 513 1226 anno
535 1182 607 1226 cum
630 1170 734 1227 vetere
755 1164 912 1248 praesidio
937 1165 994 1231 ob·

95 1279 106 1318 ς.
152 1254 191 1318 de
209 1253 384 1339 Hispaniae
401 1255 545 1339 imperio,
564 1277 645 1339 quos
662 1256 696 1320 in
713 1279 782 1322 eam
799 1258 993 1343 provinciam
1012 1282 1027 1329 s

95 1348 274 1413 roconsules
300 1349 382 1413 mitti
401 1349 553 1434 placeret,
578 1349 676 1415 latum
698 1352 740 1416 ad
761 1352 912 1437 populum
935 1364 992 1419 est.

95 1441 187 1507 ribus
202 1443 344 1521 eosdem,
362 1443 404 1508 L.
420 1442 601 1509 Cornelium
615 1444 788 1510 Lentulum
803 1455 834 1511 et
845 1446 888 1512 1..
899 1446 994 1513 Man·

95 1539 246 1616 cidinum,
269 1561 325 1625 pro
343 1538 539 1618 consulibus,
559 1540 640 1605 sicut
655 1540 759 1626 priore
776 1563 858 1607 anno
876 1543 993 1608 tenuis·

95 1633 206 1699 >tinere
224 1656 277 1699 eas
294 1634 472 1720 provincias
490 1635 659 1700 iusserunt.
686 1634 831 1701 consules
844 1635 993 1702 dilectum
1010 1657 1026 1705 8

97 1728 299 1794 instituerunt
316 1738 348 1794 et
365 1730 406 1794 ad
423 1752 520 1795 novas
539 1728 721 1795 scribendas
738 1729 772 1794 in
789 1730 930 1797 Bruttios
947 1733 992 1797 le·-

95 1833 125 1887 et
141 1823 175 1886 in
193 1832 366 1888 ceterorum
380 1824 463 1889 -ita
480 1824 563 1889 enim
579 1823 659 1888 iussi
677 1823 716 1889 ab
735 1836 848 1891 senatu
865 1836 953 1892 erant
967 1862 994 1874 -

95 1933 136 1981 tm
154 1918 416 2003 supplementum.

95 2011 144 2076 ΙΙ.
191 2011 393 2096 Quamquam
415 2013 555 2077 nondum
576 2022 682 2099 aperte
700 2011 812 2079 Africa
833 2015 992 2100 provincia
1013 2036 1025 2083 1

106 2117 186 2184 erat,
210 2107 437 2174 occultantibus
455 2108 503 2186 id,
526 2108 634 2185 credo,
660 2107 817 2193 patribus,
843 2132 883 2175 ne
904 2131 995 2195 prae·

95 2212 132 2266 nt
159 2201 452 2288 Carthaginienses,
486 2212 591 2267 tamen
616 2202 745 2266 ineam
771 2224 861 2288 spem
891 2215 995 2269 erecta

95 2307 167 2375 erat,
186 2298 220 2361 in
232 2296 344 2362 Africa
357 2320 394 2363 eo
412 2320 495 2363 anno
512 2297 663 2363 bellatum
679 2296 719 2360 iri
734 2296 892 2381 finemque
910 2297 993 2364 bello

103 2392 224 2457 adesse.
263 2392 447 2478 impleverat
464 2414 502 2457 ea
518 2414 568 2456 res
587 2391 842 2477 superstitionum
860 2391 991 2470 animos,
1011 2412 1026 2459 a

95 2509 115 2552 e
137 2497 169 2552 et
190 2486 231 2551 ad
252 2487 425 2552 nuntianda
448 2486 541 2551 etad
564 2485 718 2551 credenda
734 2485 878 2572 prodigia
895 2497 992 2550 erant.

96 2605 114 2646 a
136 2580 360 2668 vulgabantur:
393 2581 473 2646 duos
496 2580 579 2646 soles
601 2580 701 2658 visos,
729 2589 761 2645 et
781 2590 872 2646 nocte
897 2579 1026 2648 inter-s

95 2728 97 2743 .
115 2686 146 2741 et
164 2676 267 2741 facem
285 2675 393 2741 stellae
411 2675 452 2740 ab
470 2686 540 2740 ortu
559 2675 634 2740 solis
652 2675 693 2740 ad
711 2674 903 2739 occidentem
920 2697 993 2760 por-

95 2794 161 2849 am3
189 2770 376 2835 Tarracinae
399 2780 536 2856 portam,
563 2768 731 2855 Anagniae
758 2778 789 2834 et
814 2781 936 2855 portam
963 2780 995 2835 et

96 2866 174 2931 locis
200 2888 325 2929 murum
351 2866 390 2930 de
418 2865 505 2930 caelo
532 2874 664 2942 tactum3
700 2865 734 2928 in
759 2864 837 2930 aede
861 2863 993 2931 Iunonis

95 2961 264 3026 eLanuvii
278 2983 349 3026 cum
367 2960 522 3026 horrendo
540 2960 666 3046 stagore
684 2959 848 3045 strepitum
866 2960 993 3024 editum.

94 3055 362 3142 procurandorum
384 3077 480 3121 causa
502 3055 586 3120 diem
604 3076 702 3119 unum
720 3053 906 3139 supplicatio
923 3053 992 3130 fuit,
1012 3073 1030 3119 4

95 3150 207 3216 endiale
234 3173 372 3228 sacrum,
408 3150 495 3234 quod
521 3150 562 3214 de
588 3148 674 3214 caelo
701 3146 872 3231 lapidatum
898 3155 992 3224 esset,

121 3267 159 3310 eo
178 3245 311 3311 accessit
328 3244 515 3310 consultatio
528 3244 568 3308 de
581 3252 679 3308 matre
691 3241 789 3306 Idaea
801 3239 991 3325 accipienda,
1011 3261 1026 3308 5

95 3348 296 3422 ›raeterquam
313 3340 399 3422 quod
412 3337 459 3403 M.
470 3337 616 3404 Valerius
631 3358 712 3401 unus
726 3356 766 3400 ex
777 3333 890 3419 legatis
903 3355 992 3419 prae·

95 3484 96 3489 η
113 3444 253 3500 actutum
269 3435 302 3499 in
317 3434 409 3500 Italia
426 3435 494 3500 fore
511 3434 721 3510 nuntiaverat,
739 3452 847 3496 recens
865 3430 993 3494 nuntius

97 3527 283 3595 Tarracinae
309 3529 372 3594 iam
399 3551 477 3595 esse.
521 3527 607 3592 haud
631 3547 747 3612 parvae
773 3524 818 3590 rei
843 3521 1026 3590 iudiciums

95 3644 112 3686 n
127 3622 267 3703 tenebat,
286 3624 342 3708 qui
357 3624 406 3688 vir
423 3624 559 3709 optimus
577 3623 610 3686 in
628 3622 754 3687 civitate
771 3629 868 3686 esset:
886 3640 993 3682 veram
1012 3638 1025 3685 7

95 3717 232 3784 ictoriam
255 3720 322 3784 eius
340 3719 386 3784 rei
404 3719 464 3784 sibi
481 3719 615 3803 quisque
632 3717 725 3782 malle
742 3737 837 3800 quam
855 3713 919 3777 ulla
935 3712 993 3776 im·

95 3833 249 3879 tonoresve
272 3813 423 3899 suffiagio
445 3835 502 3878 seu
523 3822 648 3898 patrum
669 3833 725 3878 seu
742 3808 845 3896 plebis
862 3805 992 3871 delatos.

95 3907 215 3988 pionem
243 3906 303 3974 Cn.
330 3908 354 3973 f.
382 3908 464 3986 eius,
500 3908 556 3992 qui
580 3909 614 3972 in
640 3905 797 3991 Hispania
822 3901 1028 3981 occidemus

95 4012 199 4069 tentem
221 4004 361 4069 nondum
384 4002 612 4088 quaestorium,
639 4000 855 4067 iudicavemnt
876 3997 909 4063 in
927 4006 993 4063 tota
