2528 4530
316 247 432 302 maan
448 247 605 318 xxvrur,
623 247 664 302 23.
678 247 720 302 aa
742 246 893 318 [aanor]
1056 240 1121 306 467

97 404 136 470 sit
156 403 297 492 genitus,
325 414 358 469 et
378 427 436 490 pro
458 403 560 490 patria
582 403 725 490 coniugis
749 428 824 470 suae
846 428 966 492 proque
987 419 1118 495 parente

97 521 131 564 ac
146 499 316 586 penatibus
334 498 494 563 dimicare.

156 592 314 659 XXIIII.
338 590 444 658 ‘Cum
466 592 504 656 iis
527 592 684 657 mandatis
708 595 748 659 ab
771 617 847 680 rege
869 594 966 682 legati
988 595 1028 660 ad
1047 593 1150 666 Sci-1

94 687 220 772 pionem
236 686 327 751 missi
345 683 513 772 Syracusis
532 709 605 751 eum
623 699 844 753 convenerunt.
882 686 989 774 Scipio
1008 712 1118 773 quam·
1136 710 1152 756 2

95 802 187 864 quam
222 803 339 868 magno
374 792 534 846 momento
568 803 672 845 rerum
706 781 740 845 in
767 781 880 847 Africa
910 783 1119 869 gerendarum

95 897 271 962 magnaque
289 896 347 962 spe
360 874 527 940 destitutus
543 885 624 953 erat,
642 875 754 963 legatis
768 899 916 962 propere,
934 878 1119 963 priusquam

95 992 143 1034 res
161 968 353 1056 vulgaretur,
371 968 513 1034 remissis
531 968 565 1033 in
577 968 722 1034 Africam
738 969 859 1034 litteras
877 970 932 1034 dat
945 972 986 1035 ad
998 994 1117 1058 regem,

98 1062 207 1147 quibus
234 1062 331 1129 etiam
356 1073 450 1147 atque
477 1063 572 1128 etiam
594 1078 702 1128 monet
724 1086 810 1142 eum,
838 1087 878 1129 ne
900 1063 967 1129 iura
989 1064 1118 1151 hospitii
1136 1086 1151 1132 3

99 1178 201 1222 secum
217 1179 280 1222 neu
298 1177 371 1221 cum
387 1158 505 1244 populo
522 1157 668 1223 Romano
686 1157 781 1222 initae
800 1157 958 1223 societatis
977 1180 1039 1223 neu
1057 1159 1117 1236 fas,

99 1252 202 1331 tidem,
221 1252 383 1330 dexteras,
401 1252 493 1330 deos,
517 1251 606 1318 testis
626 1263 719 1336 atque
738 1252 871 1318 arbitros
890 1264 1117 1317 conventorum

98 1345 189 1412 fallat
239 1356 378 1410 ceterum
400 1346 525 1428 quando
547 1368 650 1430 neque
673 1346 767 1412 celari
789 1346 943 1412 adventus
965 1345 1117 1411 Numida·
1135 1367 1152 1413 4

97 1462 161 1504 rum
176 1449 302 1527 poterat
313 1475 340 1486 —
352 1439 459 1526 vagati
476 1440 560 1506 enim
576 1440 611 1505 in
627 1441 705 1505 urbe
723 1441 943 1524 obversatique
960 1441 1117 1526 praetorio

97 1543 270 1611 erant-et,
290 1532 316 1598 si
335 1532 479 1598 sileretur
496 1533 571 1616 quid
588 1543 731 1619 petentes
749 1533 925 1611 venissent,
943 1533 1117 1619 periculum

96 1638 170 1706 erat,
198 1650 239 1692 ne
256 1649 333 1692 vera
350 1649 387 1691 eo
410 1625 480 1712 ipso
503 1626 588 1710 quod
611 1627 785 1691 celarentur
808 1649 866 1692 sua
884 1637 995 1714 sponte
1013 1628 1115 1714 magis

95 1731 273 1787 emanarent
290 1719 445 1804 timorque
463 1720 496 1784 in
514 1720 686 1786 exercitum
703 1721 864 1799 incideret,
882 1743 923 1786 ne
937 1720 1030 1786 simul
1045 1743 1117 1785 cum

94 1837 164 1902 rege
182 1826 215 1880 et
227 1812 543 1901 Carthaginiensibus
562 1814 644 1880 foret
661 1814 856 1893 bellandum,
875 1814 988 1880 avertit
1005 1839 1025 1879 a
1041 1837 1117 1881 vero

92 1909 179 1988 falsis
196 1908 459 1996 praeoccupando
477 1919 599 1974 mentes
617 1908 781 1975 hominum
798 1921 830 1974 et
843 1909 963 1975 vocatis
983 1910 1024 1975 ad
1042 1930 1116 1975 con·
1135 1930 1150 1977 5

92 2003 207 2070 tionem
224 2002 376 2068 militibus
393 2025 459 2068 non
475 2003 559 2068 ultra
581 2026 652 2069 esse
676 2004 886 2070 cunctandum
904 2004 960 2070 ait:
987 2003 1115 2082 instare,

91 2108 124 2163 ut
137 2097 173 2162 in
190 2096 335 2162 Africam
354 2097 602 2183 quamprimum
620 2098 755 2175 traiciat,
784 2097 887 2163 socios
909 2121 1001 2184 reges
1007 2123 1016 2176 3
1043 2098 1116 2163 Ma

89 2191 239 2258 sinistam
266 2191 372 2278 ipsum
402 2191 488 2277 prius
520 2192 561 2256 ad
587 2191 735 2256 Laelium
765 2191 891 2255 venisse
922 2180 1114 2274 querentem,

88 2288 174 2372 quod
188 2287 364 2352 cunctando
379 2296 503 2372 tempus
517 2295 670 2351 tereretur
675 2311 684 2363 ;
702 2305 787 2349 nunc
798 2284 979 2370 Syphacem
992 2285 1115 2351 mittere
1133 2308 1149 2354 6

87 2382 212 2470 legatos
230 2380 315 2445 idem
334 2380 554 2458 admirantem,
582 2401 662 2465 quae
681 2392 746 2444 tam
768 2379 931 2442 diuturnae
949 2401 1056 2443 morae
1075 2379 1117 2443 sit

86 2498 198 2554 causa,
216 2475 507 2562 postulantemque,
530 2486 567 2538 ut
584 2486 639 2539 aut
656 2473 814 2538 traiciatur
832 2472 959 2537 tandem
976 2471 1009 2536 in
1027 2473 1116 2537 Afri-

86 2592 157 2645 cam
175 2569 332 2636 exercitus
350 2580 419 2648 aut,
438 2569 466 2634 si
482 2580 604 2633 mutata
622 2568 753 2634 consilia
772 2566 849 2644 sint,
869 2566 981 2632 certior
998 2566 1062 2644 fiat,
1080 2579 1116 2631 ut

85 2666 206 2753 etipse
225 2663 286 2729 sibi
304 2686 461 2751 aaregno
485 2686 542 2730 suo
565 2674 676 2750 posset
697 2662 870 2728 consulere.
914 2661 1019 2746 itaque
1038 2660 1114 2726 satis
1134 2684 1149 2729 a

86 2756 238 2848 [paratis]
256 2758 320 2822 iam
342 2758 488 2823 omnibus
510 2757 735 2841 instructisque
758 2766 790 2821 et
810 2778 845 2821 re
867 2754 931 2820 iam
952 2777 1016 2820 non
1034 2754 1116 2820 ultra

83 2853 257 2941 recipiente
284 2853 514 2918 cunctationem
541 2852 574 2916 in
601 2851 705 2917 animo
730 2851 791 2917 sibi
813 2873 897 2929 esse,
924 2850 1116 2936 Lilybaeum

84 2948 190 3014 classe
216 2947 361 3012 traducta
382 2947 556 3030 eodemque
580 2946 725 3012 omnibus
749 2946 891 3034 peditum
914 2946 1115 3030 equitumque

84 3041 185 3130 copiis
204 3040 388 3119 contractis,
416 3063 496 3124 quae
513 3040 616 3128 prima
634 3041 700 3106 dies
719 3063 847 3107 cursum
864 3040 998 3104 navibus
1017 3040 1114 3115 daret,

84 3136 154 3202 deis
171 3136 254 3200 bene
271 3134 451 3200 iuvantibus
469 3134 502 3198 in
519 3135 664 3199 Africam
683 3135 824 3200 traicere.
868 3133 989 3196 litteras
1008 3132 1048 3195 ad
1066 3131 1113 3195 M.
1133 3150 1150 3197 8

82 3229 298 3317 Pomponium
316 3229 425 3307 mittit,
443 3239 479 3293 ut
497 3229 524 3294 si
542 3229 571 3293 ei
589 3229 761 3305 videretur,
779 3227 970 3311 Lilybaeum
986 3224 1113 3302 veniret,

83 3336 120 3391 ut
137 3323 346 3391 communiter
363 3324 577 3401 consulerent,
605 3345 684 3407 quas
706 3321 906 3409 potissimum
924 3319 1065 3405 legiones
1084 3331 1116 3384 et

85 3431 240 3506 quantum
266 3418 401 3483 militum
427 3440 592 3483 numerum
618 3417 650 3482 in
668 3418 813 3482 Africam
840 3415 995 3481 traiceret.
1039 3415 1148 3481 iteme

84 3515 205 3580 circum
226 3536 315 3579 oram
337 3512 527 3578 maritimam
548 3512 647 3590 misit,
674 3524 711 3577 ut
731 3533 829 3576 naves
852 3508 1012 3576 onerariae
1031 3531 1115 3575 com-

84 3631 220 3698 prensae
234 3607 428 3694 Lilybaeum
447 3629 557 3674 omnes
577 3606 841 3672 contraherentur.
869 3602 1021 3688 quidquid
1033 3603 1114 3667 mili-
1133 3624 1165 3671 10

85 3716 153 3770 tum
168 3703 361 3787 naviumque
375 3704 407 3767 in
419 3702 527 3768 Sicilia
541 3714 616 3780 erat,
631 3723 702 3766 oum
711 3701 902 3786 Lilybaeum
916 3698 1116 3764 convenisset

84 3811 116 3867 et
139 3817 202 3864 nec
223 3797 300 3862 urbs
322 3789 554 3862 multitudinem
576 3796 738 3861 hominum
764 3816 866 3878 neque
887 3803 998 3880 portus
1016 3814 1114 3857 naves

82 3903 229 3984 caperet,
248 3903 354 3958 tantus
373 3893 519 3958 omnibus
539 3892 632 3956 ardor
650 3902 717 3956 erat
732 3890 766 3954 in
778 3889 924 3954 Africam
942 3885 1113 3966 traiciendi,
1135 3909 1162 3956 11

80 4003 115 4057 ut
135 4010 203 4055 non
222 3987 262 4052 ad
279 3988 398 4053 bellum
416 3986 489 4052 duci
506 3986 700 4063 viderentur,
729 3984 786 4050 sed
804 3982 844 4049 ad
863 3994 948 4048 certa
966 3981 1116 4048 victoriae

891 4083 943 4137 30·
