2528 4514
143 238 208 305 338
397 247 515 305 meme
532 248 659 319 xxm,
679 249 721 304 12.
741 252 816 318 [au.
826 248 926 319 eost]

107 421 219 488 serat,
248 418 319 474 octo
344 407 430 473 milia
455 406 632 485 hominum,
659 429 733 492 pars
755 406 896 472 maxima
917 404 961 472 ab
979 403 1143 494 Agathyrm,

142 505 223 569 sicut
248 515 320 568 ante
342 502 543 580 dictumest,
572 524 612 566 ex
635 500 744 566 Sicilia
769 501 930 578 traducta,
958 511 1045 587 rapto
1066 502 1143 565 vivan

140 597 303 663 hominum
328 596 539 661 adsuetorum.
584 595 681 660 additi
703 604 792 660 erant
812 590 1014 661 Bruttiorum
1038 594 1146 660 indidea

140 690 306 776 perfugae,
342 699 373 754 et
408 689 539 754 audacia
569 698 600 753 et
630 687 767 753 audendi
797 689 904 754 omnia
936 687 1145 755 necessitatibtr

107 805 242 869 spares.
286 783 368 848 hanc
389 805 518 847 manum
544 784 584 847 ad
601 782 761 847 Bruttium
782 783 923 869 primum
946 806 1059 870 agmm
1077 783 1145 868 dapt-

140 878 313 964 pulandum
340 878 412 942 duci
437 877 543 955 iussit,
569 877 644 942 inde
665 877 707 942 ad
726 875 915 943 Cauloniam
939 879 1052 945 urbem
1073 898 1154 981 opprq

141 973 310 1059 gnandam.
354 973 507 1058 imperata
523 994 588 1036 non
609 971 733 1058 inpigre
751 971 867 1049 solum,
896 974 958 1038 sed
975 973 1067 1039 etiam
1080 970 1154 1037 aviir‘

141 1067 264 1131 executi
282 1066 409 1151 direptis
428 1066 608 1152 fugatisque
623 1064 793 1131 cultoribus
807 1066 877 1152 agri
891 1088 1019 1132 summa
1030 1066 1060 1131 vi
1070 1086 1149 1131 arum

109 1158 376 1247 roppugnabant.
429 1158 601 1224 Marcellus
632 1168 664 1223 et
690 1159 827 1224 consulis
858 1159 973 1226 litteris
999 1160 1105 1225 excitus
1120 1166 1146 1229 t

141 1255 215 1337 quia
239 1255 405 1318 induxerat
434 1253 468 1317 in
495 1253 636 1318 animum
666 1253 822 1319 neminem
855 1254 972 1318 ducem
997 1253 1137 1319 Romarm

142 1357 206 1411 tam
223 1370 331 1432 parem
349 1346 523 1412 Hannibali
540 1368 634 1430 quam
653 1369 688 1412 se
706 1368 790 1425 esse,
812 1345 869 1412 ubi
886 1348 1024 1434 primum
1039 1347 1069 1411 in
1082 1343 1126 1424 ι’μι
1136 1373 1142 1400 ι

140 1440 248 1525 pabuli
275 1441 365 1524 copia
390 1439 468 1518 fuit,
505 1462 544 1505 ex
573 1439 713 1505 hibernis
742 1440 904 1526 profectus
933 1441 974 1506 ad
1001 1439 1065 1506 Can
1087 1468 1116 1495 ι

108 1552 124 1601 8
143 1533 316 1600 Hannibali
333 1534 475 1600 occunit.
504 1533 691 1599 sollicitabat
708 1535 749 1598 ad
766 1533 977 1601 defectionem
995 1533 1072 1600 Can
1082 1532 1132 1592 ιἰι

141 1627 284 1706 Poenus3
325 1638 463 1693 ceterum
491 1636 526 1693 ut
552 1627 803 1713 adpropinquare
829 1627 1019 1694 Marcellum
1041 1650 1124 1693 mc*

142 1733 245 1788 castra
261 1723 333 1787 inde
352 1723 459 1787 movit.
495 1732 603 1807 aperta
620 1730 687 1785 erat
703 1722 791 1809 regio
810 1722 878 1787 sine
896 1722 969 1788 ullis
986 1723 1026 1787 ad
1058 1752 1062 1777 ι
1073 1748 1103 1777 :u

109 1834 124 1880 a
142 1815 284 1894 latebris3
307 1816 412 1899 itaque
430 1815 465 1880 in
480 1815 550 1880 loca
568 1815 706 1881 saltuosa
724 1816 834 1881 cedere
851 1817 927 1881 inde
945 1817 1050 1902 coepit
1081 1844 1092 1870 ι
1111 1843 1112 1851 ¹
1131 1821 1132 1827 ’

143 1909 240 1973 cellus
269 1909 409 1996 vestigiis
434 1908 572 1974 instabat
602 1919 767 1994 castraque
798 1910 909 1976 castris
937 1908 1093 1977 contentu

143 2026 236 2089 opere
270 2005 409 2090 perfecto
440 2004 597 2091 extemplo
626 2005 658 2069 in
689 2005 789 2070 aciem
818 2005 961 2092 legiones
994 1999 1131 2071 intuetu

143 2096 305 2163 Hannibal
331 2099 488 2164 turmatim
519 2121 576 2184 per
606 2099 725 2183 equites
757 2100 960 2185 peditumque
986 2098 1065 2164 iacul
1085 2123 1094 2152 ι
1115 2126 1154 2143 2

143 2192 224 2258 levia
246 2193 415 2258 certamina
438 2215 544 2258 serens
568 2208 677 2258 casum
698 2194 864 2258 universae
885 2216 1011 2280 pugnae
1029 2204 1121 2257 nonu·

144 2287 317 2352 cessarium
335 2286 478 2352 ducebat.
519 2296 635 2352 tractus
655 2297 702 2351 est
720 2297 825 2351 tamen
843 2288 935 2351 adid
953 2288 1032 2371 quod
1046 2308 1096 2348 ιιι»
1120 2327 1122 2330 -
1140 2316 1143 2325 ’

94 2396 125 2443 10
144 2391 309 2446 certamen.
353 2391 445 2445 nocte
467 2402 688 2467 praegressum
710 2381 892 2465 adsequitur
913 2381 990 2446 locis
1008 2375 1085 2466 planis
1139 2410 1154 2457 t

142 2476 321 2562 patentibus
347 2475 534 2554 Marcellus3
574 2485 676 2540 castra
705 2475 778 2539 inde
809 2485 978 2560 ponentem
1000 2496 1098 2561 puro
1150 2554 1153 2559 Ι

115 2620 121 2631 .
143 2572 280 2654 undique
296 2572 332 2635 in
348 2571 519 2635 munitores
537 2570 683 2656 operibus
702 2569 855 2654 prohibet.
883 2570 929 2635 ita
942 2571 1027 2657 signa
1040 2587 1096 2631 co*
1135 2614 1154 2656 2:

142 2676 379 2749 pugnatumque
397 2664 471 2728 totis
490 2664 588 2750 copiis
607 2674 652 2740 et,
671 2685 743 2728 oum
756 2663 819 2727 iam
832 2686 897 2729 nox
910 2664 1039 2739 instaret,
1058 2691 1069 2713 «ι
1109 2677 1115 2712 ³
1136 2665 1154 2747 '.;

144 2780 244 2838 aequo
279 2759 455 2822 discessum
490 2769 547 2822 est.
609 2766 711 2822 castra
745 2757 861 2843 exiguo
892 2757 1032 2824 distantia
1053 2773 1074 2815 ι’
1094 2750 1112 2796 ¹7
1140 2830 1154 2842 ᾗ

143 2852 257 2935 raptim
275 2861 346 2916 ante
364 2862 488 2916 noctem
505 2852 691 2936 permunita,
1107 2906 1111 2923 ,

93 2967 123 3011 11
207 2943 341 3009 Postero
367 2945 417 3009 die
447 2946 517 3010 luce
548 2945 649 3030 prima
679 2944 849 3010 Marcellus
879 2945 915 3011 in
940 2947 1029 3011 aciem
1048 2957 1100 3037 θοι.
1142 2989 1154 3026 3

143 3038 263 3115 eduxit,
290 3060 349 3103 nec
370 3039 530 3104 Hannibal
553 3040 736 3104 detractavit
759 3050 917 3105 certarnen
940 3038 1035 3104 multis
1057 3055 1090 3084 Ἣ
1140 3110 1152 3119 ⁸

143 3133 324 3197 adhortatus
342 3133 470 3210 milites,
488 3143 523 3196 ut
536 3155 690 3198 memores
705 3134 916 3198 Trasumenni
930 3133 1023 3200 (tanc
1047 3149 1083 3183 ¹¹¹¹

93 3246 124 3292 12
143 3227 368 3291 contunderent
385 3225 535 3292 ferociam
553 3226 673 3292 hostis:
709 3249 822 3314 urgere
844 3237 939 3312 atque
955 3229 1052 3292 instare
1067 3245 1080 3269 ι’
1106 3259 1112 3276 »

142 3343 204 3384 non
222 3330 324 3385 eastra
345 3342 461 3405 ponere
482 3320 565 3404 pati,
592 3344 655 3385 non
677 3321 830 3406 respirare
852 3330 906 3385 aut
924 3309 1107 3398 circumcis*
1144 3359 1154 3398 τ

143 3413 255 3477 cotidie
275 3414 367 3477 simul
385 3414 534 3477 orientem
555 3413 652 3478 solem
676 3424 706 3478 et
724 3414 901 3479 Romanam
919 3414 1011 3479 aciem
1025 3409 1111 3473 inttl'¹
1143 3428 1154 3497 g

92 3526 124 3576 13
142 3506 191 3590 pis
209 3506 376 3570 videndam
395 3529 473 3571 esse.
516 3507 542 3571 si
559 3530 622 3572 uno
640 3507 758 3592 proelio
777 3508 853 3571 haut
870 3509 1036 3573 incruentus
1047 3488 1108 3600 Μ
1146 3530 1153 3555 ··

142 3599 277 3683 quietius
296 3600 408 3666 deinde
427 3600 684 3685 tranquilliusque
703 3624 775 3666 eum
793 3601 986 3667 bellaturum.
1020 3593 1106 3660 ΜΗ*
1146 3646 1149 3679 ;

143 3695 198 3756 tati
216 3694 484 3760 adhortationibus
508 3695 664 3778 simulque
686 3696 789 3760 taedio
811 3695 947 3762 ferociae
963 3686 1105 3759 hortm*

145 3789 218 3852 tidie
240 3789 422 3853 instantium
443 3790 725 3874 lacessentiumque
748 3791 861 3856 acriter
880 3791 1020 3878 proelium
1034 3764 1104 3843 5¹¹⁶*
1144 3810 1154 3874 q

93 3895 316 3964 repugnatum
335 3884 468 3969 amplius
487 3883 608 3949 duabus
628 3885 712 3949 horis
731 3894 788 3950 est.
829 3887 939 3951 cedere
956 3881 1017 3949 inde
1030 3856 1103 3937 W
1134 3925 1140 3932 <-

144 3975 243 4055 manis
263 3977 371 4041 dextra
389 3979 438 4043 ala
456 3986 487 4042 et
505 3979 729 4043 extraordinari
747 4001 887 4065 coepere.
915 3977 991 4065 quod
1006 3949 1102 4035 uin*
1147 4050 1154 4060 .
