2528 4530
293 245 410 300 LIBER
427 244 554 314 XXVII,
572 244 614 300 48.
624 247 665 301 49.
687 247 839 316 [102111]
1018 237 1081 302 319

72 417 107 470 ut
124 428 144 469 1
160 403 263 469 fronte
288 413 342 467 aut
363 403 403 467 ab
425 401 523 467 latere
544 402 800 489 adgrederentur.
848 405 929 470 inter
952 404 1081 472 Livium
1100 428 1114 475 u

70 497 353 579 iasdrubalemque
370 495 483 582 ingens
502 506 698 561 contractum
715 508 874 564 certamen
892 510 960 564 erat
977 511 1082 565 atrox-

70 615 111 659 ue
131 591 247 657 caedes
264 590 420 673 utrimque
438 589 598 655 edebatur.
643 590 688 656 ibi
705 591 801 657 duces
819 594 926 670 ambo,
945 593 989 657 ibi
1007 616 1080 678 pars
1102 613 1133 660 10

70 687 153 754 11101
182 685 324 773 peditum
354 684 557 769 equitumque
591 684 823 765 Romanorum,
858 686 903 752 ibi
932 687 1080 773 Hispani,

70 793 143 848 etus
160 780 253 845 miles
272 778 454 865 peritusque
467 779 631 844 Romanae
648 802 788 866 pugnae,
807 792 839 846 et
856 780 1005 868 Ligures,
1024 782 1082 845 du-

70 900 120 940 im
137 875 172 939 in
195 873 289 939 armis
312 895 425 960 genus.
469 873 581 939 eodem
599 872 682 939 versi
704 873 876 963 elephanti,
904 875 958 960 qui
979 875 1081 962 primo

70 981 172 1058 npetu
196 970 400 1034 turbaverant
421 967 646 1053 antesignanos
669 978 701 1033 et
721 967 786 1033 iam
803 968 895 1054 signa
916 980 1081 1035 moverant
1152 1020 1155 1026 .

70 1088 136 1143 11ος
164 1063 278 1129 deinde
301 1072 462 1128 crescente
485 1062 654 1127 certamine
676 1074 708 1128 et
729 1063 865 1128 clamore
887 1063 1079 1149 inpotentius
1103 1084 1130 1129 11

70 1183 113 1225 tm
130 1157 202 1244 regi
220 1168 252 1223 et
268 1156 349 1222 inter
362 1157 441 1222 duas
455 1155 539 1221 acies
553 1157 687 1235 versari,
706 1157 792 1222 velut
808 1157 928 1235 incerti,
947 1179 1081 1241 quorum

70 1264 175 1331 ssent,
194 1250 281 1316 haud
298 1250 490 1316 dissimiliter
507 1250 641 1315 navibus
661 1251 728 1316 sine
746 1251 960 1336 gubernaculo
979 1251 1079 1337 vagis.

70 1346 208 1413 llaudius
236 1345 326 1429 ‘quid
352 1368 427 1431 ergo
454 1344 618 1433 praecipiti
649 1367 743 1412 cursu
774 1358 839 1411 tam
863 1346 995 1433 longum
1021 1347 1081 1412 iter
1101 1362 1131 1433 12

71 1442 174 1509 mensi
196 1440 338 1507 sumusl'
383 1440 547 1505 clamitans
569 1440 735 1518 militibus,
762 1463 835 1506 cum
855 1441 889 1505 in
911 1442 1080 1507 adversum

70 1537 166 1602 ollem
183 1535 300 1601 frustra
320 1533 412 1620 signa
429 1533 550 1620 erigere
572 1546 702 1600 conatus
726 1546 824 1614 esset,
850 1546 1020 1624 postquam
1041 1553 1131 1602 ea1a

70 1631 181 1717 egione
198 1629 356 1716 penetrari
374 1628 415 1694 ad
432 1627 557 1702 hostem
573 1650 639 1693 non
656 1628 783 1693 videbat
805 1651 915 1715 posse,
942 1630 1079 1697 cohortis

70 1725 172 1809 liquot
192 1724 364 1789 subductas
388 1745 405 1788 e
429 1723 540 1788 dextro
568 1744 679 1800 comu,
710 1723 765 1788 ubi
788 1723 956 1790 stationem
976 1725 1079 1811 magis

71 1841 184 1906 egnem
201 1840 297 1902 quam
313 1840 454 1903 pugnam
471 1817 610 1883 futuram
627 1818 790 1896 cernebat,
811 1829 886 1905 post
903 1819 1003 1885 aciem
1021 1820 1080 1885 cir-
1147 1843 1149 1847 ¹

70 1912 211 1977 umducit
228 1924 260 1977 et
276 1933 342 1977 non
358 1910 502 1976 hostibus
519 1913 629 1990 modo,
649 1912 818 1979 sedetiam
837 1913 902 1978 suis
915 1913 1080 2000 inopinari·
1101 1930 1132 1977 14

70 2006 134 2073 ibus
153 2006 187 2071 in
204 2005 351 2071 dextmm
367 2003 507 2071 hostium
527 2005 610 2071 latus
628 2006 772 2086 incurrit;
801 2018 949 2091 tantaque
971 2008 1081 2075 celeri-

70 2125 100 2167 as
117 2099 191 2178 fuit,
218 2109 253 2164 ut
271 2121 343 2164 cum
361 2098 575 2165 ostendissent
592 2122 627 2165 se
645 2100 815 2177 ablatem,
842 2125 918 2166 mox
939 2102 973 2167 in
990 2115 1081 2190 terga

70 2203 319 2281 impugnarent.
363 2192 407 2257 ita
424 2214 465 2257 ex
482 2192 629 2259 omnibus
651 2194 809 2280 partibus,
832 2195 872 2259 ab
895 2194 1011 2275 fronte,
1039 2199 1079 2264 ab
1100 2211 1131 2259 15

70 2300 162 2365 atero,
186 2289 226 2354 ab
244 2298 347 2374 tergo,
374 2286 568 2353 trucidantur
585 2288 724 2373 Hispani
741 2288 956 2372 Liguresque,
984 2301 1017 2355 et
1038 2293 1080 2356 ad

70 2381 164 2449 111101
186 2381 250 2447 iam
272 2381 385 2446 caedes
407 2394 603 2466 pervenerat.
647 2381 692 2446 ihi
713 2381 877 2445 minimum
900 2382 1078 2449 certaminis
1100 2403 1130 2450 16

70 2476 123 2542 uit:
142 2499 218 2541 nam
235 2485 268 2542 11
284 2498 357 2562 pars
376 2498 493 2560 magna
511 2476 551 2540 ab
569 2474 670 2560 signis
688 2475 832 2552 aberant,
855 2485 946 2540 nocte
966 2476 1079 2563 dilapsi

70 2570 204 2653 tratique
223 2591 333 2634 somno
351 2569 472 2654 passim
488 2591 545 2653 per
563 2591 667 2655 agros,
686 2579 718 2634 et
735 2568 788 2652 qui
807 2567 951 2646 aderant,
968 2569 1079 2636 itinere

70 2687 89 2730 c
113 2663 231 2750 vigiliis
258 2662 356 2741 fessi,
392 2662 671 2729 intolerantissima
695 2662 812 2728 laboris
840 2684 989 2750 corpora,
1025 2665 1080 2730 vix

70 2783 140 2826 rma
163 2758 281 2825 umeris
304 2759 482 2845 gestabant.
527 2768 560 2822 et
575 2758 640 2822 iam
661 2758 723 2824 diei
744 2758 885 2824 medium
906 2770 974 2825 erat
995 2759 1080 2826 sitis-
1101 2780 1130 2827 17

70 2877 111 2936 ue
147 2864 179 2919 11
213 2853 298 2918 calor
328 2852 444 2919 hiantis
476 2853 653 2918 caedendos
685 2853 918 2939 capiendosque
949 2855 1081 2922 adfatim

71 2949 234 3015 raebcbat.

112 3040 296 3110 XXXXV
295 3040 377 3107 1111.
420 3041 593 3126 Elephanti
615 3042 722 3127 plures
746 3043 787 3106 ab
808 3042 886 3128 ipsis
905 3043 1079 3111 rectoribus
1101 3063 1112 3109 1

70 3159 148 3219 uam
170 3137 210 3201 ab
233 3136 324 3201 hoste
344 3135 511 3200 interfecti.
556 3136 670 3202 fabrile
692 3135 851 3221 scalprum
872 3156 944 3200 cum
965 3135 1080 3203 malleo

70 3231 226 3307 abebant;
251 3229 298 3307 id,
317 3228 372 3293 ubi
390 3229 511 3295 saevire
529 3229 642 3296 beluae
661 3250 697 3294 ac
714 3250 805 3293 ruere
822 3227 856 3291 in
874 3251 949 3293 suos
968 3249 1080 3315 coepe-

70 3335 137 3402 111,
158 3322 310 3408 magister
327 3323 408 3388 inter
426 3345 517 3389 aures
536 3322 689 3408 positum,
711 3321 781 3407 ipso
798 3319 832 3387 in
849 3321 994 3400 articulo,
1018 3344 1080 3407 quo

70 3417 191 3504 mgitur
209 3416 304 3503 capiti
321 3416 441 3493 cervix,
460 3428 577 3500 quanto
595 3415 732 3480 maximo
749 3425 874 3500 poterat
890 3415 955 3479 ictu
973 3416 1081 3503 adige-¹

72 3521 115 3577 at.
160 3533 199 3575 ea
224 3509 387 3576 celerrima
414 3508 466 3575 via
487 3509 596 3576 mortis
618 3509 652 3573 in
674 3519 779 3574 tantae
801 3507 893 3574 molis
917 3509 1010 3574 belua
1031 3510 1114 3576 in-2

71 3615 147 3671 enta
173 3615 254 3682 erat,
285 3604 341 3669 ubi
366 3604 498 3690 regendi
526 3627 616 3691 spem
643 3603 806 3680 vicissent,
838 3603 1021 3690 primusque
1047 3603 1080 3669 id

70 3698 237 3764 {asdrubal
254 3697 445 3774 instituerat,
473 3698 539 3763 dux
556 3720 628 3764 cum
647 3721 742 3784 saepe
760 3697 837 3764 alias
856 3697 1079 3776 memorabilis,

70 3815 119 3856 1111
136 3791 191 3855 illa
207 3791 375 3879 praecipue
393 3815 511 3878 pugna.
554 3792 607 3858 ille
630 3792 801 3879 pugnantis
820 3792 974 3858 hortando
996 3793 1080 3878 pari-
1098 3810 1113 3858 3

70 3907 162 3969 arque
180 3885 326 3951 obeundo
343 3885 484 3972 pericula
507 3885 668 3964 sustinuit,
696 3886 749 3952 ille
770 3886 874 3953 fessos
898 3886 1079 3951 abnuentis-

70 4002 112 4064 ‚ue
139 3979 243 4047 taedio
266 3991 299 4046 et
328 3980 436 4047 labore
466 4002 549 4047 nunc
579 3982 753 4067 precando,
783 4002 876 4047 nunc·
895 3980 1080 4068 castigando
