2528 4530
149 251 215 321 194
370 260 489 319 LIBER
506 259 636 331 XXIIII,
655 259 697 315 29.
710 258 753 315 30.
773 256 957 328 [auebdo]
1003 356 1007 365 ι

148 446 257 491 secum
278 419 407 489 foedere
432 421 551 487 bellum
571 418 733 486 Romanos
756 441 828 483 cum
850 418 889 484 iis
911 425 1061 506 gesturos
1084 443 1106 485 n

149 540 220 585 sese
237 516 402 584 defuturos
420 515 450 581 ei
466 512 564 593 bello,
590 513 636 580 ita
656 521 693 578 ut
712 513 747 577 in
763 520 953 599 potestatem
970 511 1093 580 redacti

147 634 257 679 rursus
276 608 408 676 dicionis
427 616 546 687 essent,
566 606 647 673 sicut
663 629 728 693 pax
744 606 954 672 convenisset.

115 730 128 776 1
211 703 333 770 XXX.
376 702 549 769 Marcellus
579 724 653 767 cum
684 701 769 766 omni
794 701 935 767 exercitu
964 701 1106 789 profectu

147 798 342 876 Leontinos,
377 795 486 883 Appio
511 816 638 880 quoque
668 795 787 875 accito,
822 803 859 860 ut
881 793 979 863 altera
1008 807 1101 884 parte

147 893 343 981 grederetur‚
370 899 458 956 tanto
485 891 596 955 ardore
623 889 757 954 militum
784 897 833 956 est
858 911 936 955 usus
963 887 1005 956 ab
1032 891 1080 956 ira
1105 949 1106 953 ,

148 986 348 1053 condiciones
370 985 458 1071 pacis
481 983 663 1049 interfectae
687 983 846 1060 stationis,
877 994 914 1048 ut
934 984 1037 1070 primo
1064 985 1106 1049 im

115 1080 259 1148 aurbem
282 1077 508 1166 expugnarent.
552 1078 765 1166 Hippocrates
792 1089 887 1162 atque
908 1078 1071 1166 Epicydes
1098 1103 1106 1166 1

148 1196 244 1260 quam
260 1175 332 1260 capi
349 1174 456 1239 mures
474 1172 667 1259 refringique
685 1182 791 1258 portas
809 1172 929 1250 videre,
949 1173 981 1237 in
995 1195 1100 1239 arcem

147 1292 220 1334 oum
245 1268 357 1355 paucis
382 1288 544 1353 recepere;
578 1267 652 1331 inde
679 1266 760 1331 olam
785 1278 878 1332 nocte
904 1265 1088 1333 Herbesum

114 1382 129 1430 u
147 1363 283 1450 fugiunt.
313 1359 523 1448 Syracusanis
541 1373 612 1427 octo
629 1361 751 1426 milium
764 1369 956 1427 armatorum
973 1362 1098 1449 agmine

148 1457 240 1522 fectis
268 1457 361 1521 domo
388 1460 428 1521 ad
449 1455 563 1543 Mylan
584 1456 702 1522 flumen
723 1455 852 1522 nuntius
879 1458 1027 1535 occurrit,
1060 1481 1106 1545 cap

112 1574 130 1620 4
148 1550 259 1617 urbem
278 1573 363 1628 esse,
384 1560 487 1617 cetera
503 1550 586 1617 falsa
603 1550 702 1616 mixta
718 1551 802 1617 veris
820 1550 941 1618 ferens:
964 1552 1093 1618 eaedem

147 1645 302 1711 miseuam
328 1644 464 1709 militum
488 1653 582 1730 atque
608 1644 837 1732 oppidanorum
867 1645 984 1711 factam
1009 1668 1070 1712 nec
1093 1668 1106 1731 q

147 1760 243 1823 quam
259 1737 416 1826 puberum
433 1737 575 1804 arbitrari
593 1760 769 1825 superesse3
787 1734 943 1825 direptam
959 1739 1080 1820 urbem,
1097 1740 1106 1806 l

114 1831 351 1918 slocupletium
376 1832 500 1897 donata.
545 1832 586 1897 ad
612 1833 756 1897 nuntium
783 1840 848 1899 tam
874 1843 1014 1900 atrocem
1044 1856 1106 1901 conr

148 1946 276 2012 agmen,
295 1924 521 2009 concitatisque
539 1924 685 1991 omnibus
704 1926 801 1992 duoes
818 1964 845 1973 -
862 1936 951 1993 erant
969 1937 1074 1994 autem
1089 1927 1106 1995 S

114 2042 129 2090 o
148 2040 186 2084 ao
203 2017 398 2097 Dinomenes
415 2055 442 2066 ·—
460 2018 536 2103 quid
553 2028 683 2107 agerent
700 2019 929 2087 consultabant.
965 2022 1090 2088 terroris

148 2112 227 2193 ciem
244 2112 321 2178 haut
341 2134 457 2179 vanam
479 2113 642 2179 mendacio
664 2112 873 2201 praebuerant
894 2113 1052 2182 verberati
1072 2138 1104 2182 ac

113 2230 128 2276 u
148 2206 214 2271 curi
230 2206 374 2292 percussi
391 2207 575 2294 transfugae
593 2207 634 2272 ad
652 2208 715 2273 duo
733 2208 820 2273 milia
836 2208 1015 2289 hominum3
1042 2219 1106 2276 oete

146 2303 377 2369 Leontinorum
415 2302 613 2387 militumque
653 2303 786 2369 aliorum
819 2327 914 2371 nemo
948 2315 1022 2392 post
1058 2327 1106 2392 cap

144 2397 256 2466 urbem
268 2399 403 2465 violatus
416 2398 532 2477 fuerat,
552 2420 672 2484 suaque
689 2398 795 2465 omnia
807 2399 868 2478 eis,
886 2400 948 2466 nisi
961 2423 1044 2486 quae
1060 2400 1106 2488 pri

112 2512 128 2560 8
146 2493 298 2559 tumultus
317 2501 428 2579 captae
445 2491 532 2559 urbis
551 2491 762 2572 absumserat,
780 2493 1035 2560 restituebantur.
1069 2517 1106 2559 ne

145 2587 321 2654 Leontinos
347 2587 442 2666 irent,
467 2586 609 2675 proditos
635 2586 676 2652 ad
698 2587 827 2653 caedem
850 2588 1077 2655 commilitones
1102 2617 1106 2649 ⁴

145 2691 268 2760 rentes,
303 2682 434 2770 perpelli
464 2692 594 2767 potuere
623 2703 683 2748 nec
712 2692 748 2748 ut
778 2682 888 2749 eodem
919 2684 992 2751 loco
1017 2684 1106 2750 certic

112 2777 291 2841 anuntium
320 2785 546 2863 exspectarent.
600 2799 673 2842 eum
703 2777 744 2843 ad
774 2776 983 2844 defectionem
1014 2778 1106 2845 inclin

146 2860 267 2928 animos
286 2872 447 2927 cernerent
463 2872 637 2950 praetores,
665 2872 714 2929 set
735 2884 809 2928 eum
826 2873 946 2929 motum
964 2863 1044 2930 haut
1061 2865 1106 2929 diu

145 2977 223 3020 num
247 2955 331 3034 fore,
359 2956 386 3020 si
411 2957 508 3023 duces
535 2957 690 3022 amentiae
720 2957 834 3023 sublati
861 2969 980 3037 essent,
1009 2958 1106 3025 exerui

96 3075 128 3122 10
146 3049 264 3115 ducunt
285 3048 465 3137 Megaram,
496 3051 559 3137 ipsi
580 3073 653 3116 oum
677 3051 788 3136 paucis
814 3051 973 3135 equitibus
996 3052 1106 3119 Herba

145 3143 385 3230 proficiscuntur
405 3167 461 3230 spe
483 3144 597 3210 territis
620 3144 765 3210 omnibus
787 3167 844 3231 per
864 3146 1106 3230 proditionemu

97 3263 126 3310 11
145 3238 324 3323 potiundae.
368 3239 454 3324 quod
476 3238 531 3304 ubi
553 3239 669 3304 frustra
692 3239 737 3304 eis
756 3239 816 3304 fuit
832 3239 1007 3325 inceptum,
1034 3242 1106 3325 riq

145 3331 221 3395 dum
237 3332 297 3397 rati
313 3341 440 3418 postero
458 3333 509 3398 die
517 3332 659 3421 Megaris
674 3342 777 3398 castra
791 3344 933 3414 movent,
951 3344 988 3400 ut
996 3334 1106 3402 Herbe

95 3449 127 3497 12
147 3424 291 3492 omnibus
318 3427 417 3513 copiis
444 3437 672 3514 oppugnarent.
716 3427 928 3515 Hippocrates
956 3440 988 3494 et
1004 3429 1106 3517 Epicy

62 3548 65 3556 ·
145 3540 209 3584 non
227 3529 292 3585 tam
310 3529 412 3585 tutum
426 3521 528 3609 prima
540 3522 644 3607 specie
657 3543 753 3607 quam
765 3545 865 3587 unum
879 3544 935 3610 spe
953 3523 1093 3608 undique

146 3613 211 3679 cisa
224 3613 389 3681 consilium
404 3636 474 3680 esse
487 3615 560 3694 rati,
579 3624 615 3680 ut
628 3638 662 3682 se
675 3614 827 3681 militibus
841 3616 1058 3702 permitterent
1076 3626 1106 3684 et

146 3707 244 3774 suetis
261 3729 379 3794 magna
396 3717 541 3795 exparte
563 3709 624 3775 sibi
646 3719 677 3774 et
698 3719 765 3774 tum
787 3708 874 3775 fama
896 3711 1001 3777 caedis
1026 3733 1106 3778 cumr

95 3827 127 3876 13
146 3811 255 3868 tonum
276 3802 433 3879 accensis,
460 3801 586 3868 obviam
608 3802 728 3890 agmini
748 3804 932 3890 procedunt.
976 3806 1106 3892 primat

147 3895 238 3981 signa
263 3905 483 3961 sexcentorum
510 3895 710 3962 Cretensium
736 3906 837 3976 erant,
873 3897 928 3983 qui
958 3909 1038 3986 aput
1063 3897 1106 3965 Hi

147 4010 277 4074 nymum
289 3998 468 4055 meruerant
485 3990 545 4057 sub
563 3990 609 4057 eis
627 4000 659 4057 et
667 3990 857 4057 Hannibalis
874 3991 1066 4061 beneficium
1083 3993 1106 4058 h
