2528 4514
355 285 473 340 manu
490 285 632 355 xxvm,
650 285 675 340 4.
690 284 715 340 5.
736 288 773 354 [a.
785 284 889 354 caco]
1075 274 1138 340 387

107 446 209 510 berna
233 442 426 530 legionibus,
458 443 500 507 L.
525 440 675 529 Scipione
701 443 798 509 fratre
819 443 957 508 Romam
982 444 1081 509 misso
1107 453 1140 509 et

107 541 271 603 Hannone
293 536 432 602 hostium
451 536 641 623 imperatore
664 537 839 622 ceterisque
860 536 1018 603 nobilibus
1041 537 1140 623 capti-

107 633 157 698 vis
174 631 247 716 ipse
264 631 479 696 Tarraconem
496 630 665 696 concessit.

171 726 299 791 Eodem
317 746 400 790 anno
420 724 531 790 classis
544 725 692 791 Romana
707 747 780 790 cum
791 724 840 790 M.
850 724 980 793 Valerio
993 725 1140 792 Laevino
1157 748 1174 796 5

106 819 298 908 proconsule
321 842 361 884 ex
385 817 547 883 Siciliain
569 819 714 884 Africam
736 819 923 885 transmissa
943 820 978 884 in
993 819 1142 886 Uticensi

108 913 431 1001 Carthaginiensique
450 937 526 1000 agro
544 914 608 980 late
625 915 846 1002 populationes
864 915 950 980 fecit.
990 916 1140 982 extremis

106 1010 225 1074 linibus
244 1006 559 1094 Carthaginiensium
577 1008 661 1073 cirea
677 1008 748 1095 ipsa
770 1008 895 1074 moenia
911 1009 1027 1076 Uticae
1048 1032 1142 1095 prae-

108 1104 168 1168 dae
195 1113 285 1167 actae
309 1114 392 1166 sunt.
436 1103 651 1188 repetentibus
676 1101 818 1168 Siciliam
839 1102 952 1168 classis
973 1103 1098 1168 Punica
1113 1141 1141 1151 -
1159 1125 1174 1174 6
1230 1148 1234 1155 ·

109 1195 314 1283 septuaginta
343 1206 433 1261 erant
462 1197 578 1283 longae
604 1221 703 1263 naves
728 1235 756 1246 -
780 1198 926 1264 occurrit.
971 1199 1082 1263 decem
1108 1210 1141 1264 et

110 1302 233 1378 septem
250 1312 349 1356 naves
368 1313 408 1355 ex
425 1290 464 1356 iis
483 1302 594 1377 captae
612 1303 698 1371 sunt,
718 1302 865 1377 quattuor
877 1293 910 1357 in
924 1293 988 1358 alto
1004 1316 1139 1373 mersae,

109 1397 216 1451 cetera
236 1385 309 1450 fusa
331 1406 369 1449 ac
390 1385 502 1471 fugata
524 1385 646 1453 classis.
691 1398 774 1452 terra
793 1387 937 1471 marique
956 1388 1056 1453 victor
1072 1387 1173 1456 Ito-s

110 1503 222 1545 manus
246 1500 319 1544 cum
340 1503 458 1566 magna
479 1480 581 1546 omnis
600 1483 726 1568 generis
744 1483 864 1570 praeda
880 1482 1073 1567 Lilybaeum
1088 1505 1140 1548 re·
1185 1516 1190 1521 ·

108 1574 197 1660 petit.
237 1583 305 1638 tuto
322 1574 396 1639 inde
414 1572 493 1638 mari
510 1574 611 1660 pulsis
629 1575 769 1641 hostium
786 1577 921 1642 navibus
939 1576 1048 1663 magni
1065 1598 1141 1642 con-
1158 1591 1165 1606 ·

110 1678 234 1733 meatus
253 1667 402 1732 frumenti
418 1668 557 1733 Romam
575 1669 728 1735 subvecti.

171 1765 215 1830 V.
260 1762 420 1848 Principio
444 1763 573 1829 aestatis
597 1763 679 1843 eius,
703 1787 766 1850 qua
783 1766 863 1831 haec
880 1775 954 1831 sunt
971 1775 1076 1852 gesta,
1098 1764 1173 1834 P.1

114 1855 271 1944 Sulpicius
297 1858 469 1943 proconsul
491 1869 523 1924 et
544 1859 674 1926 Attalus
696 1883 754 1926 rex
777 1882 849 1926 cum
870 1860 1032 1949 Aeginae,
1060 1859 1142 1926 sicut

114 1963 183 2017 ante
200 1952 319 2017 dictum
338 1962 401 2030 est,
424 1952 660 2033 hibernassent,
679 1955 841 2021 Lemnum
857 1955 932 2021 inde
951 1956 1053 2021 classe
1070 1955 1140 2020 iun-

116 2054 175 2123 cta,
199 2046 365 2111 Romanae
392 2046 530 2130 quinque
557 2058 589 2112 et
615 2048 728 2134 viginti
750 2050 1006 2133 quinqueremes,
1032 2048 1139 2136 regiae

113 2140 246 2224 quinque
265 2150 296 2205 et
314 2140 443 2227 triginta
460 2142 712 2207 transmiserunt.
758 2153 790 2206 et
807 2143 989 2230 Philippus,
1012 2154 1062 2220 ut,
1083 2167 1140 2208 seu
1157 2163 1172 2210 2

112 2243 204 2312 terra,
230 2257 288 2299 seu
305 2234 384 2298 mari
406 2235 533 2301 obviam
556 2237 695 2300 eundum
716 2235 801 2302 hosti
823 2237 919 2314 foret,
945 2248 1074 2322 paratus
1099 2239 1140 2301 ad

111 2328 209 2394 omnis
230 2339 361 2392 conatus
381 2341 480 2408 esset,
499 2329 569 2417 ipse
586 2330 826 2395 Demetriadem
844 2330 885 2394 ad
901 2352 989 2394 mare
1008 2330 1140 2395 descen-

108 2420 161 2502 dit,
197 2421 350 2487 Larisam
380 2423 463 2488 diem
495 2425 537 2488 ad
567 2423 819 2489 conveniendum
849 2422 1000 2488 exercitui
1030 2423 1139 2489 edixit.

105 2516 248 2600 undique
269 2517 310 2580 ab
333 2517 426 2582 sociis
444 2517 619 2604 legationes
637 2518 878 2583 Demetriadem
896 2519 937 2581 ad
954 2517 1073 2582 famam
1089 2540 1173 2586 re-3

100 2613 148 2697 gis
170 2622 401 2676 convenerunt
434 2611 627 2677 sustulerant
644 2612 728 2677 euim
747 2612 868 2678 animos
882 2611 991 2677 Aetoli
1008 2633 1080 2676 cum
1098 2611 1139 2676 ab
1156 2632 1174 2678 4

98 2700 255 2772 Romana
277 2704 443 2783 societate,
466 2715 534 2770 tum
550 2716 625 2792 post
641 2706 744 2771 Attali
767 2707 952 2784 adventum,
974 2705 1140 2772 finitimos-

95 2818 161 2886 que
182 2799 470 2884 depopulabantur.
509 2821 569 2865 neo
586 2801 773 2866 Acarnanes
793 2801 897 2866 solum
913 2799 1090 2885 Boeotique
1108 2809 1140 2865 et
1158 2821 1187 2869 o·

95 2895 152 2981 qui
171 2893 347 2958 Euboeam
364 2894 505 2959 incolunt
522 2894 556 2958 in
573 2917 690 2979 magno
708 2905 796 2961 metu
814 2905 917 2973 erant,
941 2896 999 2960 sed
1015 2894 1140 2960 Achaei

95 3009 248 3076 quoque,
267 3009 347 3071 quos
366 3011 462 3074 super
477 2988 661 3055 Aetolicum
677 2990 796 3055 bellum
814 2989 1026 3054 Machanidas
1044 2989 1141 3054 etiam

95 3083 384 3151 Lacedaemonius
416 3094 569 3168 tyrannus
601 3084 687 3148 haud
716 3084 827 3170 procul
851 3084 1047 3170 Argivorum
1075 3083 1139 3148 fine

95 3175 219 3266 positis
245 3176 356 3240 castris
380 3177 527 3242 terrebat.
572 3176 606 3241 hi
628 3200 739 3244 omnes
763 3177 829 3243 suis
852 3177 985 3259 quisque
1007 3175 1138 3240 urbibus
1158 3198 1173 3247 a

95 3294 186 3359 quae
209 3269 353 3356 pericula
373 3281 457 3347 terra
472 3271 614 3357 marique
631 3271 900 3358 portendebantur
916 3280 1138 3347 memorantes,

95 3364 226 3433 auxilia
243 3379 352 3450 regem
370 3365 512 3430 orabant.
556 3389 597 3431 ne
616 3388 656 3431 ex
672 3387 772 3451 regno
791 3363 917 3448 quidem
934 3364 1035 3449 ipsius
1053 3374 1139 3429 tran-
1158 3387 1171 3433 s

95 3462 224 3548 quillae
247 3461 473 3526 nuntiabantur
494 3484 561 3527 res:
585 3472 617 3527 et
636 3460 874 3526 Scerdilaedum
890 3459 1139 3543 Pleuratumque

95 3568 210 3624 motos
235 3576 307 3620 esse
329 3566 361 3620 et
378 3555 539 3621 Thracum
559 3556 696 3620 maxime
713 3554 865 3631 Maedos,
889 3554 916 3618 si
934 3575 996 3637 quo
1013 3553 1138 3639 longin-

95 3674 203 3738 quum
222 3649 342 3714 bellum
358 3672 468 3735 regem
486 3661 687 3738 occupasset,
705 3649 850 3737 proxima
863 3645 1072 3712 Macedoniae
1089 3647 1138 3709 in-

95 3765 267 3812 cursuros.
310 3745 437 3809 Boeotii
463 3745 590 3829 quidem
612 3756 645 3810 et
665 3743 829 3808 interiores
854 3741 1006 3809 Graeciae
1028 3740 1170 3826 populis

95 3839 396 3924 Thermopylarum
410 3839 519 3917 saltus,
537 3839 592 3904 ubi
607 3849 761 3924 angustae
780 3839 888 3903 fauces
907 3845 1050 3901 coartant
1066 3835 1136 3913 iter,

95 3935 195 4000 fossa
214 3933 362 4016 valloque
379 3933 546 3998 intercludi
563 3934 604 3997 ab
613 3933 738 3998 Aetolis
757 3931 957 4007 nuntiabant,
976 3952 1017 3995 ne
1035 3939 1138 3995 trans·

95 4031 186 4095 itum
214 4028 256 4093 ad
283 4027 441 4093 sociorum
467 4028 563 4094 urbes
591 4027 724 4093 tuendas
746 4025 897 4113 Philippo
920 4026 1042 4180 {arent
1086 4023 1170 4093 vela

908 4128 961 4180 2·
