<?xml version="1.0" encoding="UTF-8"?>
<!DOCTYPE html PUBLIC "-//W3C//DTD XHTML 1.0 Transitional//EN"
    "http://www.w3.org/TR/xhtml1/DTD/xhtml1-transitional.dtd">
<html xmlns="http://www.w3.org/1999/xhtml" xml:lang="en" lang="en">
 <head>
  <title>
</title>
<meta http-equiv="Content-Type" content="text/html;charset=utf-8" />
  <meta name='ocr-system' content='tesseract 3.04.00' />
  <meta name='ocr-capabilities' content='ocr_page ocr_carea ocr_par ocr_line ocrx_word'/>
</head>
<body>
  <div class='ocr_page' id='page_1' title='image "./titiliviaburbec00weisgoog_0255.png"; bbox 0 0 2528 4530; ppageno 0'>
   <div class='ocr_carea' id='block_1_1' title="bbox 320 204 1118 294">
    <p class='ocr_par' dir='ltr' id='par_1_1' title="bbox 320 204 1118 294">
     <span class='ocr_line' id='line_1_1' title="bbox 320 204 1118 294; baseline -0.006 -16"><span class='ocrx_word' id='word_1_1' title='bbox 320 220 441 279; x_wconf 76' lang='lat' dir='ltr'><strong>arnan</strong></span> <span class='ocrx_word' id='word_1_2' title='bbox 457 219 572 294; x_wconf 88' lang='lat' dir='ltr'><strong>xxm,</strong></span> <span class='ocrx_word' id='word_1_3' title='bbox 589 220 636 278; x_wconf 84' lang='lat'><strong>21.</strong></span> <span class='ocrx_word' id='word_1_4' title='bbox 651 220 693 277; x_wconf 79' lang='lat' dir='ltr'><strong>aa.</strong></span> <span class='ocrx_word' id='word_1_5' title='bbox 713 219 864 291; x_wconf 65' lang='lat' dir='ltr'><strong>[acam]</strong></span> <span class='ocrx_word' id='word_1_6' title='bbox 1054 204 1118 274; x_wconf 84' lang='lat'><strong>135</strong></span> 
     </span>
    </p>
   </div>
   <div class='ocr_carea' id='block_1_2' title="bbox 86 378 1202 3388">
    <p class='ocr_par' dir='ltr' id='par_1_2' title="bbox 86 378 1202 3388">
     <span class='ocr_line' id='line_1_2' title="bbox 86 378 1118 467; baseline -0.007 -17"><span class='ocrx_word' id='word_1_7' title='bbox 86 383 175 455; x_wconf 83' lang='lat' dir='ltr'><strong>sociis</strong></span> <span class='ocrx_word' id='word_1_8' title='bbox 197 402 303 467; x_wconf 85' lang='lat' dir='ltr'><strong>neque</strong></span> <span class='ocrx_word' id='word_1_9' title='bbox 327 379 517 467; x_wconf 84' lang='lat' dir='ltr'><strong>stipendium</strong></span> <span class='ocrx_word' id='word_1_10' title='bbox 540 400 643 465; x_wconf 87' lang='lat' dir='ltr'><strong>neque</strong></span> <span class='ocrx_word' id='word_1_11' title='bbox 664 378 858 445; x_wconf 89' lang='lat' dir='ltr'><strong>frumentum</strong></span> <span class='ocrx_word' id='word_1_12' title='bbox 879 378 921 444; x_wconf 89' lang='lat' dir='ltr'><strong>ad</strong></span> <span class='ocrx_word' id='word_1_13' title='bbox 944 378 1027 443; x_wconf 92' lang='lat' dir='ltr'><strong>diem</strong></span> <span class='ocrx_word' id='word_1_14' title='bbox 1050 378 1118 443; x_wconf 90' lang='lat' dir='ltr'><strong>dari</strong></span> 
     </span>
     <span class='ocr_line' id='line_1_3' title="bbox 87 466 1152 565; baseline -0.005 -19"><span class='ocrx_word' id='word_1_15' title='bbox 87 466 182 565; x_wconf 83' lang='lat' dir='ltr'><strong>nequa</strong></span> <span class='ocrx_word' id='word_1_16' title='bbox 208 476 295 565; x_wconf 75' lang='lat' dir='ltr'><strong>unde</strong></span> <span class='ocrx_word' id='word_1_17' title='bbox 320 474 411 541; x_wconf 87' lang='lat' dir='ltr'><strong>detur</strong></span> <span class='ocrx_word' id='word_1_18' title='bbox 436 496 521 554; x_wconf 85' lang='lat' dir='ltr'><strong>esse3</strong></span> <span class='ocrx_word' id='word_1_19' title='bbox 557 496 747 562; x_wconf 87' lang='lat' dir='ltr'><strong>magnopere</strong></span> <span class='ocrx_word' id='word_1_20' title='bbox 774 474 925 553; x_wconf 86' lang='lat' dir='ltr'><strong>suadere,</strong></span> <span class='ocrx_word' id='word_1_21' title='bbox 960 484 996 539; x_wconf 90' lang='lat' dir='ltr'><strong>nt</strong></span> <span class='ocrx_word' id='word_1_22' title='bbox 1022 494 1152 559; x_wconf 73' lang='lat' dir='ltr'><strong>quamn</strong></span> 
     </span>
     <span class='ocr_line' id='line_1_4' title="bbox 91 567 1116 663; baseline -0.002 -25"><span class='ocrx_word' id='word_1_23' title='bbox 91 572 219 663; x_wconf 85' lang='lat' dir='ltr'><strong>primum</strong></span> <span class='ocrx_word' id='word_1_24' title='bbox 241 592 281 636; x_wconf 87' lang='lat' dir='ltr'><strong>ea</strong></span> <span class='ocrx_word' id='word_1_25' title='bbox 301 568 478 647; x_wconf 74' lang='lat' dir='ltr'><strong>mittantur,</strong></span> <span class='ocrx_word' id='word_1_26' title='bbox 506 567 644 652; x_wconf 79' lang='lat' dir='ltr'><strong>sibique,</strong></span> <span class='ocrx_word' id='word_1_27' title='bbox 667 568 695 632; x_wconf 91' lang='lat' dir='ltr'><strong>si</strong></span> <span class='ocrx_word' id='word_1_28' title='bbox 716 568 762 633; x_wconf 90' lang='lat' dir='ltr'><strong>ita</strong></span> <span class='ocrx_word' id='word_1_29' title='bbox 781 567 940 647; x_wconf 84' lang='lat' dir='ltr'><strong>videatur,</strong></span> <span class='ocrx_word' id='word_1_30' title='bbox 967 590 1008 633; x_wconf 89' lang='lat' dir='ltr'><strong>ex</strong></span> <span class='ocrx_word' id='word_1_31' title='bbox 1025 570 1116 635; x_wconf 90' lang='lat' dir='ltr'><strong>novis</strong></span> 
     </span>
     <span class='ocr_line' id='line_1_5' title="bbox 93 662 1152 757; baseline -0.002 -25"><span class='ocrx_word' id='word_1_32' title='bbox 93 664 279 757; x_wconf 80' lang='lat' dir='ltr'><strong>pastoribus</strong></span> <span class='ocrx_word' id='word_1_33' title='bbox 296 685 510 730; x_wconf 77' lang='lat' dir='ltr'><strong>successorem</strong></span> <span class='ocrx_word' id='word_1_34' title='bbox 528 662 661 728; x_wconf 87' lang='lat' dir='ltr'><strong>mittant.</strong></span> <span class='ocrx_word' id='word_1_35' title='bbox 698 663 870 748; x_wconf 88' lang='lat' dir='ltr'><strong>eademque</strong></span> <span class='ocrx_word' id='word_1_36' title='bbox 887 663 987 729; x_wconf 84' lang='lat' dir='ltr'><strong>ferme</strong></span> <span class='ocrx_word' id='word_1_37' title='bbox 1005 664 1044 729; x_wconf 89' lang='lat' dir='ltr'><strong>de</strong></span> <span class='ocrx_word' id='word_1_38' title='bbox 1063 666 1118 732; x_wconf 89' lang='lat' dir='ltr'><strong>sti·</strong></span> <span class='ocrx_word' id='word_1_39' title='bbox 1135 684 1152 730; x_wconf 84' lang='lat'>4</span> 
     </span>
     <span class='ocr_line' id='line_1_6' title="bbox 98 754 1118 853; baseline 0 -26"><span class='ocrx_word' id='word_1_40' title='bbox 98 761 197 853; x_wconf 76' lang='lat' dir='ltr'><strong>prndio</strong></span> <span class='ocrx_word' id='word_1_41' title='bbox 214 758 435 843; x_wconf 72' lang='lat' dir='ltr'><strong>framentoque</strong></span> <span class='ocrx_word' id='word_1_42' title='bbox 452 755 493 825; x_wconf 88' lang='lat' dir='ltr'><strong>ab</strong></span> <span class='ocrx_word' id='word_1_43' title='bbox 506 755 549 822; x_wconf 80' lang='lat' dir='ltr'><strong>A.</strong></span> <span class='ocrx_word' id='word_1_44' title='bbox 561 754 708 824; x_wconf 80' lang='lat' dir='ltr'><strong>Cornelio</strong></span> <span class='ocrx_word' id='word_1_45' title='bbox 722 756 900 823; x_wconf 79' lang='lat' dir='ltr'><strong>Mammula</strong></span> <span class='ocrx_word' id='word_1_46' title='bbox 916 769 1118 845; x_wconf 82' lang='lat' dir='ltr'><strong>propraetore</strong></span> 
     </span>
     <span class='ocr_line' id='line_1_7' title="bbox 101 851 1118 938; baseline -0.003 -15"><span class='ocrx_word' id='word_1_47' title='bbox 101 876 131 923; x_wconf 79' lang='lat' dir='ltr'><strong>rx</strong></span> <span class='ocrx_word' id='word_1_48' title='bbox 144 852 289 922; x_wconf 74' lang='lat' dir='ltr'><strong>Sardinia</strong></span> <span class='ocrx_word' id='word_1_49' title='bbox 311 852 435 938; x_wconf 88' lang='lat' dir='ltr'><strong>scripta.</strong></span> <span class='ocrx_word' id='word_1_50' title='bbox 479 873 668 937; x_wconf 89' lang='lat' dir='ltr'><strong>responsum</strong></span> <span class='ocrx_word' id='word_1_51' title='bbox 690 851 827 936; x_wconf 90' lang='lat' dir='ltr'><strong>utrique,</strong></span> <span class='ocrx_word' id='word_1_52' title='bbox 854 874 919 918; x_wconf 91' lang='lat' dir='ltr'><strong>non</strong></span> <span class='ocrx_word' id='word_1_53' title='bbox 941 875 1012 919; x_wconf 88' lang='lat' dir='ltr'><strong>esse</strong></span> <span class='ocrx_word' id='word_1_54' title='bbox 1034 856 1118 921; x_wconf 92' lang='lat' dir='ltr'><strong>unde</strong></span> 
     </span>
     <span class='ocr_line' id='line_1_8' title="bbox 102 945 1117 1031; baseline -0.002 -15"><span class='ocrx_word' id='word_1_55' title='bbox 102 948 271 1025; x_wconf 73' lang='lat' dir='ltr'><strong>niteretur,</strong></span> <span class='ocrx_word' id='word_1_56' title='bbox 297 946 438 1031; x_wconf 87' lang='lat' dir='ltr'><strong>iussique</strong></span> <span class='ocrx_word' id='word_1_57' title='bbox 459 945 522 1031; x_wconf 90' lang='lat' dir='ltr'><strong>ipsi</strong></span> <span class='ocrx_word' id='word_1_58' title='bbox 544 945 699 1011; x_wconf 86' lang='lat' dir='ltr'><strong>classibus</strong></span> <span class='ocrx_word' id='word_1_59' title='bbox 722 956 816 1030; x_wconf 90' lang='lat' dir='ltr'><strong>atque</strong></span> <span class='ocrx_word' id='word_1_60' title='bbox 838 947 1027 1013; x_wconf 81' lang='lat' dir='ltr'><strong>exercitibus</strong></span> <span class='ocrx_word' id='word_1_61' title='bbox 1050 950 1117 1015; x_wconf 91' lang='lat' dir='ltr'><strong>suis</strong></span> 
     </span>
     <span class='ocr_line' id='line_1_9' title="bbox 105 1037 1152 1128; baseline 0 -17"><span class='ocrx_word' id='word_1_62' title='bbox 105 1040 256 1111; x_wconf 73' lang='lat' dir='ltr'><strong>ansulere.</strong></span> <span class='ocrx_word' id='word_1_63' title='bbox 293 1039 333 1106; x_wconf 88' lang='grc' dir='ltr'><strong>Τ.</strong></span> <span class='ocrx_word' id='word_1_64' title='bbox 353 1037 510 1107; x_wconf 83' lang='lat' dir='ltr'><strong>Otacilius</strong></span> <span class='ocrx_word' id='word_1_65' title='bbox 528 1040 569 1105; x_wconf 88' lang='lat' dir='ltr'><strong>ad</strong></span> <span class='ocrx_word' id='word_1_66' title='bbox 586 1039 713 1105; x_wconf 91' lang='lat' dir='ltr'><strong>unicum</strong></span> <span class='ocrx_word' id='word_1_67' title='bbox 732 1039 908 1106; x_wconf 88' lang='lat' dir='ltr'><strong>subsidium</strong></span> <span class='ocrx_word' id='word_1_68' title='bbox 924 1042 1035 1128; x_wconf 90' lang='lat' dir='ltr'><strong>populi</strong></span> <span class='ocrx_word' id='word_1_69' title='bbox 1050 1042 1117 1110; x_wconf 87' lang='lat' dir='ltr'><strong>Rc-</strong></span> <span class='ocrx_word' id='word_1_70' title='bbox 1136 1063 1152 1111; x_wconf 85' lang='lat'>5</span> 
     </span>
     <span class='ocr_line' id='line_1_10' title="bbox 106 1133 1116 1221; baseline -0.001 -18"><span class='ocrx_word' id='word_1_71' title='bbox 106 1136 170 1203; x_wconf 81' lang='lat' dir='ltr'><strong>naui</strong></span> <span class='ocrx_word' id='word_1_72' title='bbox 197 1134 373 1201; x_wconf 88' lang='lat' dir='ltr'><strong>Hieronem</strong></span> <span class='ocrx_word' id='word_1_73' title='bbox 405 1133 525 1220; x_wconf 88' lang='lat' dir='ltr'><strong>legatos</strong></span> <span class='ocrx_word' id='word_1_74' title='bbox 561 1155 634 1198; x_wconf 90' lang='lat' dir='ltr'><strong>cum</strong></span> <span class='ocrx_word' id='word_1_75' title='bbox 669 1133 826 1214; x_wconf 87' lang='lat' dir='ltr'><strong>misisset,</strong></span> <span class='ocrx_word' id='word_1_76' title='bbox 861 1135 896 1198; x_wconf 90' lang='lat' dir='ltr'><strong>in</strong></span> <span class='ocrx_word' id='word_1_77' title='bbox 927 1135 1116 1221; x_wconf 87' lang='lat' dir='ltr'><strong>stipendium</strong></span> 
     </span>
     <span class='ocr_line' id='line_1_11' title="bbox 107 1226 1118 1317; baseline 0 -21"><span class='ocrx_word' id='word_1_78' title='bbox 107 1229 191 1317; x_wconf 74' lang='lat' dir='ltr'><strong>qunti</strong></span> <span class='ocrx_word' id='word_1_79' title='bbox 217 1228 342 1315; x_wconf 84' lang='lat' dir='ltr'><strong>argenti</strong></span> <span class='ocrx_word' id='word_1_80' title='bbox 368 1249 447 1313; x_wconf 88' lang='lat' dir='ltr'><strong>opus</strong></span> <span class='ocrx_word' id='word_1_81' title='bbox 470 1226 530 1291; x_wconf 91' lang='lat' dir='ltr'><strong>fuit</strong></span> <span class='ocrx_word' id='word_1_82' title='bbox 552 1237 583 1292; x_wconf 88' lang='lat' dir='ltr'><strong>et</strong></span> <span class='ocrx_word' id='word_1_83' title='bbox 605 1249 662 1292; x_wconf 88' lang='lat' dir='ltr'><strong>sex</strong></span> <span class='ocrx_word' id='word_1_84' title='bbox 683 1249 829 1293; x_wconf 91' lang='lat' dir='ltr'><strong>mensum</strong></span> <span class='ocrx_word' id='word_1_85' title='bbox 850 1227 1042 1294; x_wconf 85' lang='lat' dir='ltr'><strong>frumentum</strong></span> <span class='ocrx_word' id='word_1_86' title='bbox 1065 1253 1118 1296; x_wconf 90' lang='lat' dir='ltr'><strong>ac-</strong></span> 
     </span>
     <span class='ocr_line' id='line_1_12' title="bbox 107 1319 1118 1411; baseline 0 -21"><span class='ocrx_word' id='word_1_87' title='bbox 107 1323 179 1411; x_wconf 79' lang='lat' dir='ltr'><strong>cepit,</strong></span> <span class='ocrx_word' id='word_1_88' title='bbox 208 1322 357 1390; x_wconf 85' lang='lat' dir='ltr'><strong>Cornelio</strong></span> <span class='ocrx_word' id='word_1_89' title='bbox 379 1322 411 1387; x_wconf 91' lang='lat' dir='ltr'><strong>in</strong></span> <span class='ocrx_word' id='word_1_90' title='bbox 431 1319 577 1388; x_wconf 82' lang='lat' dir='ltr'><strong>Sardinia</strong></span> <span class='ocrx_word' id='word_1_91' title='bbox 599 1322 740 1388; x_wconf 86' lang='lat' dir='ltr'><strong>civitates</strong></span> <span class='ocrx_word' id='word_1_92' title='bbox 763 1321 868 1388; x_wconf 90' lang='lat' dir='ltr'><strong>sociae</strong></span> <span class='ocrx_word' id='word_1_93' title='bbox 890 1322 1025 1410; x_wconf 86' lang='lat' dir='ltr'><strong>benigne</strong></span> <span class='ocrx_word' id='word_1_94' title='bbox 1044 1346 1118 1390; x_wconf 91' lang='lat' dir='ltr'><strong>con-</strong></span> 
     </span>
     <span class='ocr_line' id='line_1_13' title="bbox 108 1416 230 1487; baseline -0.041 0"><span class='ocrx_word' id='word_1_95' title='bbox 108 1416 230 1487; x_wconf 70' lang='lat' dir='ltr'><strong>urana</strong></span> 
     </span>
     <span class='ocr_line' id='line_1_14' title="bbox 114 1504 1151 1607; baseline 0.005 -29"><span class='ocrx_word' id='word_1_96' title='bbox 114 1504 123 1607; x_wconf 35' lang='grc' dir='ltr'>Ἰ</span> <span class='ocrx_word' id='word_1_97' title='bbox 149 1510 191 1579; x_wconf 71' lang='lat' dir='ltr'><strong>Et</strong></span> <span class='ocrx_word' id='word_1_98' title='bbox 207 1511 333 1577; x_wconf 83' lang='lat' dir='ltr'><strong>Romae</strong></span> <span class='ocrx_word' id='word_1_99' title='bbox 350 1533 475 1595; x_wconf 91' lang='lat' dir='ltr'><strong>quoque</strong></span> <span class='ocrx_word' id='word_1_100' title='bbox 492 1522 619 1597; x_wconf 91' lang='lat' dir='ltr'><strong>propter</strong></span> <span class='ocrx_word' id='word_1_101' title='bbox 635 1513 799 1598; x_wconf 89' lang='lat' dir='ltr'><strong>penuriam</strong></span> <span class='ocrx_word' id='word_1_102' title='bbox 820 1513 942 1599; x_wconf 87' lang='lat' dir='ltr'><strong>argenti</strong></span> <span class='ocrx_word' id='word_1_103' title='bbox 964 1513 1119 1578; x_wconf 88' lang='lat' dir='ltr'><strong>triumviri</strong></span> <span class='ocrx_word' id='word_1_104' title='bbox 1137 1537 1151 1583; x_wconf 83' lang='lat' dir='ltr'><strong>c</strong></span> 
     </span>
     <span class='ocr_line' id='line_1_15' title="bbox 114 1604 1117 1693; baseline 0.002 -24"><span class='ocrx_word' id='word_1_105' title='bbox 114 1604 246 1683; x_wconf 61' lang='lat' dir='ltr'><strong>narii,</strong></span> <span class='ocrx_word' id='word_1_106' title='bbox 274 1604 436 1692; x_wconf 87' lang='lat' dir='ltr'><strong>rogatione</strong></span> <span class='ocrx_word' id='word_1_107' title='bbox 457 1604 506 1671; x_wconf 84' lang='lat' dir='ltr'><strong>M.</strong></span> <span class='ocrx_word' id='word_1_108' title='bbox 529 1605 653 1671; x_wconf 90' lang='lat' dir='ltr'><strong>Minuci</strong></span> <span class='ocrx_word' id='word_1_109' title='bbox 678 1605 795 1672; x_wconf 89' lang='lat' dir='ltr'><strong>tribuni</strong></span> <span class='ocrx_word' id='word_1_110' title='bbox 819 1606 921 1693; x_wconf 90' lang='lat' dir='ltr'><strong>plebis</strong></span> <span class='ocrx_word' id='word_1_111' title='bbox 949 1605 1040 1673; x_wconf 84' lang='lat' dir='ltr'><strong>facti:</strong></span> <span class='ocrx_word' id='word_1_112' title='bbox 1075 1608 1117 1672; x_wconf 89' lang='lat' dir='ltr'><strong>L.</strong></span> 
     </span>
     <span class='ocr_line' id='line_1_16' title="bbox 167 1698 1119 1785; baseline 0 -19"><span class='ocrx_word' id='word_1_113' title='bbox 167 1700 241 1766; x_wconf 84' lang='lat' dir='ltr'><strong>’‘us</strong></span> <span class='ocrx_word' id='word_1_114' title='bbox 260 1698 384 1785; x_wconf 85' lang='lat' dir='ltr'><strong>Papus,</strong></span> <span class='ocrx_word' id='word_1_115' title='bbox 403 1699 458 1784; x_wconf 91' lang='lat' dir='ltr'><strong>qui</strong></span> <span class='ocrx_word' id='word_1_116' title='bbox 474 1700 585 1765; x_wconf 85' lang='lat' dir='ltr'><strong>consul</strong></span> <span class='ocrx_word' id='word_1_117' title='bbox 602 1722 774 1784; x_wconf 90' lang='lat' dir='ltr'><strong>censorque</strong></span> <span class='ocrx_word' id='word_1_118' title='bbox 792 1699 909 1778; x_wconf 88' lang='lat' dir='ltr'><strong>fuerat,</strong></span> <span class='ocrx_word' id='word_1_119' title='bbox 932 1712 963 1766; x_wconf 88' lang='lat' dir='ltr'><strong>et</strong></span> <span class='ocrx_word' id='word_1_120' title='bbox 980 1701 1028 1766; x_wconf 89' lang='lat' dir='ltr'><strong>M.</strong></span> <span class='ocrx_word' id='word_1_121' title='bbox 1046 1700 1119 1766; x_wconf 84' lang='lat' dir='ltr'><strong>Ati-</strong></span> 
     </span>
     <span class='ocr_line' id='line_1_17' title="bbox 102 1788 1117 1883; baseline 0 -21"><span class='ocrx_word' id='word_1_122' title='bbox 102 1788 313 1883; x_wconf 49' lang='lat' dir='ltr'><strong>¹&amp;Regulum</strong></span> <span class='ocrx_word' id='word_1_123' title='bbox 332 1793 454 1878; x_wconf 88' lang='lat' dir='ltr'><strong>quibis</strong></span> <span class='ocrx_word' id='word_1_124' title='bbox 472 1794 584 1860; x_wconf 86' lang='lat' dir='ltr'><strong>consul</strong></span> <span class='ocrx_word' id='word_1_125' title='bbox 600 1794 716 1873; x_wconf 86' lang='lat' dir='ltr'><strong>fuerat,</strong></span> <span class='ocrx_word' id='word_1_126' title='bbox 736 1796 817 1860; x_wconf 88' lang='lat' dir='ltr'><strong>etL.</strong></span> <span class='ocrx_word' id='word_1_127' title='bbox 829 1794 1012 1862; x_wconf 89' lang='lat' dir='ltr'><strong>Scribonius</strong></span> <span class='ocrx_word' id='word_1_128' title='bbox 1022 1796 1117 1875; x_wconf 92' lang='lat' dir='ltr'><strong>Libo,</strong></span> 
     </span>
     <span class='ocr_line' id='line_1_18' title="bbox 102 1888 1152 1975; baseline 0.002 -18"><span class='ocrx_word' id='word_1_129' title='bbox 102 1888 224 1975; x_wconf 63' lang='lat' dir='ltr'><strong>¹quturrr</strong></span> <span class='ocrx_word' id='word_1_130' title='bbox 242 1888 505 1975; x_wconf 87' lang='lat' dir='ltr'><strong>tribunusplebis</strong></span> <span class='ocrx_word' id='word_1_131' title='bbox 524 1899 604 1968; x_wconf 85' lang='lat' dir='ltr'><strong>erat3</strong></span> <span class='ocrx_word' id='word_1_132' title='bbox 624 1901 654 1956; x_wconf 88' lang='lat' dir='ltr'><strong>et</strong></span> <span class='ocrx_word' id='word_1_133' title='bbox 672 1891 829 1956; x_wconf 83' lang='lat' dir='ltr'><strong>duumviri</strong></span> <span class='ocrx_word' id='word_1_134' title='bbox 847 1892 943 1957; x_wconf 88' lang='lat' dir='ltr'><strong>creati</strong></span> <span class='ocrx_word' id='word_1_135' title='bbox 960 1890 1008 1957; x_wconf 91' lang='lat' dir='ltr'><strong>M.</strong></span> <span class='ocrx_word' id='word_1_136' title='bbox 1028 1902 1060 1958; x_wconf 90' lang='lat' dir='ltr'><strong>et</strong></span> <span class='ocrx_word' id='word_1_137' title='bbox 1078 1891 1117 1959; x_wconf 87' lang='lat' dir='ltr'><strong>C.</strong></span> <span class='ocrx_word' id='word_1_138' title='bbox 1138 1912 1152 1958; x_wconf 74' lang='lat' dir='ltr'><strong>r</strong></span> 
     </span>
     <span class='ocr_line' id='line_1_19' title="bbox 104 1980 1202 2071; baseline 0.001 -20"><span class='ocrx_word' id='word_1_139' title='bbox 104 1980 177 2051; x_wconf 78' lang='lat' dir='ltr'><strong>tulii</strong></span> <span class='ocrx_word' id='word_1_140' title='bbox 202 1984 315 2051; x_wconf 90' lang='lat' dir='ltr'><strong>aedem</strong></span> <span class='ocrx_word' id='word_1_141' title='bbox 334 1982 544 2061; x_wconf 85' lang='lat' dir='ltr'><strong>Concordiae,</strong></span> <span class='ocrx_word' id='word_1_142' title='bbox 571 2005 666 2069; x_wconf 89' lang='lat' dir='ltr'><strong>quam</strong></span> <span class='ocrx_word' id='word_1_143' title='bbox 684 1986 725 2050; x_wconf 92' lang='lat' dir='ltr'><strong>L.</strong></span> <span class='ocrx_word' id='word_1_144' title='bbox 744 1984 885 2051; x_wconf 88' lang='lat' dir='ltr'><strong>Manlius</strong></span> <span class='ocrx_word' id='word_1_145' title='bbox 911 1996 1037 2071; x_wconf 89' lang='lat' dir='ltr'><strong>praetor</strong></span> <span class='ocrx_word' id='word_1_146' title='bbox 1062 2010 1119 2052; x_wconf 85' lang='lat' dir='ltr'><strong>vc-</strong></span> <span class='ocrx_word' id='word_1_147' title='bbox 1197 1999 1202 2005; x_wconf 83' lang='lat'>&#39;</span> 
     </span>
     <span class='ocr_line' id='line_1_20' title="bbox 104 2077 1117 2162; baseline 0.001 -17"><span class='ocrx_word' id='word_1_148' title='bbox 104 2088 186 2157; x_wconf 74' lang='lat' dir='ltr'><strong>terat,</strong></span> <span class='ocrx_word' id='word_1_149' title='bbox 205 2077 445 2156; x_wconf 84' lang='lat' dir='ltr'><strong>dedicaverunt3</strong></span> <span class='ocrx_word' id='word_1_150' title='bbox 464 2088 494 2142; x_wconf 90' lang='lat' dir='ltr'><strong>et</strong></span> <span class='ocrx_word' id='word_1_151' title='bbox 512 2088 575 2142; x_wconf 89' lang='lat' dir='ltr'><strong>tres</strong></span> <span class='ocrx_word' id='word_1_152' title='bbox 593 2078 757 2162; x_wconf 87' lang='lat' dir='ltr'><strong>pontifices</strong></span> <span class='ocrx_word' id='word_1_153' title='bbox 776 2081 884 2158; x_wconf 86' lang='lat' dir='ltr'><strong>creati,</strong></span> <span class='ocrx_word' id='word_1_154' title='bbox 906 2078 947 2162; x_wconf 79' lang='lat' dir='ltr'><strong>Q.</strong></span> <span class='ocrx_word' id='word_1_155' title='bbox 959 2079 1117 2147; x_wconf 87' lang='lat' dir='ltr'><strong>Caecilius</strong></span> 
     </span>
     <span class='ocr_line' id='line_1_21' title="bbox 104 2166 1117 2256; baseline 0.001 -17"><span class='ocrx_word' id='word_1_156' title='bbox 104 2166 236 2239; x_wconf 85' lang='lat' dir='ltr'><strong>llctellus</strong></span> <span class='ocrx_word' id='word_1_157' title='bbox 261 2181 292 2236; x_wconf 89' lang='lat' dir='ltr'><strong>et</strong></span> <span class='ocrx_word' id='word_1_158' title='bbox 315 2169 356 2254; x_wconf 82' lang='lat' dir='ltr'><strong>Q.</strong></span> <span class='ocrx_word' id='word_1_159' title='bbox 373 2170 493 2237; x_wconf 88' lang='lat' dir='ltr'><strong>Fabius</strong></span> <span class='ocrx_word' id='word_1_160' title='bbox 516 2169 679 2238; x_wconf 87' lang='lat' dir='ltr'><strong>Maximus</strong></span> <span class='ocrx_word' id='word_1_161' title='bbox 702 2183 732 2237; x_wconf 87' lang='lat' dir='ltr'><strong>et</strong></span> <span class='ocrx_word' id='word_1_162' title='bbox 756 2171 796 2256; x_wconf 83' lang='lat' dir='ltr'><strong>Q.</strong></span> <span class='ocrx_word' id='word_1_163' title='bbox 814 2172 948 2239; x_wconf 89' lang='lat' dir='ltr'><strong>Fulvius</strong></span> <span class='ocrx_word' id='word_1_164' title='bbox 970 2174 1117 2253; x_wconf 79' lang='lat' dir='ltr'><strong>Flaccus,</strong></span> 
     </span>
     <span class='ocr_line' id='line_1_22' title="bbox 103 2260 1119 2336; baseline 0.003 -5"><span class='ocrx_word' id='word_1_165' title='bbox 103 2260 247 2334; x_wconf 85' lang='lat' dir='ltr'><strong>irlocum</strong></span> <span class='ocrx_word' id='word_1_166' title='bbox 264 2265 303 2331; x_wconf 93' lang='lat' dir='ltr'><strong>P.</strong></span> <span class='ocrx_word' id='word_1_167' title='bbox 323 2263 467 2332; x_wconf 86' lang='lat' dir='ltr'><strong>Scantini</strong></span> <span class='ocrx_word' id='word_1_168' title='bbox 492 2266 646 2332; x_wconf 85' lang='lat' dir='ltr'><strong>demortui</strong></span> <span class='ocrx_word' id='word_1_169' title='bbox 673 2277 704 2332; x_wconf 89' lang='lat' dir='ltr'><strong>et</strong></span> <span class='ocrx_word' id='word_1_170' title='bbox 725 2267 766 2332; x_wconf 92' lang='lat' dir='ltr'><strong>L.</strong></span> <span class='ocrx_word' id='word_1_171' title='bbox 789 2266 908 2332; x_wconf 86' lang='lat' dir='ltr'><strong>Aemili</strong></span> <span class='ocrx_word' id='word_1_172' title='bbox 929 2268 1023 2334; x_wconf 87' lang='lat' dir='ltr'><strong>Pauli</strong></span> <span class='ocrx_word' id='word_1_173' title='bbox 1045 2292 1119 2336; x_wconf 89' lang='lat' dir='ltr'><strong>con-</strong></span> 
     </span>
     <span class='ocr_line' id='line_1_23' title="bbox 104 2358 1070 2448; baseline 0.001 -21"><span class='ocrx_word' id='word_1_174' title='bbox 104 2358 164 2427; x_wconf 74' lang='lat' dir='ltr'><strong>alia</strong></span> <span class='ocrx_word' id='word_1_175' title='bbox 181 2370 214 2428; x_wconf 91' lang='lat' dir='ltr'><strong>et</strong></span> <span class='ocrx_word' id='word_1_176' title='bbox 232 2358 274 2443; x_wconf 83' lang='lat' dir='ltr'><strong>Q.</strong></span> <span class='ocrx_word' id='word_1_177' title='bbox 292 2360 368 2425; x_wconf 88' lang='lat' dir='ltr'><strong>Aeli</strong></span> <span class='ocrx_word' id='word_1_178' title='bbox 383 2360 489 2439; x_wconf 91' lang='lat' dir='ltr'><strong>Paeti,</strong></span> <span class='ocrx_word' id='word_1_179' title='bbox 508 2362 562 2446; x_wconf 93' lang='lat' dir='ltr'><strong>qui</strong></span> <span class='ocrx_word' id='word_1_180' title='bbox 580 2362 756 2427; x_wconf 86' lang='lat' dir='ltr'><strong>ceciderant</strong></span> <span class='ocrx_word' id='word_1_181' title='bbox 773 2385 881 2448; x_wconf 88' lang='lat' dir='ltr'><strong>pugna</strong></span> <span class='ocrx_word' id='word_1_182' title='bbox 900 2361 1070 2428; x_wconf 84' lang='lat' dir='ltr'><strong>Cannensi.</strong></span> 
     </span>
     <span class='ocr_line' id='line_1_24' title="bbox 106 2452 1152 2540; baseline 0.002 -19"><span class='ocrx_word' id='word_1_183' title='bbox 106 2526 111 2535; x_wconf 66' lang='grc'><strong>,</strong></span> <span class='ocrx_word' id='word_1_184' title='bbox 150 2453 272 2521; x_wconf 82' lang='lat' dir='ltr'><strong>XXII.</strong></span> <span class='ocrx_word' id='word_1_185' title='bbox 318 2452 401 2519; x_wconf 86' lang='lat' dir='ltr'><strong>Cum</strong></span> <span class='ocrx_word' id='word_1_186' title='bbox 420 2464 536 2533; x_wconf 88' lang='lat' dir='ltr'><strong>cetera,</strong></span> <span class='ocrx_word' id='word_1_187' title='bbox 560 2478 641 2540; x_wconf 92' lang='lat' dir='ltr'><strong>quae</strong></span> <span class='ocrx_word' id='word_1_188' title='bbox 659 2456 814 2521; x_wconf 86' lang='lat' dir='ltr'><strong>continuis</strong></span> <span class='ocrx_word' id='word_1_189' title='bbox 833 2456 974 2522; x_wconf 89' lang='lat' dir='ltr'><strong>cladibus</strong></span> <span class='ocrx_word' id='word_1_190' title='bbox 993 2456 1120 2521; x_wconf 85' lang='lat' dir='ltr'><strong>fortuna</strong></span> <span class='ocrx_word' id='word_1_191' title='bbox 1139 2476 1152 2523; x_wconf 91' lang='lat'>1</span> 
     </span>
     <span class='ocr_line' id='line_1_25' title="bbox 104 2547 1118 2635; baseline -0.002 -20"><span class='ocrx_word' id='word_1_192' title='bbox 104 2547 256 2627; x_wconf 79' lang='lat' dir='ltr'><strong>minuerat,</strong></span> <span class='ocrx_word' id='word_1_193' title='bbox 290 2559 443 2633; x_wconf 90' lang='lat' dir='ltr'><strong>quantum</strong></span> <span class='ocrx_word' id='word_1_194' title='bbox 469 2549 607 2615; x_wconf 89' lang='lat' dir='ltr'><strong>consiliis</strong></span> <span class='ocrx_word' id='word_1_195' title='bbox 634 2549 780 2614; x_wconf 87' lang='lat' dir='ltr'><strong>humanis</strong></span> <span class='ocrx_word' id='word_1_196' title='bbox 808 2550 940 2634; x_wconf 87' lang='lat' dir='ltr'><strong>adsequi</strong></span> <span class='ocrx_word' id='word_1_197' title='bbox 965 2558 1118 2635; x_wconf 88' lang='lat' dir='ltr'><strong>poterant,</strong></span> 
     </span>
     <span class='ocr_line' id='line_1_26' title="bbox 104 2640 1154 2735; baseline 0.002 -24"><span class='ocrx_word' id='word_1_198' title='bbox 104 2652 190 2735; x_wconf 66' lang='lat' dir='ltr'><strong>pnes</strong></span> <span class='ocrx_word' id='word_1_199' title='bbox 208 2640 399 2730; x_wconf 88' lang='lat' dir='ltr'><strong>explessent,</strong></span> <span class='ocrx_word' id='word_1_200' title='bbox 418 2643 544 2709; x_wconf 90' lang='lat' dir='ltr'><strong>tandem</strong></span> <span class='ocrx_word' id='word_1_201' title='bbox 564 2665 597 2710; x_wconf 89' lang='lat' dir='ltr'><strong>se</strong></span> <span class='ocrx_word' id='word_1_202' title='bbox 615 2665 740 2727; x_wconf 89' lang='lat' dir='ltr'><strong>quoque</strong></span> <span class='ocrx_word' id='word_1_203' title='bbox 754 2654 784 2708; x_wconf 89' lang='lat' dir='ltr'><strong>et</strong></span> <span class='ocrx_word' id='word_1_204' title='bbox 798 2644 998 2709; x_wconf 91' lang='lat' dir='ltr'><strong>solitudinem</strong></span> <span class='ocrx_word' id='word_1_205' title='bbox 1016 2644 1121 2709; x_wconf 87' lang='lat' dir='ltr'><strong>curiae</strong></span> <span class='ocrx_word' id='word_1_206' title='bbox 1139 2665 1154 2713; x_wconf 79' lang='lat' dir='ltr'><strong>a</strong></span> 
     </span>
     <span class='ocr_line' id='line_1_27' title="bbox 105 2736 1122 2822; baseline -0.001 -18"><span class='ocrx_word' id='word_1_207' title='bbox 105 2737 340 2821; x_wconf 61' lang='lat' dir='ltr'><strong>paucitatemque</strong></span> <span class='ocrx_word' id='word_1_208' title='bbox 363 2736 615 2803; x_wconf 88' lang='lat' dir='ltr'><strong>convenientium</strong></span> <span class='ocrx_word' id='word_1_209' title='bbox 637 2737 677 2801; x_wconf 89' lang='lat' dir='ltr'><strong>ad</strong></span> <span class='ocrx_word' id='word_1_210' title='bbox 699 2737 862 2822; x_wconf 90' lang='lat' dir='ltr'><strong>publicum</strong></span> <span class='ocrx_word' id='word_1_211' title='bbox 886 2737 1051 2803; x_wconf 88' lang='lat' dir='ltr'><strong>consilium</strong></span> <span class='ocrx_word' id='word_1_212' title='bbox 1072 2761 1122 2803; x_wconf 89' lang='lat' dir='ltr'><strong>re-</strong></span> 
     </span>
     <span class='ocr_line' id='line_1_28' title="bbox 106 2826 1154 2917; baseline 0.005 -20"><span class='ocrx_word' id='word_1_213' title='bbox 106 2840 266 2917; x_wconf 71' lang='lat' dir='ltr'><strong>pexerunt.</strong></span> <span class='ocrx_word' id='word_1_214' title='bbox 302 2853 404 2917; x_wconf 89' lang='lat' dir='ltr'><strong>neque</strong></span> <span class='ocrx_word' id='word_1_215' title='bbox 418 2830 501 2896; x_wconf 91' lang='lat' dir='ltr'><strong>euim</strong></span> <span class='ocrx_word' id='word_1_216' title='bbox 514 2826 636 2917; x_wconf 80' lang='lat' dir='ltr'><strong>postL.</strong></span> <span class='ocrx_word' id='word_1_217' title='bbox 647 2830 820 2897; x_wconf 86' lang='lat' dir='ltr'><strong>Aemilium</strong></span> <span class='ocrx_word' id='word_1_218' title='bbox 835 2843 866 2898; x_wconf 91' lang='lat' dir='ltr'><strong>et</strong></span> <span class='ocrx_word' id='word_1_219' title='bbox 881 2831 918 2898; x_wconf 88' lang='lat' dir='ltr'><strong>C.</strong></span> <span class='ocrx_word' id='word_1_220' title='bbox 928 2831 1121 2898; x_wconf 85' lang='lat' dir='ltr'><strong>Flaminium</strong></span> <span class='ocrx_word' id='word_1_221' title='bbox 1139 2855 1154 2902; x_wconf 86' lang='lat'><strong>3</strong></span> 
     </span>
     <span class='ocr_line' id='line_1_29' title="bbox 106 2925 1121 3013; baseline 0.002 -22"><span class='ocrx_word' id='word_1_222' title='bbox 106 2942 233 3013; x_wconf 66' lang='lat' dir='ltr'><strong>lusores</strong></span> <span class='ocrx_word' id='word_1_223' title='bbox 253 2935 381 2991; x_wconf 90' lang='lat' dir='ltr'><strong>senatus</strong></span> <span class='ocrx_word' id='word_1_224' title='bbox 399 2925 498 2992; x_wconf 87' lang='lat' dir='ltr'><strong>lectus</strong></span> <span class='ocrx_word' id='word_1_225' title='bbox 512 2925 628 3004; x_wconf 83' lang='lat' dir='ltr'><strong>suerat,</strong></span> <span class='ocrx_word' id='word_1_226' title='bbox 648 2947 720 2991; x_wconf 90' lang='lat' dir='ltr'><strong>cum</strong></span> <span class='ocrx_word' id='word_1_227' title='bbox 734 2936 856 2992; x_wconf 89' lang='lat' dir='ltr'><strong>tantum</strong></span> <span class='ocrx_word' id='word_1_228' title='bbox 871 2938 1051 2994; x_wconf 88' lang='lat' dir='ltr'><strong>senatorum</strong></span> <span class='ocrx_word' id='word_1_229' title='bbox 1065 2927 1121 2993; x_wconf 91' lang='lat' dir='ltr'><strong>ad-</strong></span> 
     </span>
     <span class='ocr_line' id='line_1_30' title="bbox 107 3018 1122 3107; baseline -0.002 -20"><span class='ocrx_word' id='word_1_230' title='bbox 107 3032 197 3087; x_wconf 73' lang='lat' dir='ltr'><strong>ttrsae</strong></span> <span class='ocrx_word' id='word_1_231' title='bbox 214 3041 357 3106; x_wconf 84' lang='lat' dir='ltr'><strong>pugnae,</strong></span> <span class='ocrx_word' id='word_1_232' title='bbox 384 3018 502 3085; x_wconf 91' lang='lat' dir='ltr'><strong>adhoc</strong></span> <span class='ocrx_word' id='word_1_233' title='bbox 521 3018 570 3083; x_wconf 89' lang='lat' dir='ltr'><strong>sui</strong></span> <span class='ocrx_word' id='word_1_234' title='bbox 588 3041 743 3104; x_wconf 89' lang='lat' dir='ltr'><strong>quemque</strong></span> <span class='ocrx_word' id='word_1_235' title='bbox 762 3043 855 3086; x_wconf 90' lang='lat' dir='ltr'><strong>casus</strong></span> <span class='ocrx_word' id='word_1_236' title='bbox 872 3043 930 3107; x_wconf 90' lang='lat' dir='ltr'><strong>per</strong></span> <span class='ocrx_word' id='word_1_237' title='bbox 946 3022 1122 3106; x_wconf 92' lang='lat' dir='ltr'><strong>quinquen-</strong></span> 
     </span>
     <span class='ocr_line' id='line_1_31' title="bbox 108 3108 1155 3199; baseline 0.001 -20"><span class='ocrx_word' id='word_1_238' title='bbox 108 3108 176 3179; x_wconf 74' lang='lat' dir='ltr'><strong>tirnn</strong></span> <span class='ocrx_word' id='word_1_239' title='bbox 192 3111 455 3198; x_wconf 88' lang='lat' dir='ltr'><strong>absumpsissent.</strong></span> <span class='ocrx_word' id='word_1_240' title='bbox 492 3135 563 3178; x_wconf 90' lang='lat' dir='ltr'><strong>cum</strong></span> <span class='ocrx_word' id='word_1_241' title='bbox 582 3112 621 3179; x_wconf 92' lang='lat' dir='ltr'><strong>de</strong></span> <span class='ocrx_word' id='word_1_242' title='bbox 640 3136 677 3178; x_wconf 88' lang='lat' dir='ltr'><strong>ea</strong></span> <span class='ocrx_word' id='word_1_243' title='bbox 694 3135 728 3178; x_wconf 89' lang='lat' dir='ltr'><strong>re</strong></span> <span class='ocrx_word' id='word_1_244' title='bbox 745 3113 792 3178; x_wconf 92' lang='lat' dir='ltr'><strong>M.</strong></span> <span class='ocrx_word' id='word_1_245' title='bbox 811 3113 968 3180; x_wconf 90' lang='lat' dir='ltr'><strong>Aemilius</strong></span> <span class='ocrx_word' id='word_1_246' title='bbox 986 3124 1120 3199; x_wconf 87' lang='lat' dir='ltr'><strong>praetor,</strong></span> <span class='ocrx_word' id='word_1_247' title='bbox 1138 3134 1155 3180; x_wconf 82' lang='lat'>4</span> 
     </span>
     <span class='ocr_line' id='line_1_32' title="bbox 112 3200 1122 3294; baseline -0.004 -19"><span class='ocrx_word' id='word_1_248' title='bbox 112 3200 238 3275; x_wconf 71' lang='lat' dir='ltr'><strong>datore</strong></span> <span class='ocrx_word' id='word_1_249' title='bbox 256 3217 330 3294; x_wconf 88' lang='lat' dir='ltr'><strong>post</strong></span> <span class='ocrx_word' id='word_1_250' title='bbox 348 3204 524 3273; x_wconf 81' lang='lat' dir='ltr'><strong>Casilinum</strong></span> <span class='ocrx_word' id='word_1_251' title='bbox 547 3208 699 3273; x_wconf 89' lang='lat' dir='ltr'><strong>amissum</strong></span> <span class='ocrx_word' id='word_1_252' title='bbox 720 3208 861 3293; x_wconf 89' lang='lat' dir='ltr'><strong>profecto</strong></span> <span class='ocrx_word' id='word_1_253' title='bbox 884 3210 947 3274; x_wconf 89' lang='lat' dir='ltr'><strong>iam</strong></span> <span class='ocrx_word' id='word_1_254' title='bbox 970 3208 1011 3272; x_wconf 92' lang='lat' dir='ltr'><strong>ad</strong></span> <span class='ocrx_word' id='word_1_255' title='bbox 1033 3230 1122 3272; x_wconf 90' lang='lat' dir='ltr'><strong>exer-</strong></span> 
     </span>
     <span class='ocr_line' id='line_1_33' title="bbox 116 3294 1122 3388; baseline 0 -21"><span class='ocrx_word' id='word_1_256' title='bbox 116 3294 197 3381; x_wconf 75' lang='lat' dir='ltr'><strong>tllm,</strong></span> <span class='ocrx_word' id='word_1_257' title='bbox 226 3300 469 3388; x_wconf 86' lang='lat' dir='ltr'><strong>exposcentibus</strong></span> <span class='ocrx_word' id='word_1_258' title='bbox 493 3300 613 3367; x_wconf 88' lang='lat' dir='ltr'><strong>cunctis</strong></span> <span class='ocrx_word' id='word_1_259' title='bbox 636 3302 820 3380; x_wconf 89' lang='lat' dir='ltr'><strong>rettulisset,</strong></span> <span class='ocrx_word' id='word_1_260' title='bbox 847 3312 915 3367; x_wconf 90' lang='lat' dir='ltr'><strong>tum</strong></span> <span class='ocrx_word' id='word_1_261' title='bbox 934 3300 990 3388; x_wconf 91' lang='lat' dir='ltr'><strong>Sp.</strong></span> <span class='ocrx_word' id='word_1_262' title='bbox 1011 3300 1122 3367; x_wconf 87' lang='lat' dir='ltr'><strong>Carvi-</strong></span> 
     </span>
    </p>
   </div>
   <div class='ocr_carea' id='block_1_3' title="bbox 64 3384 1157 4052">
    <p class='ocr_par' dir='ltr' id='par_1_3' title="bbox 64 3384 1157 4052">
     <span class='ocr_line' id='line_1_34' title="bbox 110 3384 1122 3484; baseline 0.003 -25"><span class='ocrx_word' id='word_1_263' title='bbox 110 3384 167 3473; x_wconf 74' lang='lat' dir='ltr'><strong>lius,</strong></span> <span class='ocrx_word' id='word_1_264' title='bbox 189 3419 263 3461; x_wconf 91' lang='lat' dir='ltr'><strong>cum</strong></span> <span class='ocrx_word' id='word_1_265' title='bbox 280 3394 377 3484; x_wconf 87' lang='lat' dir='ltr'><strong>longa</strong></span> <span class='ocrx_word' id='word_1_266' title='bbox 394 3396 532 3461; x_wconf 90' lang='lat' dir='ltr'><strong>oratione</strong></span> <span class='ocrx_word' id='word_1_267' title='bbox 550 3418 614 3461; x_wconf 91' lang='lat' dir='ltr'><strong>non</strong></span> <span class='ocrx_word' id='word_1_268' title='bbox 632 3395 735 3461; x_wconf 91' lang='lat' dir='ltr'><strong>solum</strong></span> <span class='ocrx_word' id='word_1_269' title='bbox 752 3396 891 3483; x_wconf 89' lang='lat' dir='ltr'><strong>inopiam</strong></span> <span class='ocrx_word' id='word_1_270' title='bbox 910 3393 1041 3484; x_wconf 78' lang='lat' dir='ltr'><strong>[illam],</strong></span> <span class='ocrx_word' id='word_1_271' title='bbox 1065 3397 1122 3462; x_wconf 88' lang='lat' dir='ltr'><strong>sed</strong></span> 
     </span>
     <span class='ocr_line' id='line_1_35' title="bbox 108 3489 1120 3577; baseline 0.002 -22"><span class='ocrx_word' id='word_1_272' title='bbox 108 3489 281 3571; x_wconf 58' lang='lat' dir='ltr'><strong>minutam</strong></span> <span class='ocrx_word' id='word_1_273' title='bbox 299 3490 392 3556; x_wconf 90' lang='lat' dir='ltr'><strong>etiam</strong></span> <span class='ocrx_word' id='word_1_274' title='bbox 411 3490 542 3568; x_wconf 88' lang='lat' dir='ltr'><strong>civium,</strong></span> <span class='ocrx_word' id='word_1_275' title='bbox 570 3513 610 3555; x_wconf 91' lang='lat' dir='ltr'><strong>ex</strong></span> <span class='ocrx_word' id='word_1_276' title='bbox 627 3490 742 3574; x_wconf 92' lang='lat' dir='ltr'><strong>quibus</strong></span> <span class='ocrx_word' id='word_1_277' title='bbox 760 3491 794 3556; x_wconf 92' lang='lat' dir='ltr'><strong>in</strong></span> <span class='ocrx_word' id='word_1_278' title='bbox 810 3501 915 3577; x_wconf 88' lang='lat' dir='ltr'><strong>patres</strong></span> <span class='ocrx_word' id='word_1_279' title='bbox 933 3490 1120 3577; x_wconf 87' lang='lat' dir='ltr'><strong>legerentur,</strong></span> 
     </span>
     <span class='ocr_line' id='line_1_36' title="bbox 107 3584 1157 3671; baseline 0.005 -24"><span class='ocrx_word' id='word_1_280' title='bbox 107 3594 280 3669; x_wconf 80' lang='lat' dir='ltr'><strong>conquestus</strong></span> <span class='ocrx_word' id='word_1_281' title='bbox 299 3594 398 3662; x_wconf 90' lang='lat' dir='ltr'><strong>esset,</strong></span> <span class='ocrx_word' id='word_1_282' title='bbox 427 3584 572 3670; x_wconf 88' lang='lat' dir='ltr'><strong>explendi</strong></span> <span class='ocrx_word' id='word_1_283' title='bbox 592 3594 718 3651; x_wconf 87' lang='lat' dir='ltr'><strong>senatus</strong></span> <span class='ocrx_word' id='word_1_284' title='bbox 737 3608 834 3652; x_wconf 88' lang='lat' dir='ltr'><strong>causa</strong></span> <span class='ocrx_word' id='word_1_285' title='bbox 857 3595 888 3651; x_wconf 89' lang='lat' dir='ltr'><strong>et</strong></span> <span class='ocrx_word' id='word_1_286' title='bbox 904 3584 1055 3671; x_wconf 89' lang='lat' dir='ltr'><strong>iungendi</strong></span> <span class='ocrx_word' id='word_1_287' title='bbox 1073 3608 1123 3650; x_wconf 89' lang='lat' dir='ltr'><strong>ar-</strong></span> <span class='ocrx_word' id='word_1_288' title='bbox 1140 3604 1157 3652; x_wconf 85' lang='lat'>5</span> 
     </span>
     <span class='ocr_line' id='line_1_37' title="bbox 104 3671 1122 3770; baseline 0 -27"><span class='ocrx_word' id='word_1_289' title='bbox 104 3671 154 3743; x_wconf 69' lang='lat' dir='ltr'><strong>dua</strong></span> <span class='ocrx_word' id='word_1_290' title='bbox 176 3677 288 3744; x_wconf 89' lang='lat' dir='ltr'><strong>Latini</strong></span> <span class='ocrx_word' id='word_1_291' title='bbox 313 3678 447 3744; x_wconf 89' lang='lat' dir='ltr'><strong>nominis</strong></span> <span class='ocrx_word' id='word_1_292' title='bbox 475 3701 547 3770; x_wconf 85' lang='lat' dir='ltr'><strong>cum</strong></span> <span class='ocrx_word' id='word_1_293' title='bbox 563 3679 680 3765; x_wconf 93' lang='lat' dir='ltr'><strong>populo</strong></span> <span class='ocrx_word' id='word_1_294' title='bbox 698 3679 843 3745; x_wconf 86' lang='lat' dir='ltr'><strong>Romano</strong></span> <span class='ocrx_word' id='word_1_295' title='bbox 869 3700 1061 3766; x_wconf 87' lang='lat' dir='ltr'><strong>magnopere</strong></span> <span class='ocrx_word' id='word_1_296' title='bbox 1087 3700 1122 3743; x_wconf 91' lang='lat' dir='ltr'><strong>se</strong></span> 
     </span>
     <span class='ocr_line' id='line_1_38' title="bbox 102 3772 1124 3862; baseline 0.001 -23"><span class='ocrx_word' id='word_1_297' title='bbox 102 3772 221 3840; x_wconf 71' lang='lat' dir='ltr'><strong>madere</strong></span> <span class='ocrx_word' id='word_1_298' title='bbox 235 3774 327 3850; x_wconf 87' lang='lat' dir='ltr'><strong>dixit,</strong></span> <span class='ocrx_word' id='word_1_299' title='bbox 345 3784 380 3839; x_wconf 89' lang='lat' dir='ltr'><strong>nt</strong></span> <span class='ocrx_word' id='word_1_300' title='bbox 395 3797 435 3839; x_wconf 90' lang='lat' dir='ltr'><strong>ex</strong></span> <span class='ocrx_word' id='word_1_301' title='bbox 448 3774 580 3862; x_wconf 66' lang='lat' dir='ltr'><strong>singilis</strong></span> <span class='ocrx_word' id='word_1_302' title='bbox 593 3774 718 3860; x_wconf 85' lang='lat' dir='ltr'><strong>populis</strong></span> <span class='ocrx_word' id='word_1_303' title='bbox 731 3775 919 3841; x_wconf 88' lang='lat' dir='ltr'><strong>Latinorum</strong></span> <span class='ocrx_word' id='word_1_304' title='bbox 931 3775 1014 3842; x_wconf 90' lang='lat' dir='ltr'><strong>binis</strong></span> <span class='ocrx_word' id='word_1_305' title='bbox 1033 3795 1124 3840; x_wconf 88' lang='lat' dir='ltr'><strong>sena·</strong></span> 
     </span>
     <span class='ocr_line' id='line_1_39' title="bbox 64 3866 1124 3956; baseline 0.006 -28"><span class='ocrx_word' id='word_1_306' title='bbox 64 3940 67 3945; x_wconf 27' lang='lat'>¹</span> <span class='ocrx_word' id='word_1_307' title='bbox 100 3866 224 3948; x_wconf 84' lang='lat' dir='ltr'><strong>toribus,</strong></span> <span class='ocrx_word' id='word_1_308' title='bbox 244 3866 390 3956; x_wconf 88' lang='lat' dir='ltr'><strong>[quibus]</strong></span> <span class='ocrx_word' id='word_1_309' title='bbox 408 3878 513 3955; x_wconf 86' lang='lat' dir='ltr'><strong>patres</strong></span> <span class='ocrx_word' id='word_1_310' title='bbox 523 3869 659 3934; x_wconf 88' lang='lat' dir='ltr'><strong>Romani</strong></span> <span class='ocrx_word' id='word_1_311' title='bbox 677 3868 885 3949; x_wconf 82' lang='lat' dir='ltr'><strong>censuissent,</strong></span> <span class='ocrx_word' id='word_1_312' title='bbox 905 3870 1015 3936; x_wconf 87' lang='lat' dir='ltr'><strong>civitas</strong></span> <span class='ocrx_word' id='word_1_313' title='bbox 1034 3868 1124 3935; x_wconf 89' lang='lat' dir='ltr'><strong>dare-</strong></span> 
     </span>
     <span class='ocr_line' id='line_1_40' title="bbox 96 3961 1125 4052; baseline 0.001 -24"><span class='ocrx_word' id='word_1_314' title='bbox 96 3965 141 4028; x_wconf 86' lang='lat' dir='ltr'><strong>tur</strong></span> <span class='ocrx_word' id='word_1_315' title='bbox 160 3972 257 4049; x_wconf 91' lang='lat' dir='ltr'><strong>atque</strong></span> <span class='ocrx_word' id='word_1_316' title='bbox 279 3962 313 4029; x_wconf 89' lang='lat' dir='ltr'><strong>in</strong></span> <span class='ocrx_word' id='word_1_317' title='bbox 335 3963 567 4029; x_wconf 88' lang='lat' dir='ltr'><strong>demortuorum</strong></span> <span class='ocrx_word' id='word_1_318' title='bbox 591 3961 695 4029; x_wconf 91' lang='lat' dir='ltr'><strong>locum</strong></span> <span class='ocrx_word' id='word_1_319' title='bbox 717 3963 750 4028; x_wconf 89' lang='lat' dir='ltr'><strong>in</strong></span> <span class='ocrx_word' id='word_1_320' title='bbox 774 3973 918 4030; x_wconf 89' lang='lat' dir='ltr'><strong>senatum</strong></span> <span class='ocrx_word' id='word_1_321' title='bbox 935 3964 1125 4052; x_wconf 89' lang='lat' dir='ltr'><strong>legerentur.</strong></span> 
     </span>
    </p>
   </div>
   <div class='ocr_carea' id='block_1_4' title="bbox 0 0 1278 4530">
    <p class='ocr_par' dir='ltr' id='par_1_4' title="bbox 0 0 1278 4530">
     <span class='ocr_line' id='line_1_41' title="bbox 0 0 1278 4530; baseline 0 0"><span class='ocrx_word' id='word_1_322' title='bbox 0 0 1278 4530; x_wconf 95' lang='lat' dir='ltr'><strong> </strong></span> 
     </span>
    </p>
   </div>
  </div>
 </body>
</html>
