2528 4514
138 239 203 305 314
358 247 475 304 LIBER
493 247 605 316 XXVI,
623 247 666 301 43.
676 245 718 301 44.
739 250 777 315 [a.
787 262 814 300 u.
826 263 850 300 c.
859 245 927 317 544]

106 433 120 480 1
201 404 413 473 XXXXHI.
467 403 582 469 Cetera
603 425 684 487 quae
702 403 873 468 munienda
895 412 987 469 erant
1007 426 1073 471 cum
1090 428 1141 492 per·

140 503 281 579 fecisset,
308 521 404 564 naves
427 497 520 563 etiam
541 498 573 561 in
595 507 701 582 portu,
728 496 815 561 velut
836 497 1031 563 maritimam
1045 519 1142 582 quoquc

138 604 300 662 ostentans
319 591 527 669 obsidionem,
545 589 707 669 instruxit,
725 591 1023 676 circumvectusque
1038 592 1142 657 dassen

141 712 214 756 cum
234 687 409 753 monuisset
429 684 604 772 praefectos
626 683 769 762 navium,
795 692 831 749 ιιι
852 684 984 772 vigilias
1006 694 1143 753 nocturnas

140 782 250 849 intenti
273 789 444 858 servarent,
472 778 577 844 omnia
600 776 716 861 ubique
736 778 838 863 primo
861 777 1036 845 obsessum
1051 779 1143 847 haten

104 901 122 948 a
142 877 261 955 conari,
278 897 440 962 regressus
457 874 491 939 in
509 882 624 949 castra,
643 880 679 934 ut
696 871 818 937 consilii
836 873 888 938 sui
905 873 1070 952 rationem,
1082 872 1141 959 quod

141 971 181 1036 ab
199 969 276 1036 urbe
294 968 493 1055 potissimum
510 965 723 1052 oppugnanda
739 963 857 1030 bellum
871 988 967 1033 orsus
981 976 1074 1046 esset,
1087 964 1141 1031 nde

141 1066 225 1131 tibus
252 1062 430 1130 ostenderet
455 1073 486 1128 et
513 1082 601 1146 spem
628 1059 797 1145 potiundae
823 1059 1022 1127 cohortando
1047 1060 1144 1137 laced,

106 1181 124 1228 a
142 1158 284 1225 contione
307 1157 459 1222 advocata
484 1156 527 1220 ita
549 1153 709 1220 disseruit:
737 1153 792 1219 ‘ad
813 1152 928 1221 urbem
950 1178 1049 1221 unam
1071 1175 1146 1240 oppu-

141 1252 300 1340 gnandam
327 1251 354 1316 si
380 1249 450 1333 quis
476 1271 533 1313 vos
560 1248 712 1313 adductos
740 1247 851 1327 credit,
887 1249 916 1313 is
943 1249 1048 1337 magis
1067 1245 1144 1334 operit

141 1345 237 1411 vestri
254 1366 349 1430 quam
362 1343 562 1430 emolumenti
579 1342 731 1408 rationem
744 1353 902 1420 exactam,
921 1343 1049 1422 milites,
1064 1340 1143 1408 habet

142 1438 363 1526 oppugnabitis
387 1438 470 1502 enirn
492 1458 564 1501 vere
586 1436 711 1502 moenia
732 1437 825 1502 unius
847 1436 952 1517 urbis,
983 1437 1089 1505 sedin
1102 1456 1143 1501 nn

104 1533 218 1603 4urbe
244 1533 423 1598 universam
449 1529 592 1617 ceperitis
618 1528 816 1615 Hispaniam.
865 1530 918 1597 hio
945 1542 1022 1598 sunt
1045 1528 1142 1597 obside

142 1627 281 1694 omnium
307 1626 460 1692 nobilium
485 1647 597 1711 regum
623 1624 893 1710 populorumque3
928 1626 987 1711 qui
1016 1622 1141 1692 simulir
1175 1622 1177 1627 ’

142 1731 296 1808 potestate
322 1730 427 1785 vestra
452 1729 556 1797 erunt,
584 1719 739 1806 externplo
766 1721 871 1785 omnia
897 1743 981 1805 quae
1002 1742 1082 1787 nuno
1102 1714 1140 1783 nd

106 1813 456 1900 aCarthagtniensibus
479 1813 606 1878 suntin
628 1813 784 1879 dicionem
800 1814 938 1894 tradent3
966 1815 1019 1882 hic
1039 1810 1140 1902 paud

143 1908 244 1973 omnis
262 1907 343 1972 host
322 1917 414 1985 t‚1um
433 1907 500 1972 sine
519 1929 583 1990 qua
599 1929 701 1991 neque
713 1906 759 1971 illi
772 1929 881 1994 gerere
896 1863 1016 1975 bellum
1027 1912 1139 1997 possunt

142 2002 259 2109 quippe
285 2001 340 2085 qui
360 2001 588 2066 mercennarios
611 2000 765 2067 exercitus
789 2002 886 2080 alant,
861 2013 948 2069 tet
973 2026 1054 2089 quae
1076 1998 1139 2067 nobb

107 2117 124 2165 e
143 2095 282 2160 maximo
298 2117 371 2160 usur
361 2095 429 2159 ad
447 2095 657 2161 conciliandos
675 2094 878 2162 barbarorum
892 2096 1016 2163 animos
1030 2097 1095 2177 erit3
1087 2093 1140 2159 dt

143 2198 309 2267 tormenta,
345 2211 445 2267 arma,
482 2191 582 2254 omnis
609 2200 776 2275 apparatus
803 2189 876 2256 belli
903 2202 967 2270 est,
999 2192 1052 2276 qui
1075 2144 1139 2257 sind
1171 2214 1177 2261 ;

42 2314 44 2320 ·
109 2307 199 2353 tvos
222 2284 353 2349 instruet
375 2293 406 2348 et
427 2283 534 2348 hostes
557 2283 697 2348 nudabit.
741 2285 898 2368 potiemur
918 2295 1140 2371 praetereatur
1173 2332 1180 2367 ·.

141 2379 349 2465 pulcherrima
370 2378 669 2463 opulentissimaque
691 2378 782 2458 urbe,
810 2389 877 2445 turn
905 2379 1140 2466 opportunissimo
1169 2380 1180 2431 '-

141 2483 234 2558 portu
252 2473 392 2559 egregio,
411 2473 494 2537 unde
513 2482 594 2537 terra
606 2472 747 2556 marique
760 2494 841 2557 quae
855 2474 930 2539 belli
945 2497 1023 2541 usus
1038 2477 1141 2562 poscunt

143 2567 390 2652 suppeditentur.
436 2588 516 2650 quae
543 2587 615 2631 cum
641 2589 758 2653 magna
782 2567 845 2652 ipsi
870 2566 1073 2648 habebimus,
1097 2577 1141 2631 tun

106 2682 123 2730 8
143 2660 370 2745 dempserimus
388 2658 531 2724 hostibus
550 2659 648 2725 multo
666 2660 793 2727 maiora.
838 2660 919 2727 haec
935 2661 1000 2728 illis
1018 2686 1086 2742 arx,
1102 2660 1141 2725 la

142 2753 301 2829 horreum,
325 2754 492 2830 aerarium,
516 2754 803 2832 armamentarium,
830 2754 891 2821 hoc
909 2756 1050 2821 omnium
1066 2772 1142 2821 rerun

141 2846 372 2931 receptaculum
391 2856 451 2925 est,
478 2845 540 2912 huc
557 2857 661 2913 rectus
680 2869 720 2912 ex
736 2847 849 2914 Africa
871 2871 986 2916 cursus
1005 2860 1066 2930 est,
1088 2849 1142 2914 tra

142 2963 205 3004 nna
223 2940 302 3004 inter
310 2939 509 3024 Pyrenaeum
524 2952 553 3007 et
565 2939 671 3008 Gades
687 2942 793 3020 statio,
812 2941 886 3008 hinc
899 2946 989 3010 omni
998 2943 1142 3031 Hispane

106 3056 123 3104 9
142 3034 282 3099 imminet
299 3033 418 3101 Africa.
456 3037 677 3120 sedquoniam
695 3058 751 3103 vos
774 3037 943 3104 instructos
964 3050 996 3105 et
1014 3040 1142 3106 ordinata

142 3151 317 3215 cognosco,
353 3130 394 3194 ad
421 3128 647 3216 Carthaginem
676 3153 791 3196 novam
823 3134 1071 3219 oppugnandam
1093 3128 1143 3197 totit

92 3243 124 3291 ιο
142 3225 260 3290 viribus
283 3234 314 3290 et
336 3224 418 3291 bono
440 3225 544 3291 animo
567 3225 782 3290 transeamus?
817 3248 952 3311 cumque
977 3251 1084 3295 omnes
1103 3243 1144 3290 ιιι

142 3340 219 3385 voce
232 3318 293 3384 hoc
305 3318 484 3384 faciendum
502 3319 741 3398 succlamarent,
765 3342 819 3386 eos
830 3319 1058 3409 Carthaginem
1070 3318 1145 3388 duxit

142 3424 210 3478 tum
227 3423 308 3478 terra
325 3414 464 3498 marique
483 3435 552 3478 eam
570 3414 745 3500 oppugnari
762 3414 857 3480 iubet

110 3528 123 3572 1
205 3507 434 3574 XXXXIHI.
461 3508 746 3595 MagoPoenorum
756 3508 836 3597 dux]
847 3533 920 3577 cum
935 3521 1020 3580 terra
1031 3511 1145 3594 marique

140 3602 253 3667 instrui
271 3604 536 3689 oppugnationem
554 3602 686 3682 videret,
705 3614 736 3669 et
752 3604 820 3691 ipse
839 3605 946 3691 copias
960 3607 1007 3673 ita
1019 3603 1145 3694 disponi:

106 3714 123 3760 2
143 3695 369 3782 oppidanorum
387 3697 449 3762 duo
471 3697 557 3761 milia
574 3696 615 3761 ab
637 3718 675 3761 ea
695 3708 797 3783 parte,
825 3721 888 3782 qua
906 3709 1012 3767 castra
1028 3701 1147 3767 Roman

143 3798 243 3866 erant,
271 3790 413 3875 opponit,
440 3789 625 3900 quingentis
637 3790 787 3858 militibus
805 3814 911 3858 arcem
927 3793 1058 3873 insedit,
1078 3789 1148 3878 quir-

142 3892 254 3964 gentos
206 3885 391 3950 ttumulo
414 3885 535 3951 urbis
526 3884 731 3950 morientem
753 3909 845 3952 verso
867 3888 1006 3973 inponit,
1031 3887 1148 3954 multitu·
1177 3924 1180 3941 ι

142 3971 248 4038 dinem
270 3976 375 4057 aliam,
403 4001 465 4066 quo
488 3979 618 4058 clamor,
649 4000 711 4063 quo
735 3979 838 4047 subita
860 3992 1008 4051 vocasset
1027 3978 1148 4060 ιιι,ἰι
1112 3978 1180 4043 ιι·Ξ
