2528 4514
342 263 459 319 LIBER
476 265 633 335 xxv11,1.
650 270 688 336 [a.
700 265 729 321 ο.
739 267 802 338 210]
1023 256 1087 321 323

309 791 529 874 [rumonus
550 796 658 856 maru
678 794 826 876 mvn]

124 909 199 979 [On.
209 907 329 964 Fulvius
346 908 501 979 proconsul
516 925 579 964 curn
592 908 719 964 exercitu
731 910 768 964 ab
782 909 946 966 Hannibale
965 912 1001 966 ad
1015 911 1088 968 Her-

75 1002 181 1044 oneam
190 1001 293 1040 caesus
308 992 360 1040 est
394 986 511 1041 meliore
526 991 630 1041 eventu
642 987 680 1042 ab
690 984 810 1041 Claudio
821 986 959 1042 Marcello
970 990 1087 1045 consule

75 1065 196 1121 dvorsus
207 1063 328 1119 eundem
338 1064 375 1118 ad
386 1062 597 1120 Numistronem
609 1068 767 1134 pugnatum
777 1068 831 1119 est
864 1063 930 1121 inde
940 1065 1088 1122 Hannibal

75 1147 144 1199 ¹octo
161 1139 296 1208 recessim
328 1139 481 1195 Marcellus
498 1141 644 1196 insecutus
662 1146 720 1211 est,
748 1146 778 1196 et
799 1140 920 1197 subinde
939 1142 1088 1198 cedentem

75 1216 175 1286 messit,
204 1217 298 1272 donec
324 1215 499 1288 confligeret
544 1217 640 1288 priore
660 1234 759 1290 pugna
780 1217 927 1273 Hannibal
949 1219 1087 1289 superior,

75 1294 213 1350 [arcellus
232 1294 372 1364 sequenti.
411 1294 521 1349 Fabius
540 1295 679 1350 Maximus
698 1295 798 1350 consul
815 1301 897 1366 pater
914 1294 1088 1352 Tarentinos

75 1370 309 1443 erproditionem
318 1371 436 1442 recepit.
458 1371 594 1427 Claudius
603 1372 767 1442 Marcellus,
778 1373 813 1428 T.
824 1372 974 1438 Quinctius
983 1371 1088 1443 Crispi·

75 1466 113 1505 us
131 1448 279 1516 consules,
298 1449 465 1519 speculandi
484 1465 572 1505 causa
588 1449 735 1520 progressi
753 1466 769 1504 e
788 1451 903 1518 castris,
921 1448 1032 1504 insidiis
1050 1452 1088 1506 ab

75 1526 224 1583 [annibale
234 1524 416 1581 circumventi
429 1532 504 1581 suut.
538 1527 691 1582 Marcellus
702 1526 828 1596 occisus,
847 1526 995 1597 Crispinus
1004 1525 1087 1599 fugit.

75 1609 181 1659 nstrum
198 1619 216 1658 a
234 1603 401 1657 censoribus
420 1603 566 1658 conditum
582 1609 636 1658 est
685 1619 771 1658 censa
788 1607 855 1658 sunt
873 1603 975 1659 civium
993 1604 1089 1674 capita

75 1685 173 1736 entum
186 1679 305 1750 triginta
319 1684 427 1749 septem
440 1680 519 1735 milia
533 1685 645 1736 centum
659 1684 689 1734 et
701 1685 783 1749 octo,
801 1697 835 1736 ex
845 1697 901 1751 quo
911 1696 1028 1736 numero
1038 1697 1088 1751 ap·

75 1757 167 1826 aruit,
186 1762 323 1828 quantum
332 1756 477 1811 hominum
486 1762 531 1812 tot
543 1757 717 1827 proeliorum
726 1756 847 1812 adversa
854 1756 970 1812 fortuna
978 1759 1088 1828 populo

75 1835 189 1889 lemano
201 1833 377 1889 abstulisset
412 1832 442 1889 iu
455 1833 597 1904 Hispania
609 1834 646 1889 ad
658 1833 813 1889 Baeculam
827 1832 922 1905 Scipio
937 1850 1001 1889 cnm
1014 1834 1088 1892 Has·

75 1911 180 1966 rubale
191 1915 221 1965 et
227 1910 391 1966 Hamilcare
402 1908 531 1965 conflixit
539 1916 569 1965 et
577 1911 653 1965 vicit
687 1910 762 1965 inter
771 1910 829 1965 alia
839 1915 953 1982 captum
962 1913 1089 1982 regalem

75 2002 177 2042 »uerum
194 1986 313 2042 eximiae
336 1987 444 2042 formae
467 1988 506 2042 ad
527 1988 698 2043 avunculum
716 1986 897 2043 Masinissam
919 2005 983 2043 cum
1005 1988 1088 2044 donis

75 2060 175 2118 limisit.
210 2063 389 2132 Hasdrubal,
405 2063 454 2134 qui
464 2081 527 2119 cum
536 2065 662 2121 exercitu
675 2081 750 2119 novo
761 2063 850 2134 Alpes
860 2064 1086 2134 transcenderat,

75 2139 299 2196 :tscllannibali
309 2140 506 2212 coniungeret,
527 2157 590 2196 cum
599 2141 713 2196 milibus
723 2141 869 2196 hominum
879 2142 1089 2214 quinquaginta

75 2230 114 2271 ux
131 2233 230 2273 caesus
249 2224 319 2287 est,·
341 2224 426 2289 capta
444 2219 570 2289 quinque
588 2218 667 2273 milia
683 2217 805 2272 trecenti
822 2217 861 2271 M.
878 2217 944 2271 Livi
962 2219 1088 2274 consulis

75 2299 162 2363 netu,
179 2296 301 2351 sednon
315 2295 423 2351 minore
439 2311 527 2367 opera
536 2293 637 2350 Claudi
646 2294 768 2351 Neronis
783 2293 923 2361 consulis,
942 2294 1005 2366 qui,
1025 2310 1089 2348 cum

75 2366 219 2428 [annibali
233 2374 381 2444 oppositus
396 2379 485 2440 essct,
504 2371 612 2428 relictis
628 2373 727 2426 castris
740 2371 782 2426 ita
794 2374 828 2424 ut
838 2369 952 2425 bostem
965 2369 1087 2441 falleret,

75 2460 128 2503 um
148 2449 240 2505 electa
260 2466 347 2504 manu
368 2448 516 2519 profectus
533 2448 745 2504 Hasdrubalem
768 2447 999 2501 circumvenerat
1042 2462 1089 2501 res

75 2529 210 2581 meteres
223 2541 241 2580 a
253 2526 284 2580 P.
296 2525 428 2596 Scipione
442 2525 472 2579 in
485 2524 627 2596 Hispania
641 2530 670 2579 et
683 2525 741 2578 aP.
753 2520 879 2594 Sulpicio
894 2527 1026 2593 praetore
1040 2522 1088 2576 ad·

75 2612 161 2656 ¹ersus
169 2601 331 2674 Philippum
341 2600 512 2657 etthaeos
522 2607 620 2672 gestas
631 2601 779 2669 continet]
1125 2606 1131 2613 “

491 2767 661 2780 ---

442 2877 559 2961 ΤΙΤΙ
584 2877 709 2961 LIVI

303 3036 371 3097 ln
406 3036 549 3098 vuer
585 3034 846 3099 counrnl

428 3207 557 3270 LIBER
577 3208 715 3270 XXVII.

131 3327 154 3396 l.
196 3330 261 3397 Hic
280 3341 379 3398 status
396 3356 502 3399 rerum
519 3333 552 3398 in
569 3331 728 3417 Hispania
745 3339 821 3397 erat.
856 3330 890 3395 in
906 3329 998 3395 Italia
1016 3351 1123 3399 con-1

75 3417 122 3482 ’ΠΙ
134 3420 301 3491 Marcellus
316 3423 444 3513 Salapia
460 3450 518 3512 per
534 3427 742 3512 proditionem
758 3433 885 3510 recepta
892 3422 1089 3490 Marmoreas

75 3517 110 3606 ‚³¹
123 3511 216 3585 Meles
240 3520 279 3584 de
299 3517 493 3587 Samnitibus
516 3521 549 3585 vi
571 3521 661 3606 cepit.
706 3520 747 3585 ad
770 3519 828 3584 tria
849 3518 936 3583 milia
956 3518 1123 3586 militums

75 3594 117 3665 lbi
134 3609 337 3693 Hannibalis,
365 3637 446 3699 quae
470 3615 620 3701 praesidii
646 3636 742 3679 causa
766 3613 876 3679 relicta
902 3621 1002 3688 erant,
1035 3633 1091 3696 op·

75 3707 180 3773 pressa.
228 3710 346 3795 praeda
362 3746 389 3756 -
406 3719 437 3775 et
463 3710 657 3794 aliquantum
684 3708 751 3773 eius
778 3707 839 3771 suit
855 3741 882 3754 -
899 3706 989 3770 militi
1016 3726 1090 3770 con·

75 3799 160 3869 ³9sse.
206 3804 300 3870 tritici
316 3826 441 3889 quoque
458 3807 593 3871 ducenta
614 3803 821 3889 quadraginta
842 3801 929 3867 milia
950 3800 1090 3865 modium

75 3885 101 3941 ’ἲ
118 3907 242 3964 centum
264 3899 373 3965 decem
394 3899 481 3965 milia
502 3900 611 3964 hordei
632 3899 767 3962 inventa.
813 3905 951 3962 ceterum
972 3917 1090 3980 nequa·
1109 3915 1123 3964 3

75 3983 156 4058 llam
183 3993 257 4060 inde
288 4003 408 4059 tantum
437 3993 589 4080 gaudium
621 3992 698 4070 fuit,
734 3999 851 4075 quanta
877 3990 983 4057 clades
1008 3990 1090 4056 intra

865 4092 916 4146 21⁸
