2528 4530
339 268 458 325 amaa
475 270 575 341 xxx,
595 271 619 324 a.
633 271 657 325 a.
678 270 833 342 [aenae]
1037 264 1103 330 485

80 429 258 494 videbantur
277 438 382 492 autem
402 428 554 513 quidquid
570 429 724 494 nudatum
737 429 903 516 praesidiis
922 442 1008 498 esset
1020 435 1102 521 peti-

80 523 144 602 turi,
166 523 215 587 M.
230 522 370 600 Marcio,
387 523 525 610 praetori
538 523 651 609 prioris
668 524 755 602 anni,
774 547 846 590 cum
864 527 995 592 totidem
1011 528 1101 594 navi-

80 617 130 683 bus
147 617 267 682 tuenda
280 617 354 682 data
367 628 426 682 est.
453 616 513 682 tria
527 617 614 682 milia
626 617 761 683 militum
774 619 808 684 in
822 640 893 684 eam
907 616 1042 687 classem
1060 645 1100 688 ex
1119 646 1134 693 a

80 712 195 778 decreto
212 723 339 799 patrum
357 713 503 778 consules
523 712 717 799 scripserunt
738 725 770 779 et
787 713 866 781 duas
888 715 1030 804 legiones
1047 740 1100 783 ur-

80 806 168 872 banas
192 806 234 873 ad
254 806 375 871 incerta
397 806 482 872 belli.
535 806 713 894 Hispaniae
735 815 807 873 cu'm
829 810 1019 877 exercitibus
1041 811 1101 876 im·
1119 833 1133 879 t

80 901 219 988 parioque
233 902 392 966 veteribus
405 900 661 988 imperatoribus,
679 902 721 968 L.
731 903 871 969 Lentulo
886 916 917 970 et
925 905 967 971 L.
977 906 1100 972 Manlio

81 995 222 1074 Acidim,
249 996 403 1061 decretae.
449 995 562 1083 viginti
580 996 707 1063 omnino
725 996 903 1085 legionibus
923 1011 955 1065 et
973 1011 1099 1065 centum

83 1090 237 1176 sexaginta
253 1091 387 1158 navibus
405 1091 510 1177 longis
527 1114 579 1156 res
596 1091 744 1158 Romana
761 1116 799 1159 eo
819 1116 901 1159 anno
919 1104 1021 1180 gesta.

134 1186 302 1252 Praetores
320 1186 354 1251 in
371 1186 551 1273 provincias
568 1187 615 1253 ire
632 1188 721 1254 iussi.
763 1187 945 1254 consulibus
963 1186 1099 1274 impera·
1117 1208 1133 1255 a

85 1290 153 1359 tum,
178 1282 363 1369 priusquam
382 1282 424 1346 ab
440 1282 518 1346 urbe
535 1281 823 1369 proficiscerentur,
854 1282 947 1348 ludos
964 1303 1099 1368 magnos

87 1374 223 1454 bemont,
242 1397 322 1459 quos
341 1376 380 1441 T.
393 1375 536 1441 Manlius
555 1374 736 1460 Torquatus
755 1377 888 1442 dictator
904 1377 938 1440 in
956 1376 1100 1460 quintum

88 1488 188 1534 annum
208 1471 364 1549 vovisset,
393 1470 421 1535 si
443 1470 555 1537 eodem
583 1482 667 1536 statu
692 1471 893 1558 respublica
917 1481 1023 1536 staret.
1068 1482 1132 1538 eta

87 1583 169 1629 novas
186 1565 355 1652 religiones
378 1564 558 1631 excitabant
581 1564 615 1630 in
637 1565 750 1630 animis
773 1564 935 1630 hominum
953 1565 1100 1652 prodigia

88 1659 269 1746 expluribus
287 1659 366 1724 locis
384 1660 536 1724 nuntiata.
573 1682 684 1724 aurum
702 1660 736 1723 in
754 1656 912 1745 Capitolio
931 1659 1017 1724 corvi
1034 1683 1099 1726 non

88 1748 225 1820 haeresse
243 1765 366 1820 tantum
382 1755 493 1821 rostris
512 1754 636 1833 crediti,
656 1755 713 1820 sed
732 1755 827 1818 etiam
845 1753 964 1833 edisse3
991 1776 1097 1819 mures

89 1844 161 1913 Anii
177 1872 326 1916 coronam
349 1872 476 1915 auream
499 1850 657 1916 adrosere.
703 1849 786 1915 circa
805 1847 950 1936 Capuam
972 1870 1099 1915 omnem
1118 1867 1150 1915 10

89 1956 180 2027 tgrum
200 1944 397 2010 lucustarum
423 1945 472 2010 vis
499 1945 628 2032 ingens,
658 1944 704 2010 ita
724 1957 761 2010 ut
786 1944 871 2010 unde
894 1944 1099 2010 advenissent

87 2054 179 2119 parum
196 2051 369 2119 constaret,
388 2039 567 2127 complevit.
604 2041 731 2106 eculeus
749 2040 850 2105 Reate
869 2061 941 2104 cum
959 2040 1097 2124 quinque
1118 2059 1147 2106 11

86 2132 200 2213 pedibus
218 2144 322 2199 natus.
366 2134 535 2221 Anagniae
555 2134 657 2221 sparsi
679 2135 816 2220 primum
833 2134 924 2218 ignes
946 2134 1096 2211 incaelo,

85 2220 142 2292 lein
158 2229 213 2293 fax
230 2229 343 2315 ingens
362 2229 453 2306 arsit3
483 2229 662 2294 Frusinone
681 2248 772 2292 arcus
792 2226 892 2292 solem
910 2227 996 2292 tenui
1013 2228 1098 2292 linea
1117 2247 1148 2295 12

84 2323 234 2410 mplexus
257 2334 321 2401 est,
349 2323 501 2388 circulum
523 2323 637 2388 deinde
663 2322 769 2411 ipsum
790 2321 891 2386 maior
913 2321 988 2385 solis
1012 2321 1097 2387 orbis

80 2417 263 2484 uninsecus
281 2417 418 2483 inclusit.
461 2418 578 2505 Arpini
601 2429 684 2484 terra
706 2415 875 2503 campestri
897 2439 974 2502 agro
996 2415 1029 2481 in
1050 2415 1098 2479 in-

80 2524 194 2592 rentem
212 2511 316 2578 sinum
334 2513 486 2578 consedit.
519 2513 684 2578 consulum
702 2511 793 2576 alteri
808 2509 944 2598 primam
961 2509 1097 2575 hostiam
1117 2531 1148 2579 13

80 2606 241 2673 mmolanti
258 2616 353 2694 caput
370 2607 516 2673 iocineris
536 2608 645 2673 defuit
699 2629 737 2670 ca
758 2605 904 2693 prodigia
925 2603 1096 2670 maioribus

80 2701 178 2769 rostiis
200 2713 382 2788 procurata,
411 2702 486 2767 editi
508 2726 527 2767 a
546 2701 680 2788 collegio
701 2699 886 2787 pontificum
910 2697 961 2764 dei
983 2698 1097 2782 quibus

80 2797 306 2864 notificaretur.

127 2892 194 2958 111.
238 2891 303 2958 His
322 2893 488 2958 transactis
508 2893 654 2958 consules
677 2904 902 2981 praetoresque
920 2893 953 2958 in
970 2891 1097 2981 provin·
1117 2913 1130 2959 1

80 2989 128 3055 ias
146 2987 293 3075 profecti.
320 2987 466 3054 omnibus
486 3000 606 3067 tamen,
625 2989 713 3054 velut
730 3013 801 3056 eam
820 2989 948 3067 sortitis,
966 2987 1097 3053 Africae

80 3106 141 3151 ura
169 3093 251 3160 erat,
287 3104 344 3147 seu
370 3083 444 3167 quia
469 3083 513 3148 ibi
541 3107 697 3149 summam
722 3107 829 3149 rerum
854 3083 992 3166 bellique
1019 3083 1098 3146 verti

80 3177 240 3246 eruebant
262 3199 318 3243 seu
344 3189 382 3242 ut
404 3176 545 3265 Scipioni
567 3178 832 3266 gratificarentur,
858 3176 892 3240 in
914 3198 1008 3258 quem
1030 3184 1097 3239 tum

80 3271 170 3340 mnis
189 3292 283 3337 versa
300 3271 410 3337 civitas
430 3283 506 3338 erat.
542 3272 647 3357 itaque
665 3295 730 3337 non
748 3295 788 3336 ex
799 3267 946 3336 Sardinia
964 3279 1095 3354 tantum,
1115 3289 1131 3337 2

80 3370 148 3436 icut
167 3379 242 3432 ante
259 3367 457 3446 dictumest,
487 3368 544 3433 sed
562 3390 601 3432 ex
620 3364 729 3431 Sicilia
747 3386 872 3450 quoque
891 3375 922 3430 et
939 3363 1098 3450 Hispania

80 3462 257 3532 estimenta
281 3462 551 3547 frumentumque,
579 3473 611 3528 et
637 3485 724 3526 arma
746 3459 840 3525 etiam
867 3483 907 3524 ex
931 3455 1041 3524 Sicilia
1067 3472 1099 3524 et

80 3579 160 3626 mne
178 3579 281 3644 genus
299 3568 493 3624 commeatus
512 3580 550 3623 eo
568 3556 783 3644 portabantur.
829 3575 888 3620 nec
908 3551 1015 3641 Scipio
1033 3552 1097 3617 ullo
1116 3572 1131 3619 3
1249 3634 1252 3639 θ

80 3674 209 3741 empore
227 3652 339 3718 hiemis
361 3653 437 3717 belli
460 3676 557 3740 opera
579 3651 757 3729 remiserat,
784 3672 865 3734 quae
886 3648 986 3713 multa
1004 3644 1098 3711 simul

80 3748 206 3834 ndique
224 3771 297 3814 eum
315 3749 574 3815 circumstabant:
592 3748 723 3816 Uticam
741 3746 920 3824 obsidebat3
944 3752 1048 3808 castra
1064 3741 1098 3805 in

80 3853 238 3932 onspectu
252 3845 464 3910 Hasdrubalis
483 3856 585 3925 crant3
605 3841 886 3931 Carthaginienses
902 3840 1098 3905 deduxerant
1116 3856 1132 3903 4

80 3960 179 4017 aves,
199 3938 335 4004 classem
351 3951 496 4027 paratam
513 3941 760 4025 instructamque
779 3939 819 4004 ad
838 3946 1032 4004 commeatus
1050 3933 1098 3999 in-

80 4030 277 4121 ercipiendos
296 4032 466 4101 habebant.
