2528 4514
123 242 126 249 '
144 239 189 309 54
384 249 502 307 LIBER
519 247 610 320 XXI,
626 247 669 309 66.
689 251 765 318 [suu
776 247 945 318 citimi]

142 413 177 477 in
196 407 391 496 Capitolium
408 407 450 473 ad
471 417 546 479 vota
567 404 794 493 nuncupanda,
817 404 986 490 paludatus

143 502 306 571 lictoribus
324 503 358 568 in
375 500 569 589 provinciam
585 500 654 567 iret.
688 498 771 567 lixae
788 499 888 566 modo
903 499 971 565 sine
988 499 1003 564 i

144 598 213 664 sine
229 595 392 663 lictoribus
409 593 587 681 profectum
604 592 700 672 clam,
722 591 846 673 furtim,
871 591 957 661 haud
975 593 1003 660 al

93 714 125 763 10
144 692 173 756 si
191 690 277 757 exilii
294 712 391 758 causa
408 689 511 756 solum
530 689 686 755 vertisset.
716 687 820 776 magis
837 709 895 776 pro
914 687 1003 754 maier

142 785 216 852 licet
233 785 357 872 imperii
373 782 510 850 Arimini
531 805 628 870 quiam
643 782 767 850 Romae
784 781 1003 872 magistratum

90 926 94 950 2
143 889 175 946 et
197 880 230 947 in
253 879 424 948 diversorio
445 878 595 966 hospitali
616 899 712 964 quam
733 886 810 966 aput
835 887 966 966 penates
990 902 1003 945 s

94 998 124 1046 11
144 983 263 1042 textam
285 983 493 1061 sumpturum.
537 973 750 1039 revocandum
775 971 915 1040 universi
941 981 1003 1042 retr

95 1109 98 1114 ‹
143 1091 207 1154 que
225 1077 413 1136 censuerunt
426 1077 457 1137 et
470 1067 648 1154 cogendum
662 1065 810 1133 omnibus
827 1066 915 1155 prius
933 1089 1003 1153 prae

144 1164 222 1232 dees
239 1163 446 1247 hominesque
464 1161 560 1248 fungi
582 1161 696 1229 officiis
719 1182 815 1245 quam
837 1161 878 1227 ad
897 1162 1003 1228 exerci

93 1281 125 1328 12
143 1259 338 1345 provinciam
355 1258 425 1325 ir'et.
469 1257 503 1322 in
525 1279 594 1324 eam
612 1256 801 1343 legationem
814 1255 976 1344 —legatos
995 1280 1003 1323 e

141 1350 345 1442 placuit-Q.
356 1352 523 1419 Terentius
537 1350 624 1418 etM
634 1349 794 1417 Antistius
812 1351 947 1438 profecti
964 1351 1003 1419 nil

143 1471 217 1515 eum
230 1457 399 1515 moverunt
411 1471 508 1534 quarn
523 1448 626 1534 priore
641 1446 807 1515 consulatu
824 1446 946 1516 litterae
959 1471 1003 1515 m<

93 1561 125 1612 18
143 1551 257 1610 senatu
274 1543 401 1611 missae.
440 1563 559 1629 paucos
577 1550 650 1628 post
667 1542 735 1609 dies
753 1541 974 1629 magistratum
991 1543 1002 1609 i

109 1668 112 1674 ·
140 1637 282 1724 tantique
300 1638 330 1702 ei
342 1637 460 1705 vitulus
477 1637 542 1706 iam
559 1637 640 1704 ictus
655 1658 674 1704 e
687 1636 832 1703 manibus
848 1637 1003 1704 sacrificor

142 1753 215 1798 enm
237 1732 461 1818 proripuisset,
482 1731 598 1799 multos
621 1731 860 1798 circumstantes
884 1753 995 1798 cruore

92 1846 125 1894 14
142 1825 221 1914 fuga
243 1825 354 1910 procul
371 1825 466 1892 etiam
483 1825 584 1893 maier
599 1835 677 1912 aput
696 1824 839 1912 ignaros,
863 1825 942 1909 quid
959 1835 1003 1892 tre

143 1929 174 1987 et
192 1919 390 1986 concursatio
404 1919 475 1990 fuit.
509 1920 542 1985 id
556 1943 576 1985 a
588 1919 747 2006 plerisque
763 1918 798 1985 in
814 1942 909 1987 omen
925 1943 1003 2009 mag

92 2033 124 2083 15
143 2022 318 2100 acceptum.
363 2013 540 2102 legionibus
563 2014 636 2079 inde
659 2012 783 2081 duabus
805 2037 825 2081 a
849 2011 1003 2100 Sempron

142 2107 217 2174 anni
234 2108 382 2186 consule,'
392 2108 516 2175 duabus
530 2105 598 2176 aO.
608 2105 709 2175 Atilio
726 2116 868 2195 praetore
886 2110 1003 2196 accepti

141 2202 221 2269 riam
238 2225 295 2290 per
311 2202 631 2291 Apenninitramites
651 2203 806 2272 exereitus
825 2204 899 2269 duci
917 2214 965 2270 est
984 2226 1001 2270 c

323 2458 326 2465 ’
414 2471 635 2554 [crumena
656 2475 765 2536 umnr
786 2472 903 2555 xxm]

194 2620 354 2690 [Hannibal
366 2638 419 2692 per
434 2621 584 2677 continuas
598 2621 711 2692 uigilias
725 2624 755 2677 in
769 2623 923 2694 paludibus
937 2626 1003 2679 ocul

141 2695 286 2752 Etruriam
298 2697 390 2768 venit,
408 2713 459 2768 per
474 2714 546 2770 quas
563 2698 685 2769 paludes
704 2701 863 2771 quadriduo
883 2707 914 2756 et
931 2700 1003 2757 tribu

143 2772 204 2839 sine
214 2773 275 2828 ulla
283 2774 383 2845 requie
392 2773 448 2830 iter
456 2773 534 2830 fecit.
562 2777 592 2831 C.
603 2777 761 2833 Flaminius
771 2779 887 2848 consul,
902 2777 1003 2835 homu'

142 2854 242 2921 contra
252 2849 380 2922 auspicia
388 2850 535 2923 profectus
546 2852 634 2925 signis
644 2854 814 2910 militaribus
824 2853 944 2926 effossis,
960 2875 1003 2928 qu

140 2931 289 2998 poterant,
307 2935 337 2982 et
350 2927 387 2983 ab
402 2944 477 3001 equo
487 2946 569 3002 quem
581 2933 789 2988 conscenderat
797 2949 848 3004 per
858 2938 945 3004 caput
954 2935 1003 2989 der

142 3001 222 3057 sidiis
237 3003 274 3059 ab
288 3003 452 3061 Hannibale
466 3006 673 3062 circumuentus
688 3009 725 3064 ad
740 3009 1003 3081 Thrasymennum]

141 3081 269 3137 exercitu
277 3097 380 3138 caesus
390 3087 443 3138 est.
471 3083 621 3154 sexmilia,
636 3100 710 3156 quae
720 3092 886 3156 eruperant,
900 3085 958 3142 fide
968 3089 1003 3144 ab

141 3157 224 3228 data,
246 3156 368 3230 perfidia
381 3158 555 3217 Hannibalis
573 3161 670 3219 vincta
687 3167 763 3218 sunt.
798 3180 863 3218 cum
879 3165 918 3219 ad
934 3170 1003 3220 nunt

140 3233 251 3309 Romae
264 3236 359 3293 luctus
373 3242 464 3310 esset,
483 3238 536 3314 (et)
552 3240 625 3295 duae
640 3245 744 3296 matres
758 3256 793 3296 ex
805 3241 951 3313 insperato
964 3261 1003 3299 re

119 3370 121 3374 ,
141 3310 248 3389 gaudio
266 3319 394 3373 mortuae
413 3322 487 3371 sunt.
524 3317 562 3372 ob
580 3317 657 3373 hanc
675 3319 787 3374 cladem
804 3336 839 3374 ex
857 3319 1003 3392 Sibyllinis

118 3399 119 3407 ¹
142 3395 368 3447 sacrumrotum.
396 3408 459 3449 cum
469 3393 573 3450 deinde
584 3393 618 3460 Q.
628 3394 734 3451 Fabius
744 3395 884 3452 Maximus
897 3397 1003 3454 dictate

140 3464 334 3524 Hannibalem
342 3469 689 3527 missusnolletaciecum
699 3488 732 3528 eo
747 3473 915 3545 confligere,
933 3491 970 3529 ne
986 3493 1003 3532 c

140 3559 209 3615 cem·
225 3548 270 3600 tot
290 3545 417 3602 victoriis
438 3547 551 3604 hostem
573 3549 727 3622 [territum]
755 3550 885 3608 adversis
910 3554 1003 3623 proeli

139 3638 256 3696 pugnae
271 3625 459 3691 committeret
471 3632 502 3682 et
514 3629 687 3698 opponendo
702 3647 732 3686 se
747 3634 859 3686 tantum
868 3633 1003 3687 conatusj

140 3698 304 3772 impediret,
321 3699 365 3756 Μ,
375 3701 517 3758 Minucius
535 3704 672 3777 magister
690 3706 831 3779 equitum,
849 3705 931 3764 ferox
948 3713 979 3763 et
998 3716 1003 3763 t

142 3773 318 3833 criminando
337 3777 506 3836 dictatorem
524 3784 668 3854 tamquam
687 3800 804 3856 segnem
822 3789 851 3840 et
868 3783 999 3842 timidum

140 3852 242 3928 populi
257 3852 337 3910 iussu
354 3863 527 3927 aequaretur
544 3859 570 3915 ei
589 3874 652 3914 eum
670 3860 810 3917 dictatore
831 3860 995 3932 imperium,

141 3927 269 3984 exercitu
291 3945 355 3988 eum
377 3932 475 4006 iniquo
498 3934 563 3991 loeo
582 3935 759 3993 conflixisset
776 3943 805 3994 et
821 3937 852 3994 in
870 3938 994 3996 maximo

110 4046 121 4069 -,
140 4001 272 4076 ledones
285 4006 346 4087 cius
356 4010 472 4090 essm,
491 4012 708 4085 superveniente
722 4015 928 4073 cumexsrcltu
939 4016 1003 4075 Hah
