2528 4514
147 243 211 308 312
396 252 515 308 LIBER
532 250 644 322 XXVI,
662 250 705 306 41.
726 255 799 320 [au.
812 268 836 306 c.
854 251 922 322 544]

95 438 128 485 14
146 434 230 479 nunc
247 404 440 500 benignitate
458 411 552 476 deum
571 409 676 475 omnia
694 408 846 489 secunda,
873 432 1038 498 prospera,
1056 412 1142 477 india
1175 450 1176 487 3

97 531 128 580 15
146 508 275 574 laetiora
293 529 330 573 ac
347 507 476 572 meliora
492 506 527 570 in
543 505 636 569 Italia
651 502 821 589 Siciliaque
839 516 1009 592 geruntur3
1025 505 1143 573 inSioil'a

149 601 340 689 Syracusae,
366 598 579 687 Agrigentum
598 609 740 684 captum,
766 598 851 685 pulsi
868 608 938 666 tota
952 600 1056 667 insula
1068 600 1144 667 hosta

97 719 128 766 16
147 705 334 781 receptaque
360 694 520 780 provincia
544 693 577 757 in
604 693 727 759 dicione
753 694 862 780 populi
883 694 1026 761 Romani
1049 705 1099 775 est3
1122 696 1144 760 iu
1175 710 1176 717 ’

146 790 238 855 Italia
247 787 329 875 Arpi
346 789 475 874 recepti,
496 786 608 873 Capua
626 797 731 873 capta3
749 788 808 853 iter
821 811 917 854 omne
932 789 974 855 ab
988 789 1144 857 urbellom
1173 804 1176 825 *

147 885 268 971 trepida
293 885 372 970 fuga
396 905 543 948 emensus
561 881 737 960 Hannibal,
764 883 798 947 in
825 892 1007 949 extremum
1032 884 1143 973 anpl-
1170 900 1172 905 ·

146 979 215 1067 agri
240 978 356 1043 Bruttii
382 977 566 1062 conpulsus,
596 976 675 1040 nihil
700 977 764 1041 iam
790 977 893 1043 maius
920 988 1067 1064 precatur
1085 978 1142 1055 deta
1170 992 1175 1005 ·

147 1095 242 1156 quam
268 1080 303 1137 ut
328 1071 477 1136 incolumi
503 1071 613 1136 cedere
636 1079 730 1155 atque
756 1070 843 1136 abire
864 1093 907 1136 ex
934 1072 1072 1139 hostium
1091 1081 1142 1137 tan

98 1191 128 1238 1⁷
147 1167 250 1232 liceat.
294 1165 369 1249 quid
386 1164 483 1251 igitur
500 1165 604 1229 minus
624 1164 802 1243 conveniat,
825 1165 959 1244 milites,
979 1188 1081 1251 quam,
1097 1160 1142 1231 am
1165 1226 1168 1231 .

147 1260 226 1326 aliae
255 1281 349 1345 super
374 1258 451 1324 alias
478 1259 583 1325 clades
611 1259 844 1324 cumularentur
869 1282 910 1325 ac
935 1261 971 1325 di
997 1254 1176 1348 propeipt'}

147 1378 219 1420 cum
241 1353 422 1419 Hannibale
446 1362 576 1431 starent,
603 1375 661 1419 vos
683 1352 735 1419 hic
757 1376 830 1419 cum
851 1356 1039 1439 parentibus
1058 1354 1140 1421 mei·

147 1457 320 1534 aequentur
350 1449 432 1512 enim
460 1448 554 1513 etiam
579 1447 697 1514 honore
723 1448 859 1514 nominis
877 1487 906 1498 -
922 1447 1139 1535 sustinuerat

147 1544 275 1611 bantem
292 1543 450 1608 fortunam
467 1542 575 1629 populi
592 1542 742 1622 Romani,
761 1565 845 1609 nunc
862 1546 1010 1626 eosdem,
1028 1546 1092 1632 quia
1102 1540 1137 1609 ὓ

96 1660 128 1708 18
148 1639 254 1704 omnia
280 1637 419 1704 secunda
444 1637 588 1720 laetaque
616 1648 707 1716 sunt,
744 1639 856 1704 animis
884 1640 1044 1708 delicere?

147 1754 272 1819 quoque
286 1754 366 1816 quae
381 1732 574 1809 acciderunt,
594 1733 713 1797 utinam
727 1741 792 1797 tam
805 1733 873 1798 sine
891 1757 966 1800 meo
982 1735 1065 1801 luctu

150 1827 269 1914 [vestro
288 1826 485 1891 transissentl
529 1849 613 1892 nunc
630 1828 674 1892 dii
694 1828 886 1894 immortales
904 1830 1030 1916 imperii
1043 1829 1086 1895 Ro
1128 1820 1176 1897 'f

148 1920 322 2007 praesides,
350 1920 405 2002 qui
431 1921 579 1985 centuriis
607 1921 753 1987 omnibus
780 1932 815 1986 ut
836 1923 915 1987 mihi
941 1918 1115 2010 imperium'
1155 1932 1156 1937 ’

148 2014 258 2080 herent
275 2013 342 2078 dari
359 2013 447 2079 fuere
466 2025 622 2093 auctores,
646 2015 742 2081 iidem
759 2016 900 2103 auguriis
918 2016 1133 2103 auspiciisquttl
1155 2044 1176 2083 :-

148 2130 206 2194 per
226 2116 394 2174 nocturnos
418 2109 513 2174 etiam
534 2109 621 2175 visus
645 2111 750 2175 omnia
771 2111 854 2175 laeta
875 2133 913 2176 ac
936 2134 1080 2198 prospera
1093 2126 1133 2194 pt·
1154 2138 1176 2177 ε

98 2223 129 2270 19
149 2203 289 2268 tendunt.
334 2203 457 2268 animus
484 2225 609 2288 quoquo
635 2226 740 2282 meus,
767 2207 925 2270 maximus
954 2207 1031 2271 mihi
1053 2204 1087 2270 ad
1100 2201 1133 2264 to

148 2307 271 2382 tempus
289 2306 392 2375 vates,
414 2298 586 2384 praesagit,
614 2309 752 2363 nostram
769 2298 963 2384 Hispaniam
981 2322 1060 2377 esse,
1081 2288 1133 2362 bled

148 2402 270 2457 extorre
287 2391 361 2457 hinc
379 2414 471 2456 omne
484 2391 640 2457 Punicum
658 2415 772 2458 nomen
790 2393 889 2458 maria
906 2403 1064 2479 terrasque
1077 2384 1133 2455 lod

96 2507 129 2556 ao
147 2486 225 2573 fuga
242 2485 453 2572 impleturum.
498 2487 583 2570 quod
605 2509 693 2552 mens
718 2511 776 2552 sua
801 2498 913 2573 sponte
936 2489 1064 2566 divinat,
1084 2482 1133 2549 illu
1158 2516 1176 2527 ’

148 2580 261 2646 subicit
277 2581 357 2645 ratio
375 2581 461 2646 haud
478 2581 584 2646 fallax.
611 2582 717 2647 vexati
730 2580 770 2647 ab
784 2583 823 2648 iis
838 2583 915 2648 socii
932 2577 1133 2650 nostramfilo
1173 2640 1176 2647 .

30 2719 32 2727 ·
145 2697 203 2760 per
219 2674 340 2760 legatos
358 2675 538 2760 implorant,
566 2686 629 2742 tres
652 2677 747 2742 duces
771 2678 1004 2758 discordantes,
1030 2678 1176 2765 proptlss

147 2767 318 2832 defecerint
335 2768 388 2832 alii
405 2770 445 2834 ab
463 2770 542 2847 aliis,
562 2770 902 2837 trifariam'exercitum
920 2774 956 2838 in
973 2775 1133 2838 diversae
1156 2774 1176 2835 ὲ

95 2883 126 2930 21
146 2862 256 2947 giones
284 2862 469 2928 distraxere:
498 2865 608 2930 eadem
634 2865 667 2929 in
692 2866 763 2932 illos
789 2867 907 2954 ingruit
929 2867 1067 2944 fortuna,
1086 2872 1134 2947 q*
1157 2920 1176 2933 .

145 2977 246 3042 nuper
262 2978 321 3021 nos
340 2957 474 3037 adflixit3
500 2982 574 3024 nam
593 2970 624 3024 et
642 2961 829 3025 deseruntur
847 2960 887 3027 ab
907 2963 1018 3041 sociis,
1039 2954 1135 3044 aspie
1160 3002 1176 3027 .-

146 3049 187 3116 ab
207 3048 374 3116 Celtiberis
395 3074 468 3129 nos,
497 3062 528 3117 et
545 3054 696 3120 diduxere
718 3055 889 3133 exercitus,
917 3078 1001 3140 quae
1021 3053 1136 3143 patri?

95 3165 127 3212 22
146 3154 278 3229 truoque
305 3167 376 3210 meo
403 3168 500 3211 causa
526 3149 612 3212 exitii
637 3148 706 3213 fuit.
758 3171 817 3214 nec
843 3150 1004 3216 discordia
1031 3142 1136 3214 inum

146 3239 228 3304 coire
247 3262 301 3304 eos
319 3240 351 3304 in
370 3263 468 3305 unum
492 3241 572 3306 sinet
589 3265 691 3327 neque
710 3244 826 3330 singuli
843 3245 937 3311 nobis
960 3247 1136 3325 resistente
1162 3246 1176 3281 ⁵

145 3344 257 3398 terunt.
311 3335 504 3411 vos‘modo,
540 3336 668 3414 milites,
704 3338 808 3403 favete
835 3339 957 3404 nomini
986 3337 1135 3425 scipionia

146 3427 248 3492 suboli
273 3429 497 3514 imperatorum
528 3441 702 3496 vestrorum
732 3431 818 3497 velut
848 3434 964 3500 accisis
994 3418 1136 3500 reoresoffil
1161 3432 1176 3498 “.

94 3543 126 3592 23
146 3522 304 3608 stirpibus.
333 3522 425 3609 agite,
445 3523 558 3588 milites
573 3535 708 3604 veteres,
727 3549 844 3592 novum
860 3528 1033 3594 exercitum
1046 3538 1137 3593 noum·
1163 3576 1176 3593 c

145 3639 206 3702 que
221 3617 333 3682 ducem
343 3618 495 3683 traducite
504 3618 675 3699 Hiberum,
692 3622 843 3687 traducite
856 3622 890 3687 in
899 3632 1000 3690 terras
1014 3644 1080 3689 oum
1089 3610 1138 3683 md·
1165 3640 1176 3687 ι

93 3730 127 3777 24
145 3712 185 3776 tis
203 3711 338 3778 sortibus
356 3712 448 3778 factis
468 3736 561 3799 saepe
579 3739 599 3780 a
616 3715 706 3781 vobis
725 3726 917 3804 peragratas.
959 3718 1047 3784 brevi
1062 3712 1138 3781 lad!
1166 3738 1171 3749 ·

144 3816 193 3882 ut,
220 3828 314 3890 quem
333 3807 520 3872 admodum
537 3809 699 3875 noscitatis
716 3811 750 3874 in
767 3834 818 3877 me
836 3811 935 3898 patris
953 3799 1139 3899 patruique&³
1169 3856 1176 3879 ι

94 3915 128 3965 25
146 3898 353 3965 militudinem
371 3902 433 3967 on's
452 3902 619 3987 vultusque
638 3913 669 3968 et
686 3904 875 3972 lineamenta
892 3907 1047 3992 corporis,
1065 3896 1139 3968 init-
1171 3954 1176 3971 .

143 3992 245 4076 genii,
263 3993 337 4059 fidei
350 3996 535 4081 virtutisque
554 3996 762 4085 (exemplum)
780 3999 919 4086 effigiem
933 4000 1026 4067 vobis
1037 3993 1139 4065 aluo
1174 4024 1176 4033 ·
