<?xml version="1.0" encoding="UTF-8"?>
<!DOCTYPE html PUBLIC "-//W3C//DTD XHTML 1.0 Transitional//EN"
    "http://www.w3.org/TR/xhtml1/DTD/xhtml1-transitional.dtd">
<html xmlns="http://www.w3.org/1999/xhtml" xml:lang="en" lang="en">
 <head>
  <title>
</title>
<meta http-equiv="Content-Type" content="text/html;charset=utf-8" />
  <meta name='ocr-system' content='tesseract 3.04.00' />
  <meta name='ocr-capabilities' content='ocr_page ocr_carea ocr_par ocr_line ocrx_word'/>
</head>
<body>
  <div class='ocr_page' id='page_1' title='image "./titiliviaburbec00weisgoog_0259.png"; bbox 0 0 2528 4530; ppageno 0'>
   <div class='ocr_carea' id='block_1_1' title="bbox 242 242 1047 325">
    <p class='ocr_par' dir='ltr' id='par_1_1' title="bbox 242 242 1047 325">
     <span class='ocr_line' id='line_1_1' title="bbox 242 242 1047 325; baseline 0.002 -17"><span class='ocrx_word' id='word_1_1' title='bbox 242 252 362 308; x_wconf 76' lang='lat' dir='ltr'><strong>amas</strong></span> <span class='ocrx_word' id='word_1_2' title='bbox 379 255 495 325; x_wconf 81' lang='lat' dir='ltr'><strong>xxm,</strong></span> <span class='ocrx_word' id='word_1_3' title='bbox 513 255 556 312; x_wconf 80' lang='lat'><strong>25.</strong></span> <span class='ocrx_word' id='word_1_4' title='bbox 573 255 616 311; x_wconf 78' lang='lat' dir='ltr'><strong>as.</strong></span> <span class='ocrx_word' id='word_1_5' title='bbox 636 253 715 324; x_wconf 76' lang='lat' dir='ltr'><strong>[ac.</strong></span> <span class='ocrx_word' id='word_1_6' title='bbox 726 256 789 325; x_wconf 82' lang='lat' dir='ltr'><strong>ars]</strong></span> <span class='ocrx_word' id='word_1_7' title='bbox 968 242 1047 310; x_wconf 80' lang='lat'>139·</span> 
     </span>
    </p>
   </div>
   <div class='ocr_carea' id='block_1_2' title="bbox 72 398 1203 498">
    <p class='ocr_par' dir='ltr' id='par_1_2' title="bbox 72 398 1203 498">
     <span class='ocr_line' id='line_1_2' title="bbox 72 398 1203 498; baseline 0 -21"><span class='ocrx_word' id='word_1_8' title='bbox 72 435 160 478; x_wconf 68' lang='lat' dir='ltr'><strong>imam</strong></span> <span class='ocrx_word' id='word_1_9' title='bbox 178 412 333 498; x_wconf 82' lang='lat' dir='ltr'><strong>exposuit.</strong></span> <span class='ocrx_word' id='word_1_10' title='bbox 368 412 446 496; x_wconf 89' lang='lat' dir='ltr'><strong>quid</strong></span> <span class='ocrx_word' id='word_1_11' title='bbox 463 413 497 477; x_wconf 90' lang='lat' dir='ltr'><strong>in</strong></span> <span class='ocrx_word' id='word_1_12' title='bbox 513 411 634 498; x_wconf 78' lang='lat' dir='ltr'><strong>Apulia</strong></span> <span class='ocrx_word' id='word_1_13' title='bbox 651 433 724 477; x_wconf 88' lang='lat' dir='ltr'><strong>cum</strong></span> <span class='ocrx_word' id='word_1_14' title='bbox 738 411 777 478; x_wconf 83' lang='lat'><strong>0.</strong></span> <span class='ocrx_word' id='word_1_15' title='bbox 796 411 944 480; x_wconf 89' lang='lat' dir='ltr'><strong>Terentio</strong></span> <span class='ocrx_word' id='word_1_16' title='bbox 962 436 1070 485; x_wconf 83' lang='lat' dir='ltr'><strong>con-s</strong></span> <span class='ocrx_word' id='word_1_17' title='bbox 1193 398 1203 422; x_wconf 72' lang='grc'><strong><em>’</em></strong></span> 
     </span>
    </p>
   </div>
   <div class='ocr_carea' id='block_1_3' title="bbox 72 508 1196 4075">
    <p class='ocr_par' dir='ltr' id='par_1_3' title="bbox 72 508 1037 781">
     <span class='ocr_line' id='line_1_3' title="bbox 72 508 1035 593; baseline 0.004 -23"><span class='ocrx_word' id='word_1_18' title='bbox 72 517 188 585; x_wconf 58' lang='lat' dir='ltr'><strong>resset,</strong></span> <span class='ocrx_word' id='word_1_19' title='bbox 205 530 227 575; x_wconf 85' lang='lat' dir='ltr'><strong>a</strong></span> <span class='ocrx_word' id='word_1_20' title='bbox 243 508 351 593; x_wconf 90' lang='lat' dir='ltr'><strong>peritis</strong></span> <span class='ocrx_word' id='word_1_21' title='bbox 370 509 547 590; x_wconf 89' lang='lat' dir='ltr'><strong>quaesitum</strong></span> <span class='ocrx_word' id='word_1_22' title='bbox 565 517 622 572; x_wconf 88' lang='lat' dir='ltr'><strong>est.</strong></span> <span class='ocrx_word' id='word_1_23' title='bbox 658 530 730 586; x_wconf 88' lang='lat' dir='ltr'><strong>nec,</strong></span> <span class='ocrx_word' id='word_1_24' title='bbox 753 509 837 572; x_wconf 92' lang='lat' dir='ltr'><strong>unde</strong></span> <span class='ocrx_word' id='word_1_25' title='bbox 855 509 1035 574; x_wconf 85' lang='lat' dir='ltr'><strong>consulares</strong></span> 
     </span>
     <span class='ocr_line' id='line_1_4' title="bbox 72 602 1037 681; baseline 0 -13"><span class='ocrx_word' id='word_1_26' title='bbox 72 603 158 668; x_wconf 72' lang='lat' dir='ltr'><strong>:citus</strong></span> <span class='ocrx_word' id='word_1_27' title='bbox 178 602 255 667; x_wconf 87' lang='lat' dir='ltr'><strong>satis</strong></span> <span class='ocrx_word' id='word_1_28' title='bbox 273 602 355 666; x_wconf 83' lang='lat' dir='ltr'><strong>firmi</strong></span> <span class='ocrx_word' id='word_1_29' title='bbox 372 602 414 666; x_wconf 89' lang='lat' dir='ltr'><strong>ad</strong></span> <span class='ocrx_word' id='word_1_30' title='bbox 431 612 553 666; x_wconf 90' lang='lat' dir='ltr'><strong>tantum</strong></span> <span class='ocrx_word' id='word_1_31' title='bbox 570 602 689 667; x_wconf 91' lang='lat' dir='ltr'><strong>bellum</strong></span> <span class='ocrx_word' id='word_1_32' title='bbox 706 602 918 681; x_wconf 86' lang='lat' dir='ltr'><strong>efficerentur,</strong></span> <span class='ocrx_word' id='word_1_33' title='bbox 936 603 1037 668; x_wconf 90' lang='lat' dir='ltr'><strong>iniba-</strong></span> 
     </span>
     <span class='ocr_line' id='line_1_5' title="bbox 72 694 1034 781; baseline 0 -17"><span class='ocrx_word' id='word_1_34' title='bbox 72 698 158 764; x_wconf 89' lang='lat' dir='ltr'><strong>ratio.</strong></span> <span class='ocrx_word' id='word_1_35' title='bbox 185 696 291 781; x_wconf 89' lang='lat' dir='ltr'><strong>itaque</strong></span> <span class='ocrx_word' id='word_1_36' title='bbox 302 694 453 775; x_wconf 78' lang='lat' dir='ltr'><strong>Galliam,</strong></span> <span class='ocrx_word' id='word_1_37' title='bbox 472 718 663 780; x_wconf 88' lang='lat' dir='ltr'><strong>quamquam</strong></span> <span class='ocrx_word' id='word_1_38' title='bbox 682 697 862 764; x_wconf 89' lang='lat' dir='ltr'><strong>stimulabat</strong></span> <span class='ocrx_word' id='word_1_39' title='bbox 878 699 962 764; x_wconf 89' lang='lat' dir='ltr'><strong>iusta</strong></span> <span class='ocrx_word' id='word_1_40' title='bbox 979 699 1034 777; x_wconf 87' lang='lat' dir='ltr'><strong>ira,</strong></span> 
     </span>
    </p>

    <p class='ocr_par' dir='ltr' id='par_1_4' title="bbox 72 790 1070 1062">
     <span class='ocr_line' id='line_1_6' title="bbox 72 790 1037 876; baseline 0.001 -20"><span class='ocrx_word' id='word_1_41' title='bbox 72 793 104 856; x_wconf 89' lang='lat' dir='ltr'><strong>tti</strong></span> <span class='ocrx_word' id='word_1_42' title='bbox 125 814 163 857; x_wconf 90' lang='lat' dir='ltr'><strong>eo</strong></span> <span class='ocrx_word' id='word_1_43' title='bbox 191 813 273 856; x_wconf 88' lang='lat' dir='ltr'><strong>anno</strong></span> <span class='ocrx_word' id='word_1_44' title='bbox 294 790 421 876; x_wconf 75' lang='lat' dir='ltr'><strong>placuit.</strong></span> <span class='ocrx_word' id='word_1_45' title='bbox 471 791 625 855; x_wconf 88' lang='lat' dir='ltr'><strong>exercitus</strong></span> <span class='ocrx_word' id='word_1_46' title='bbox 650 791 809 856; x_wconf 85' lang='lat' dir='ltr'><strong>dictatoris</strong></span> <span class='ocrx_word' id='word_1_47' title='bbox 836 792 957 856; x_wconf 88' lang='lat' dir='ltr'><strong>consuli</strong></span> <span class='ocrx_word' id='word_1_48' title='bbox 982 793 1037 857; x_wconf 88' lang='lat' dir='ltr'><strong>de-</strong></span> 
     </span>
     <span class='ocr_line' id='line_1_7' title="bbox 72 883 1070 973; baseline 0.004 -23"><span class='ocrx_word' id='word_1_49' title='bbox 72 909 105 951; x_wconf 93' lang='lat' dir='ltr'><strong>us</strong></span> <span class='ocrx_word' id='word_1_50' title='bbox 123 896 182 951; x_wconf 81' lang='lat' dir='ltr'><strong>est.</strong></span> <span class='ocrx_word' id='word_1_51' title='bbox 227 885 267 950; x_wconf 93' lang='lat' dir='ltr'><strong>de</strong></span> <span class='ocrx_word' id='word_1_52' title='bbox 284 884 424 950; x_wconf 89' lang='lat' dir='ltr'><strong>exercitu</strong></span> <span class='ocrx_word' id='word_1_53' title='bbox 441 883 488 948; x_wconf 91' lang='lat' dir='ltr'><strong>M.</strong></span> <span class='ocrx_word' id='word_1_54' title='bbox 511 883 670 960; x_wconf 78' lang='lat' dir='ltr'><strong>Marcelli,</strong></span> <span class='ocrx_word' id='word_1_55' title='bbox 697 885 751 968; x_wconf 93' lang='lat' dir='ltr'><strong>qui</strong></span> <span class='ocrx_word' id='word_1_56' title='bbox 769 906 879 950; x_wconf 90' lang='lat' dir='ltr'><strong>eorum</strong></span> <span class='ocrx_word' id='word_1_57' title='bbox 900 908 941 951; x_wconf 85' lang='lat' dir='ltr'><strong>ex</strong></span> <span class='ocrx_word' id='word_1_58' title='bbox 958 886 1037 973; x_wconf 85' lang='lat' dir='ltr'><strong>fuga</strong></span> <span class='ocrx_word' id='word_1_59' title='bbox 1056 909 1070 954; x_wconf 80' lang='lat'><strong>7</strong></span> 
     </span>
     <span class='ocr_line' id='line_1_8' title="bbox 72 976 1037 1062; baseline 0.001 -18"><span class='ocrx_word' id='word_1_60' title='bbox 72 980 165 1045; x_wconf 88' lang='lat' dir='ltr'><strong>mensi</strong></span> <span class='ocrx_word' id='word_1_61' title='bbox 188 988 309 1056; x_wconf 82' lang='lat' dir='ltr'><strong>essent,</strong></span> <span class='ocrx_word' id='word_1_62' title='bbox 335 979 369 1043; x_wconf 88' lang='lat' dir='ltr'><strong>in</strong></span> <span class='ocrx_word' id='word_1_63' title='bbox 392 976 533 1044; x_wconf 88' lang='lat' dir='ltr'><strong>Siciliam</strong></span> <span class='ocrx_word' id='word_1_64' title='bbox 556 1000 610 1043; x_wconf 92' lang='lat' dir='ltr'><strong>eos</strong></span> <span class='ocrx_word' id='word_1_65' title='bbox 633 977 754 1042; x_wconf 80' lang='lat' dir='ltr'><strong>traduci</strong></span> <span class='ocrx_word' id='word_1_66' title='bbox 776 987 870 1062; x_wconf 85' lang='lat' dir='ltr'><strong>atque</strong></span> <span class='ocrx_word' id='word_1_67' title='bbox 892 980 937 1045; x_wconf 92' lang='lat' dir='ltr'><strong>ibi</strong></span> <span class='ocrx_word' id='word_1_68' title='bbox 955 981 1037 1045; x_wconf 91' lang='lat' dir='ltr'><strong>mili·</strong></span> 
     </span>
    </p>

    <p class='ocr_par' dir='ltr' id='par_1_5' title="bbox 72 1073 1071 1255">
     <span class='ocr_line' id='line_1_9' title="bbox 76 1073 1071 1158; baseline 0.004 -20"><span class='ocrx_word' id='word_1_69' title='bbox 76 1123 84 1152; x_wconf 96' lang='lat'><strong>,</strong></span> <span class='ocrx_word' id='word_1_70' title='bbox 101 1076 201 1139; x_wconf 89' lang='lat' dir='ltr'><strong>donec</strong></span> <span class='ocrx_word' id='word_1_71' title='bbox 218 1075 253 1139; x_wconf 91' lang='lat' dir='ltr'><strong>in</strong></span> <span class='ocrx_word' id='word_1_72' title='bbox 268 1073 362 1138; x_wconf 90' lang='lat' dir='ltr'><strong>Italia</strong></span> <span class='ocrx_word' id='word_1_73' title='bbox 379 1073 497 1139; x_wconf 91' lang='lat' dir='ltr'><strong>bellum</strong></span> <span class='ocrx_word' id='word_1_74' title='bbox 514 1084 612 1151; x_wconf 89' lang='lat' dir='ltr'><strong>esset,</strong></span> <span class='ocrx_word' id='word_1_75' title='bbox 630 1073 762 1158; x_wconf 85' lang='lat' dir='ltr'><strong>placuit,</strong></span> <span class='ocrx_word' id='word_1_76' title='bbox 781 1073 893 1139; x_wconf 87' lang='lat' dir='ltr'><strong>eodem</strong></span> <span class='ocrx_word' id='word_1_77' title='bbox 910 1097 951 1139; x_wconf 88' lang='lat' dir='ltr'><strong>ex</strong></span> <span class='ocrx_word' id='word_1_78' title='bbox 963 1076 1037 1140; x_wconf 92' lang='lat' dir='ltr'><strong>Iuni</strong></span> <span class='ocrx_word' id='word_1_79' title='bbox 1055 1096 1071 1142; x_wconf 88' lang='lat'><em>8</em></span> 
     </span>
     <span class='ocr_line' id='line_1_10' title="bbox 72 1166 1036 1255; baseline -0.001 -20"><span class='ocrx_word' id='word_1_80' title='bbox 72 1170 161 1235; x_wconf 88' lang='lat' dir='ltr'><strong>atoris</strong></span> <span class='ocrx_word' id='word_1_81' title='bbox 174 1169 354 1255; x_wconf 86' lang='lat' dir='ltr'><strong>legionibus</strong></span> <span class='ocrx_word' id='word_1_82' title='bbox 368 1169 444 1234; x_wconf 88' lang='lat' dir='ltr'><strong>reici</strong></span> <span class='ocrx_word' id='word_1_83' title='bbox 457 1168 588 1233; x_wconf 88' lang='lat' dir='ltr'><strong>militem</strong></span> <span class='ocrx_word' id='word_1_84' title='bbox 603 1166 724 1232; x_wconf 91' lang='lat' dir='ltr'><strong>minimi</strong></span> <span class='ocrx_word' id='word_1_85' title='bbox 739 1190 895 1253; x_wconf 86' lang='lat' dir='ltr'><strong>quemque</strong></span> <span class='ocrx_word' id='word_1_86' title='bbox 904 1169 1036 1248; x_wconf 89' lang='lat' dir='ltr'><strong>roboris,</strong></span> 
     </span>
    </p>

    <p class='ocr_par' dir='ltr' id='par_1_6' title="bbox 72 1262 1090 1819">
     <span class='ocr_line' id='line_1_11' title="bbox 72 1262 1036 1349; baseline 0 -21"><span class='ocrx_word' id='word_1_87' title='bbox 72 1287 90 1328; x_wconf 78' lang='lat' dir='ltr'><strong>‚o</strong></span> <span class='ocrx_word' id='word_1_88' title='bbox 110 1264 297 1349; x_wconf 88' lang='lat' dir='ltr'><strong>praestituto</strong></span> <span class='ocrx_word' id='word_1_89' title='bbox 319 1263 448 1328; x_wconf 90' lang='lat' dir='ltr'><strong>militiae</strong></span> <span class='ocrx_word' id='word_1_90' title='bbox 471 1273 626 1349; x_wconf 88' lang='lat' dir='ltr'><strong>tempore,</strong></span> <span class='ocrx_word' id='word_1_91' title='bbox 653 1262 715 1327; x_wconf 91' lang='lat' dir='ltr'><strong>nisi</strong></span> <span class='ocrx_word' id='word_1_92' title='bbox 732 1263 787 1346; x_wconf 92' lang='lat' dir='ltr'><strong>qui</strong></span> <span class='ocrx_word' id='word_1_93' title='bbox 810 1263 1036 1348; x_wconf 83' lang='lat' dir='ltr'><strong>stipendiorum</strong></span> 
     </span>
     <span class='ocr_line' id='line_1_12' title="bbox 72 1355 1069 1443; baseline 0.002 -21"><span class='ocrx_word' id='word_1_94' title='bbox 72 1358 215 1422; x_wconf 90' lang='lat' dir='ltr'><strong>timorum</strong></span> <span class='ocrx_word' id='word_1_95' title='bbox 228 1368 321 1422; x_wconf 86' lang='lat' dir='ltr'><strong>esset.</strong></span> <span class='ocrx_word' id='word_1_96' title='bbox 344 1358 425 1421; x_wconf 89' lang='lat' dir='ltr'><strong>duae</strong></span> <span class='ocrx_word' id='word_1_97' title='bbox 439 1357 579 1443; x_wconf 86' lang='lat' dir='ltr'><strong>legiones</strong></span> <span class='ocrx_word' id='word_1_98' title='bbox 593 1355 732 1423; x_wconf 89' lang='lat' dir='ltr'><strong>urbanae</strong></span> <span class='ocrx_word' id='word_1_99' title='bbox 741 1355 830 1421; x_wconf 91' lang='lat' dir='ltr'><strong>alteri</strong></span> <span class='ocrx_word' id='word_1_100' title='bbox 839 1357 970 1434; x_wconf 88' lang='lat' dir='ltr'><strong>consuli,</strong></span> <span class='ocrx_word' id='word_1_101' title='bbox 981 1357 1036 1440; x_wconf 92' lang='lat' dir='ltr'><strong>qui</strong></span> <span class='ocrx_word' id='word_1_102' title='bbox 1055 1376 1069 1424; x_wconf 86' lang='lat'>9</span> 
     </span>
     <span class='ocr_line' id='line_1_13' title="bbox 72 1450 1036 1534; baseline -0.001 -17"><span class='ocrx_word' id='word_1_103' title='bbox 72 1474 147 1517; x_wconf 83' lang='lat' dir='ltr'><strong>&gt;cum</strong></span> <span class='ocrx_word' id='word_1_104' title='bbox 155 1450 351 1517; x_wconf 91' lang='lat' dir='ltr'><strong>L.Postumi</strong></span> <span class='ocrx_word' id='word_1_105' title='bbox 365 1451 517 1516; x_wconf 88' lang='lat' dir='ltr'><strong>suffectus</strong></span> <span class='ocrx_word' id='word_1_106' title='bbox 530 1461 624 1529; x_wconf 89' lang='lat' dir='ltr'><strong>esset,</strong></span> <span class='ocrx_word' id='word_1_107' title='bbox 640 1451 783 1515; x_wconf 80' lang='lat' dir='ltr'><strong>decretae</strong></span> <span class='ocrx_word' id='word_1_108' title='bbox 798 1459 880 1528; x_wconf 88' lang='lat' dir='ltr'><strong>sunt,</strong></span> <span class='ocrx_word' id='word_1_109' title='bbox 891 1473 1036 1534; x_wconf 87' lang='lat' dir='ltr'><strong>eumque,</strong></span> 
     </span>
     <span class='ocr_line' id='line_1_14' title="bbox 72 1543 1090 1632; baseline -0.001 -21"><span class='ocrx_word' id='word_1_110' title='bbox 72 1547 226 1632; x_wconf 82' lang='lat' dir='ltr'><strong>rprimum</strong></span> <span class='ocrx_word' id='word_1_111' title='bbox 240 1545 335 1610; x_wconf 85' lang='lat' dir='ltr'><strong>salvis</strong></span> <span class='ocrx_word' id='word_1_112' title='bbox 348 1545 495 1631; x_wconf 88' lang='lat' dir='ltr'><strong>auspiciis</strong></span> <span class='ocrx_word' id='word_1_113' title='bbox 505 1558 622 1630; x_wconf 91' lang='lat' dir='ltr'><strong>posset,</strong></span> <span class='ocrx_word' id='word_1_114' title='bbox 635 1545 733 1610; x_wconf 88' lang='lat' dir='ltr'><strong>creari</strong></span> <span class='ocrx_word' id='word_1_115' title='bbox 745 1545 877 1630; x_wconf 81' lang='lat' dir='ltr'><strong>placuit3</strong></span> <span class='ocrx_word' id='word_1_116' title='bbox 895 1543 1036 1631; x_wconf 83' lang='lat' dir='ltr'><strong>legiones</strong></span> <span class='ocrx_word' id='word_1_117' title='bbox 1057 1563 1090 1610; x_wconf 85' lang='lat' dir='ltr'><strong>ro</strong></span> 
     </span>
     <span class='ocr_line' id='line_1_15' title="bbox 72 1636 1038 1725; baseline -0.003 -19"><span class='ocrx_word' id='word_1_118' title='bbox 72 1651 163 1706; x_wconf 81' lang='lat' dir='ltr'><strong>tterea</strong></span> <span class='ocrx_word' id='word_1_119' title='bbox 181 1640 262 1704; x_wconf 90' lang='lat' dir='ltr'><strong>duas</strong></span> <span class='ocrx_word' id='word_1_120' title='bbox 279 1640 380 1725; x_wconf 89' lang='lat' dir='ltr'><strong>primo</strong></span> <span class='ocrx_word' id='word_1_121' title='bbox 398 1661 522 1723; x_wconf 90' lang='lat' dir='ltr'><strong>quoque</strong></span> <span class='ocrx_word' id='word_1_122' title='bbox 541 1650 680 1725; x_wconf 90' lang='lat' dir='ltr'><strong>tempore</strong></span> <span class='ocrx_word' id='word_1_123' title='bbox 698 1661 738 1704; x_wconf 91' lang='lat' dir='ltr'><strong>ex</strong></span> <span class='ocrx_word' id='word_1_124' title='bbox 753 1636 862 1705; x_wconf 86' lang='lat' dir='ltr'><strong>Sicilia</strong></span> <span class='ocrx_word' id='word_1_125' title='bbox 879 1639 973 1704; x_wconf 85' lang='lat' dir='ltr'><strong>acciri</strong></span> <span class='ocrx_word' id='word_1_126' title='bbox 990 1648 1038 1704; x_wconf 87' lang='lat' dir='ltr'><strong>at·</strong></span> 
     </span>
     <span class='ocr_line' id='line_1_16' title="bbox 72 1732 1038 1819; baseline -0.003 -20"><span class='ocrx_word' id='word_1_127' title='bbox 72 1735 153 1799; x_wconf 48' lang='lat' dir='ltr'><strong>¹inde</strong></span> <span class='ocrx_word' id='word_1_128' title='bbox 172 1733 348 1811; x_wconf 89' lang='lat' dir='ltr'><strong>consulem,</strong></span> <span class='ocrx_word' id='word_1_129' title='bbox 376 1734 427 1797; x_wconf 93' lang='lat' dir='ltr'><strong>cui</strong></span> <span class='ocrx_word' id='word_1_130' title='bbox 444 1733 584 1819; x_wconf 90' lang='lat' dir='ltr'><strong>legiones</strong></span> <span class='ocrx_word' id='word_1_131' title='bbox 603 1733 741 1798; x_wconf 87' lang='lat' dir='ltr'><strong>urbanae</strong></span> <span class='ocrx_word' id='word_1_132' title='bbox 759 1733 952 1810; x_wconf 86' lang='lat' dir='ltr'><strong>evenissent,</strong></span> <span class='ocrx_word' id='word_1_133' title='bbox 979 1732 1038 1796; x_wconf 93' lang='lat' dir='ltr'><strong>mi-</strong></span> 
     </span>
    </p>

    <p class='ocr_par' dir='ltr' id='par_1_7' title="bbox 72 1825 1087 2102">
     <span class='ocr_line' id='line_1_17' title="bbox 72 1825 1087 1912; baseline -0.001 -18"><span class='ocrx_word' id='word_1_134' title='bbox 72 1851 94 1894; x_wconf 87' lang='lat' dir='ltr'><strong>m</strong></span> <span class='ocrx_word' id='word_1_135' title='bbox 117 1850 244 1894; x_wconf 91' lang='lat' dir='ltr'><strong>sumere</strong></span> <span class='ocrx_word' id='word_1_136' title='bbox 270 1839 423 1912; x_wconf 91' lang='lat' dir='ltr'><strong>quantum</strong></span> <span class='ocrx_word' id='word_1_137' title='bbox 445 1850 524 1912; x_wconf 88' lang='lat' dir='ltr'><strong>opus</strong></span> <span class='ocrx_word' id='word_1_138' title='bbox 548 1837 646 1906; x_wconf 91' lang='lat' dir='ltr'><strong>esset;</strong></span> <span class='ocrx_word' id='word_1_139' title='bbox 684 1825 723 1894; x_wconf 84' lang='lat' dir='ltr'><strong>O.</strong></span> <span class='ocrx_word' id='word_1_140' title='bbox 742 1827 891 1894; x_wconf 84' lang='lat' dir='ltr'><strong>Terentio</strong></span> <span class='ocrx_word' id='word_1_141' title='bbox 915 1827 1037 1894; x_wconf 88' lang='lat' dir='ltr'><strong>consuli</strong></span> <span class='ocrx_word' id='word_1_142' title='bbox 1057 1847 1087 1893; x_wconf 89' lang='lat'><strong>11</strong></span> 
     </span>
     <span class='ocr_line' id='line_1_18' title="bbox 72 1922 1038 2010; baseline 0.001 -24"><span class='ocrx_word' id='word_1_143' title='bbox 72 1924 169 2010; x_wconf 88' lang='lat' dir='ltr'><strong>pagari</strong></span> <span class='ocrx_word' id='word_1_144' title='bbox 187 1923 221 1986; x_wconf 94' lang='lat' dir='ltr'><strong>in</strong></span> <span class='ocrx_word' id='word_1_145' title='bbox 239 1945 357 1988; x_wconf 90' lang='lat' dir='ltr'><strong>annum</strong></span> <span class='ocrx_word' id='word_1_146' title='bbox 373 1922 540 2007; x_wconf 86' lang='lat' dir='ltr'><strong>imperium</strong></span> <span class='ocrx_word' id='word_1_147' title='bbox 553 1943 656 2006; x_wconf 92' lang='lat' dir='ltr'><strong>neque</strong></span> <span class='ocrx_word' id='word_1_148' title='bbox 670 1923 709 1987; x_wconf 91' lang='lat' dir='ltr'><strong>de</strong></span> <span class='ocrx_word' id='word_1_149' title='bbox 724 1945 762 1987; x_wconf 93' lang='lat' dir='ltr'><strong>eo</strong></span> <span class='ocrx_word' id='word_1_150' title='bbox 775 1923 923 2000; x_wconf 86' lang='lat' dir='ltr'><strong>exercitu,</strong></span> <span class='ocrx_word' id='word_1_151' title='bbox 942 1944 1038 2006; x_wconf 91' lang='lat' dir='ltr'><strong>quem</strong></span> 
     </span>
     <span class='ocr_line' id='line_1_19' title="bbox 72 2015 882 2102; baseline -0.004 -20"><span class='ocrx_word' id='word_1_152' title='bbox 72 2016 254 2102; x_wconf 84' lang='lat' dir='ltr'><strong>praesidium</strong></span> <span class='ocrx_word' id='word_1_153' title='bbox 271 2015 409 2100; x_wconf 85' lang='lat' dir='ltr'><strong>Apuliae</strong></span> <span class='ocrx_word' id='word_1_154' title='bbox 426 2015 569 2093; x_wconf 88' lang='lat' dir='ltr'><strong>haberet,</strong></span> <span class='ocrx_word' id='word_1_155' title='bbox 588 2016 756 2100; x_wconf 91' lang='lat' dir='ltr'><strong>quicquam</strong></span> <span class='ocrx_word' id='word_1_156' title='bbox 774 2017 882 2080; x_wconf 91' lang='lat' dir='ltr'><strong>minui.</strong></span> 
     </span>
    </p>

    <p class='ocr_par' dir='ltr' id='par_1_8' title="bbox 72 2109 1070 2196">
     <span class='ocr_line' id='line_1_20' title="bbox 72 2109 1070 2196; baseline 0 -20"><span class='ocrx_word' id='word_1_157' title='bbox 72 2110 201 2176; x_wconf 88' lang='lat' dir='ltr'><strong>XXVI.</strong></span> <span class='ocrx_word' id='word_1_158' title='bbox 241 2109 330 2174; x_wconf 93' lang='lat' dir='ltr'><strong>Dum</strong></span> <span class='ocrx_word' id='word_1_159' title='bbox 348 2109 427 2174; x_wconf 91' lang='lat' dir='ltr'><strong>haec</strong></span> <span class='ocrx_word' id='word_1_160' title='bbox 444 2109 477 2172; x_wconf 92' lang='lat' dir='ltr'><strong>in</strong></span> <span class='ocrx_word' id='word_1_161' title='bbox 494 2109 588 2174; x_wconf 90' lang='lat' dir='ltr'><strong>Italia</strong></span> <span class='ocrx_word' id='word_1_162' title='bbox 604 2119 756 2196; x_wconf 87' lang='lat' dir='ltr'><strong>geruntur</strong></span> <span class='ocrx_word' id='word_1_163' title='bbox 774 2111 1035 2195; x_wconf 84' lang='lat' dir='ltr'><strong>adparanturque‚</strong></span> <span class='ocrx_word' id='word_1_164' title='bbox 1057 2131 1070 2177; x_wconf 93' lang='lat'>1</span> 
     </span>
    </p>

    <p class='ocr_par' dir='ltr' id='par_1_9' title="bbox 72 2201 1196 4075">
     <span class='ocr_line' id='line_1_21' title="bbox 72 2201 1196 2291; baseline 0 -23"><span class='ocrx_word' id='word_1_165' title='bbox 72 2204 99 2269; x_wconf 93' lang='lat' dir='ltr'><strong>lo</strong></span> <span class='ocrx_word' id='word_1_166' title='bbox 117 2205 247 2291; x_wconf 89' lang='lat' dir='ltr'><strong>segnius</strong></span> <span class='ocrx_word' id='word_1_167' title='bbox 264 2204 298 2267; x_wconf 92' lang='lat' dir='ltr'><strong>in</strong></span> <span class='ocrx_word' id='word_1_168' title='bbox 314 2202 472 2287; x_wconf 84' lang='lat' dir='ltr'><strong>Hispania</strong></span> <span class='ocrx_word' id='word_1_169' title='bbox 488 2201 605 2268; x_wconf 93' lang='lat' dir='ltr'><strong>bellum</strong></span> <span class='ocrx_word' id='word_1_170' title='bbox 624 2213 703 2280; x_wconf 86' lang='lat' dir='ltr'><strong>erat,</strong></span> <span class='ocrx_word' id='word_1_171' title='bbox 732 2204 788 2267; x_wconf 91' lang='lat' dir='ltr'><strong>sed</strong></span> <span class='ocrx_word' id='word_1_172' title='bbox 806 2203 847 2267; x_wconf 86' lang='lat' dir='ltr'><strong>ad</strong></span> <span class='ocrx_word' id='word_1_173' title='bbox 865 2225 935 2268; x_wconf 84' lang='lat' dir='ltr'><strong>eam</strong></span> <span class='ocrx_word' id='word_1_174' title='bbox 953 2204 1037 2268; x_wconf 93' lang='lat' dir='ltr'><strong>diem</strong></span> <span class='ocrx_word' id='word_1_175' title='bbox 1187 2213 1196 2222; x_wconf 85' lang='lat'><em>&#39;</em></span> 
     </span>
     <span class='ocr_line' id='line_1_22' title="bbox 72 2294 1070 2386; baseline 0.002 -23"><span class='ocrx_word' id='word_1_176' title='bbox 72 2299 105 2386; x_wconf 69' lang='lat' dir='ltr'><strong>gis</strong></span> <span class='ocrx_word' id='word_1_177' title='bbox 126 2320 314 2384; x_wconf 91' lang='lat' dir='ltr'><strong>prosperum</strong></span> <span class='ocrx_word' id='word_1_178' title='bbox 336 2297 499 2362; x_wconf 85' lang='lat' dir='ltr'><strong>Romanis.</strong></span> <span class='ocrx_word' id='word_1_179' title='bbox 543 2296 581 2361; x_wconf 90' lang='lat' dir='ltr'><strong>P.</strong></span> <span class='ocrx_word' id='word_1_180' title='bbox 601 2307 632 2361; x_wconf 90' lang='lat' dir='ltr'><strong>et</strong></span> <span class='ocrx_word' id='word_1_181' title='bbox 651 2294 711 2361; x_wconf 84' lang='lat' dir='ltr'><strong>On.</strong></span> <span class='ocrx_word' id='word_1_182' title='bbox 732 2295 933 2380; x_wconf 86' lang='lat' dir='ltr'><strong>Scipionibus</strong></span> <span class='ocrx_word' id='word_1_183' title='bbox 955 2297 1037 2361; x_wconf 90' lang='lat' dir='ltr'><strong>inter</strong></span> <span class='ocrx_word' id='word_1_184' title='bbox 1055 2319 1070 2365; x_wconf 78' lang='lat'>2</span> 
     </span>
     <span class='ocr_line' id='line_1_23' title="bbox 72 2389 1036 2477; baseline -0.005 -19"><span class='ocrx_word' id='word_1_185' title='bbox 72 2394 178 2459; x_wconf 76' lang='lat' dir='ltr'><strong>tartitis</strong></span> <span class='ocrx_word' id='word_1_186' title='bbox 198 2393 319 2477; x_wconf 90' lang='lat' dir='ltr'><strong>copias,</strong></span> <span class='ocrx_word' id='word_1_187' title='bbox 344 2402 379 2455; x_wconf 91' lang='lat' dir='ltr'><strong>ut</strong></span> <span class='ocrx_word' id='word_1_188' title='bbox 398 2389 528 2456; x_wconf 89' lang='lat' dir='ltr'><strong>Gnaeus</strong></span> <span class='ocrx_word' id='word_1_189' title='bbox 547 2401 643 2468; x_wconf 89' lang='lat' dir='ltr'><strong>terra,</strong></span> <span class='ocrx_word' id='word_1_190' title='bbox 666 2390 800 2455; x_wconf 90' lang='lat' dir='ltr'><strong>Publius</strong></span> <span class='ocrx_word' id='word_1_191' title='bbox 818 2389 952 2454; x_wconf 90' lang='lat' dir='ltr'><strong>navibus</strong></span> <span class='ocrx_word' id='word_1_192' title='bbox 970 2412 1036 2454; x_wconf 92' lang='lat' dir='ltr'><strong>rem</strong></span> 
     </span>
     <span class='ocr_line' id='line_1_24' title="bbox 72 2483 1038 2572; baseline -0.005 -20"><span class='ocrx_word' id='word_1_193' title='bbox 72 2500 138 2566; x_wconf 70' lang='lat' dir='ltr'><strong>eret,</strong></span> <span class='ocrx_word' id='word_1_194' title='bbox 161 2486 348 2552; x_wconf 85' lang='lat' dir='ltr'><strong>Hasdrubal</strong></span> <span class='ocrx_word' id='word_1_195' title='bbox 365 2485 546 2551; x_wconf 91' lang='lat' dir='ltr'><strong>Poenorum</strong></span> <span class='ocrx_word' id='word_1_196' title='bbox 564 2487 746 2572; x_wconf 88' lang='lat' dir='ltr'><strong>imperator,</strong></span> <span class='ocrx_word' id='word_1_197' title='bbox 773 2486 876 2549; x_wconf 86' lang='lat' dir='ltr'><strong>neutri</strong></span> <span class='ocrx_word' id='word_1_198' title='bbox 892 2483 974 2570; x_wconf 87' lang='lat' dir='ltr'><strong>parti</strong></span> <span class='ocrx_word' id='word_1_199' title='bbox 992 2484 1038 2548; x_wconf 91' lang='lat' dir='ltr'><strong>vi-</strong></span> 
     </span>
     <span class='ocr_line' id='line_1_25' title="bbox 72 2579 1037 2666; baseline -0.005 -20"><span class='ocrx_word' id='word_1_200' title='bbox 72 2582 178 2648; x_wconf 80' lang='lat' dir='ltr'><strong>isatis</strong></span> <span class='ocrx_word' id='word_1_201' title='bbox 196 2580 307 2658; x_wconf 88' lang='lat' dir='ltr'><strong>fidens,</strong></span> <span class='ocrx_word' id='word_1_202' title='bbox 325 2581 435 2666; x_wconf 93' lang='lat' dir='ltr'><strong>procul</strong></span> <span class='ocrx_word' id='word_1_203' title='bbox 453 2580 493 2646; x_wconf 89' lang='lat' dir='ltr'><strong>ab</strong></span> <span class='ocrx_word' id='word_1_204' title='bbox 511 2581 602 2646; x_wconf 91' lang='lat' dir='ltr'><strong>hoste</strong></span> <span class='ocrx_word' id='word_1_205' title='bbox 619 2579 782 2645; x_wconf 89' lang='lat' dir='ltr'><strong>intervallo</strong></span> <span class='ocrx_word' id='word_1_206' title='bbox 800 2601 837 2644; x_wconf 92' lang='lat' dir='ltr'><strong>ac</strong></span> <span class='ocrx_word' id='word_1_207' title='bbox 854 2579 932 2644; x_wconf 85' lang='lat' dir='ltr'><strong>locis</strong></span> <span class='ocrx_word' id='word_1_208' title='bbox 950 2587 1037 2643; x_wconf 91' lang='lat' dir='ltr'><strong>tutus</strong></span> 
     </span>
     <span class='ocr_line' id='line_1_26' title="bbox 72 2673 1039 2758; baseline -0.002 -18"><span class='ocrx_word' id='word_1_209' title='bbox 72 2676 129 2742; x_wconf 64' lang='lat' dir='ltr'><strong>ebat</strong></span> <span class='ocrx_word' id='word_1_210' title='bbox 143 2698 193 2754; x_wconf 88' lang='lat' dir='ltr'><strong>se,</strong></span> <span class='ocrx_word' id='word_1_211' title='bbox 212 2677 317 2758; x_wconf 89' lang='lat' dir='ltr'><strong>quoad</strong></span> <span class='ocrx_word' id='word_1_212' title='bbox 330 2675 465 2739; x_wconf 93' lang='lat' dir='ltr'><strong>multum</strong></span> <span class='ocrx_word' id='word_1_213' title='bbox 483 2697 520 2739; x_wconf 90' lang='lat' dir='ltr'><strong>ac</strong></span> <span class='ocrx_word' id='word_1_214' title='bbox 534 2675 589 2739; x_wconf 94' lang='lat' dir='ltr'><strong>diu</strong></span> <span class='ocrx_word' id='word_1_215' title='bbox 606 2673 776 2740; x_wconf 87' lang='lat' dir='ltr'><strong>obtestanti</strong></span> <span class='ocrx_word' id='word_1_216' title='bbox 789 2682 936 2758; x_wconf 90' lang='lat' dir='ltr'><strong>quattuor</strong></span> <span class='ocrx_word' id='word_1_217' title='bbox 951 2673 1039 2738; x_wconf 89' lang='lat' dir='ltr'><strong>milia</strong></span> 
     </span>
     <span class='ocr_line' id='line_1_27' title="bbox 72 2765 1038 2854; baseline -0.001 -20"><span class='ocrx_word' id='word_1_218' title='bbox 72 2769 157 2848; x_wconf 84' lang='lat' dir='ltr'><strong>itum,</strong></span> <span class='ocrx_word' id='word_1_219' title='bbox 185 2769 272 2833; x_wconf 91' lang='lat' dir='ltr'><strong>mille</strong></span> <span class='ocrx_word' id='word_1_220' title='bbox 288 2768 409 2852; x_wconf 90' lang='lat' dir='ltr'><strong>equites</strong></span> <span class='ocrx_word' id='word_1_221' title='bbox 431 2770 465 2833; x_wconf 88' lang='lat' dir='ltr'><strong>in</strong></span> <span class='ocrx_word' id='word_1_222' title='bbox 487 2768 738 2854; x_wconf 91' lang='lat' dir='ltr'><strong>supplementum</strong></span> <span class='ocrx_word' id='word_1_223' title='bbox 756 2768 846 2834; x_wconf 92' lang='lat' dir='ltr'><strong>missi</strong></span> <span class='ocrx_word' id='word_1_224' title='bbox 869 2790 909 2832; x_wconf 88' lang='lat' dir='ltr'><strong>ex</strong></span> <span class='ocrx_word' id='word_1_225' title='bbox 926 2765 1038 2833; x_wconf 84' lang='lat' dir='ltr'><strong>Africa</strong></span> 
     </span>
     <span class='ocr_line' id='line_1_28' title="bbox 72 2862 1070 2948; baseline 0.003 -20"><span class='ocrx_word' id='word_1_226' title='bbox 72 2872 88 2928; x_wconf 80' lang='lat' dir='ltr'><strong>t</strong></span> <span class='ocrx_word' id='word_1_227' title='bbox 121 2873 190 2928; x_wconf 91' lang='lat' dir='ltr'><strong>tum</strong></span> <span class='ocrx_word' id='word_1_228' title='bbox 208 2863 327 2928; x_wconf 81' lang='lat' dir='ltr'><strong>refecta</strong></span> <span class='ocrx_word' id='word_1_229' title='bbox 343 2864 470 2928; x_wconf 85' lang='lat' dir='ltr'><strong>tandem</strong></span> <span class='ocrx_word' id='word_1_230' title='bbox 488 2885 545 2948; x_wconf 92' lang='lat' dir='ltr'><strong>spe</strong></span> <span class='ocrx_word' id='word_1_231' title='bbox 562 2871 664 2928; x_wconf 89' lang='lat' dir='ltr'><strong>castra</strong></span> <span class='ocrx_word' id='word_1_232' title='bbox 680 2862 810 2948; x_wconf 90' lang='lat' dir='ltr'><strong>propius</strong></span> <span class='ocrx_word' id='word_1_233' title='bbox 827 2862 952 2928; x_wconf 90' lang='lat' dir='ltr'><strong>hostem</strong></span> <span class='ocrx_word' id='word_1_234' title='bbox 969 2884 1037 2928; x_wconf 91' lang='lat' dir='ltr'><strong>mo·</strong></span> <span class='ocrx_word' id='word_1_235' title='bbox 1055 2884 1070 2931; x_wconf 82' lang='grc'><strong>3</strong></span> 
     </span>
     <span class='ocr_line' id='line_1_29' title="bbox 89 2957 1036 3043; baseline -0.001 -19"><span class='ocrx_word' id='word_1_236' title='bbox 89 2957 287 3041; x_wconf 85' lang='lat' dir='ltr'><strong>classemque</strong></span> <span class='ocrx_word' id='word_1_237' title='bbox 309 2968 339 3022; x_wconf 98' lang='lat' dir='ltr'><strong>et</strong></span> <span class='ocrx_word' id='word_1_238' title='bbox 356 2958 425 3043; x_wconf 92' lang='lat' dir='ltr'><strong>ipse</strong></span> <span class='ocrx_word' id='word_1_239' title='bbox 442 2957 554 3024; x_wconf 90' lang='lat' dir='ltr'><strong>instrui</strong></span> <span class='ocrx_word' id='word_1_240' title='bbox 571 2958 736 3042; x_wconf 88' lang='lat' dir='ltr'><strong>pararique</strong></span> <span class='ocrx_word' id='word_1_241' title='bbox 753 2957 842 3022; x_wconf 86' lang='lat' dir='ltr'><strong>iubet</strong></span> <span class='ocrx_word' id='word_1_242' title='bbox 859 2957 900 3022; x_wconf 87' lang='lat' dir='ltr'><strong>ad</strong></span> <span class='ocrx_word' id='word_1_243' title='bbox 917 2957 1036 3023; x_wconf 87' lang='lat' dir='ltr'><strong>insulas</strong></span> 
     </span>
     <span class='ocr_line' id='line_1_30' title="bbox 72 3051 1073 3137; baseline 0.001 -21"><span class='ocrx_word' id='word_1_244' title='bbox 72 3051 267 3136; x_wconf 82' lang='lat' dir='ltr'><strong>itnmamque</strong></span> <span class='ocrx_word' id='word_1_245' title='bbox 288 3074 375 3117; x_wconf 90' lang='lat' dir='ltr'><strong>oram</strong></span> <span class='ocrx_word' id='word_1_246' title='bbox 397 3052 569 3118; x_wconf 91' lang='lat' dir='ltr'><strong>tutandam.</strong></span> <span class='ocrx_word' id='word_1_247' title='bbox 613 3052 646 3116; x_wconf 91' lang='lat' dir='ltr'><strong>in</strong></span> <span class='ocrx_word' id='word_1_248' title='bbox 666 3053 737 3137; x_wconf 93' lang='lat' dir='ltr'><strong>ipso</strong></span> <span class='ocrx_word' id='word_1_249' title='bbox 763 3052 884 3136; x_wconf 91' lang='lat' dir='ltr'><strong>impetu</strong></span> <span class='ocrx_word' id='word_1_250' title='bbox 909 3071 1073 3117; x_wconf 76' lang='lat' dir='ltr'><strong>morsu-4</strong></span> 
     </span>
     <span class='ocr_line' id='line_1_31' title="bbox 72 3146 1038 3233; baseline -0.004 -21"><span class='ocrx_word' id='word_1_251' title='bbox 72 3166 115 3212; x_wconf 85' lang='lat' dir='ltr'><strong>um</strong></span> <span class='ocrx_word' id='word_1_252' title='bbox 139 3148 182 3213; x_wconf 86' lang='lat' dir='ltr'><strong>de</strong></span> <span class='ocrx_word' id='word_1_253' title='bbox 207 3146 330 3233; x_wconf 87' lang='lat' dir='ltr'><strong>integro</strong></span> <span class='ocrx_word' id='word_1_254' title='bbox 355 3169 460 3211; x_wconf 90' lang='lat' dir='ltr'><strong>rerum</strong></span> <span class='ocrx_word' id='word_1_255' title='bbox 481 3146 614 3233; x_wconf 89' lang='lat' dir='ltr'><strong>perculit</strong></span> <span class='ocrx_word' id='word_1_256' title='bbox 636 3169 709 3211; x_wconf 91' lang='lat' dir='ltr'><strong>eum</strong></span> <span class='ocrx_word' id='word_1_257' title='bbox 731 3146 960 3232; x_wconf 84' lang='lat' dir='ltr'><strong>praefectorum</strong></span> <span class='ocrx_word' id='word_1_258' title='bbox 982 3168 1038 3209; x_wconf 89' lang='lat' dir='ltr'><strong>na·</strong></span> 
     </span>
     <span class='ocr_line' id='line_1_32' title="bbox 72 3239 1038 3326; baseline -0.008 -17"><span class='ocrx_word' id='word_1_259' title='bbox 72 3239 265 3318; x_wconf 71' lang='lat' dir='ltr'><strong>nnansitio,</strong></span> <span class='ocrx_word' id='word_1_260' title='bbox 284 3241 339 3324; x_wconf 91' lang='lat' dir='ltr'><strong>qui</strong></span> <span class='ocrx_word' id='word_1_261' title='bbox 355 3251 428 3326; x_wconf 90' lang='lat' dir='ltr'><strong>post</strong></span> <span class='ocrx_word' id='word_1_262' title='bbox 446 3241 581 3306; x_wconf 85' lang='lat' dir='ltr'><strong>classem</strong></span> <span class='ocrx_word' id='word_1_263' title='bbox 599 3240 805 3305; x_wconf 91' lang='lat' dir='ltr'><strong>adHiberum</strong></span> <span class='ocrx_word' id='word_1_264' title='bbox 819 3260 877 3324; x_wconf 91' lang='lat' dir='ltr'><strong>per</strong></span> <span class='ocrx_word' id='word_1_265' title='bbox 887 3259 1038 3323; x_wconf 89' lang='lat' dir='ltr'><strong>pavorem</strong></span> 
     </span>
     <span class='ocr_line' id='line_1_33' title="bbox 72 3331 1038 3422; baseline -0.006 -21"><span class='ocrx_word' id='word_1_266' title='bbox 72 3342 159 3402; x_wconf 76' lang='lat' dir='ltr'><strong>uam</strong></span> <span class='ocrx_word' id='word_1_267' title='bbox 177 3336 316 3422; x_wconf 87' lang='lat' dir='ltr'><strong>graviter</strong></span> <span class='ocrx_word' id='word_1_268' title='bbox 332 3336 474 3421; x_wconf 87' lang='lat' dir='ltr'><strong>increpiti</strong></span> <span class='ocrx_word' id='word_1_269' title='bbox 492 3356 663 3418; x_wconf 89' lang='lat' dir='ltr'><strong>numquam</strong></span> <span class='ocrx_word' id='word_1_270' title='bbox 686 3334 798 3399; x_wconf 89' lang='lat' dir='ltr'><strong>deinde</strong></span> <span class='ocrx_word' id='word_1_271' title='bbox 817 3332 892 3398; x_wconf 90' lang='lat' dir='ltr'><strong>satis</strong></span> <span class='ocrx_word' id='word_1_272' title='bbox 910 3331 966 3396; x_wconf 93' lang='lat' dir='ltr'><strong>fidi</strong></span> <span class='ocrx_word' id='word_1_273' title='bbox 983 3342 1038 3396; x_wconf 91' lang='lat' dir='ltr'><strong>aut</strong></span> 
     </span>
     <span class='ocr_line' id='line_1_34' title="bbox 72 3424 1071 3515; baseline -0.004 -22"><span class='ocrx_word' id='word_1_274' title='bbox 72 3424 156 3496; x_wconf 78' lang='lat' dir='ltr'><strong>laut</strong></span> <span class='ocrx_word' id='word_1_275' title='bbox 185 3428 496 3515; x_wconf 84' lang='lat' dir='ltr'><strong>Carthaginiensium</strong></span> <span class='ocrx_word' id='word_1_276' title='bbox 525 3429 621 3494; x_wconf 88' lang='lat' dir='ltr'><strong>rebus</strong></span> <span class='ocrx_word' id='word_1_277' title='bbox 651 3429 784 3494; x_wconf 85' lang='lat' dir='ltr'><strong>fuerant.</strong></span> <span class='ocrx_word' id='word_1_278' title='bbox 839 3424 978 3491; x_wconf 85' lang='lat' dir='ltr'><strong>fecerant</strong></span> <span class='ocrx_word' id='word_1_279' title='bbox 1002 3425 1071 3490; x_wconf 77' lang='lat' dir='ltr'><strong>his</strong></span> 
     </span>
     <span class='ocr_line' id='line_1_35' title="bbox 72 3520 1038 3612; baseline -0.007 -22"><span class='ocrx_word' id='word_1_280' title='bbox 72 3521 188 3612; x_wconf 75' lang='lat' dir='ltr'><strong>afugae</strong></span> <span class='ocrx_word' id='word_1_281' title='bbox 214 3532 336 3588; x_wconf 90' lang='lat' dir='ltr'><strong>motum</strong></span> <span class='ocrx_word' id='word_1_282' title='bbox 361 3524 395 3587; x_wconf 90' lang='lat' dir='ltr'><strong>in</strong></span> <span class='ocrx_word' id='word_1_283' title='bbox 421 3523 636 3589; x_wconf 85' lang='lat' dir='ltr'><strong>Tartesiorum</strong></span> <span class='ocrx_word' id='word_1_284' title='bbox 660 3531 754 3609; x_wconf 88' lang='lat' dir='ltr'><strong>gente</strong></span> <span class='ocrx_word' id='word_1_285' title='bbox 780 3520 1038 3603; x_wconf 88' lang='lat' dir='ltr'><strong>desciverantque</strong></span> 
     </span>
     <span class='ocr_line' id='line_1_36' title="bbox 72 3613 1039 3702; baseline -0.005 -21"><span class='ocrx_word' id='word_1_286' title='bbox 72 3616 242 3684; x_wconf 77' lang='lat' dir='ltr'><strong>auctoribus</strong></span> <span class='ocrx_word' id='word_1_287' title='bbox 261 3617 355 3682; x_wconf 89' lang='lat' dir='ltr'><strong>urbes</strong></span> <span class='ocrx_word' id='word_1_288' title='bbox 373 3617 505 3702; x_wconf 88' lang='lat' dir='ltr'><strong>aliquot,</strong></span> <span class='ocrx_word' id='word_1_289' title='bbox 532 3641 595 3683; x_wconf 85' lang='lat' dir='ltr'><strong>una</strong></span> <span class='ocrx_word' id='word_1_290' title='bbox 618 3617 712 3682; x_wconf 89' lang='lat' dir='ltr'><strong>etiam</strong></span> <span class='ocrx_word' id='word_1_291' title='bbox 734 3615 774 3680; x_wconf 85' lang='lat' dir='ltr'><strong>ab</strong></span> <span class='ocrx_word' id='word_1_292' title='bbox 796 3614 873 3700; x_wconf 89' lang='lat' dir='ltr'><strong>ipsis</strong></span> <span class='ocrx_word' id='word_1_293' title='bbox 896 3613 930 3677; x_wconf 90' lang='lat' dir='ltr'><strong>vi</strong></span> <span class='ocrx_word' id='word_1_294' title='bbox 946 3621 1039 3698; x_wconf 89' lang='lat' dir='ltr'><strong>capta</strong></span> 
     </span>
     <span class='ocr_line' id='line_1_37' title="bbox 72 3708 1072 3799; baseline -0.002 -22"><span class='ocrx_word' id='word_1_295' title='bbox 72 3721 117 3777; x_wconf 79' lang='lat' dir='ltr'><strong>at</strong></span> <span class='ocrx_word' id='word_1_296' title='bbox 160 3712 282 3777; x_wconf 89' lang='lat' dir='ltr'><strong>ineam</strong></span> <span class='ocrx_word' id='word_1_297' title='bbox 303 3723 431 3799; x_wconf 88' lang='lat' dir='ltr'><strong>gentem</strong></span> <span class='ocrx_word' id='word_1_298' title='bbox 453 3735 580 3778; x_wconf 88' lang='lat' dir='ltr'><strong>versum</strong></span> <span class='ocrx_word' id='word_1_299' title='bbox 602 3712 643 3777; x_wconf 90' lang='lat' dir='ltr'><strong>ab</strong></span> <span class='ocrx_word' id='word_1_300' title='bbox 660 3709 812 3776; x_wconf 88' lang='lat' dir='ltr'><strong>Romanis</strong></span> <span class='ocrx_word' id='word_1_301' title='bbox 834 3708 952 3774; x_wconf 94' lang='lat' dir='ltr'><strong>bellum</strong></span> <span class='ocrx_word' id='word_1_302' title='bbox 978 3715 1072 3785; x_wconf 62' lang='lat' dir='ltr'><strong>este</strong></span> 
     </span>
     <span class='ocr_line' id='line_1_38' title="bbox 72 3800 1039 3892; baseline -0.005 -22"><span class='ocrx_word' id='word_1_303' title='bbox 72 3814 182 3892; x_wconf 85' lang='lat' dir='ltr'><strong>stoque</strong></span> <span class='ocrx_word' id='word_1_304' title='bbox 208 3808 347 3872; x_wconf 85' lang='lat' dir='ltr'><strong>exercitu</strong></span> <span class='ocrx_word' id='word_1_305' title='bbox 364 3805 549 3873; x_wconf 85' lang='lat' dir='ltr'><strong>Hasdrubal</strong></span> <span class='ocrx_word' id='word_1_306' title='bbox 575 3806 736 3892; x_wconf 86' lang='lat' dir='ltr'><strong>ingressus</strong></span> <span class='ocrx_word' id='word_1_307' title='bbox 762 3825 874 3890; x_wconf 88' lang='lat' dir='ltr'><strong>agrum</strong></span> <span class='ocrx_word' id='word_1_308' title='bbox 899 3800 1039 3866; x_wconf 90' lang='lat' dir='ltr'><strong>hostium</strong></span> 
     </span>
     <span class='ocr_line' id='line_1_39' title="bbox 78 3895 1039 3988; baseline -0.004 -22"><span class='ocrx_word' id='word_1_309' title='bbox 78 3911 186 3988; x_wconf 83' lang='lat' dir='ltr'><strong>captae</strong></span> <span class='ocrx_word' id='word_1_310' title='bbox 199 3911 273 3966; x_wconf 92' lang='lat' dir='ltr'><strong>ante</strong></span> <span class='ocrx_word' id='word_1_311' title='bbox 286 3902 353 3967; x_wconf 89' lang='lat' dir='ltr'><strong>dies</strong></span> <span class='ocrx_word' id='word_1_312' title='bbox 370 3923 489 3987; x_wconf 90' lang='lat' dir='ltr'><strong>paucos</strong></span> <span class='ocrx_word' id='word_1_313' title='bbox 508 3899 595 3966; x_wconf 91' lang='lat' dir='ltr'><strong>urbis</strong></span> <span class='ocrx_word' id='word_1_314' title='bbox 613 3898 777 3965; x_wconf 91' lang='lat' dir='ltr'><strong>moenibus</strong></span> <span class='ocrx_word' id='word_1_315' title='bbox 794 3895 961 3974; x_wconf 88' lang='lat' dir='ltr'><strong>Chalbum,</strong></span> <span class='ocrx_word' id='word_1_316' title='bbox 980 3917 1039 3962; x_wconf 90' lang='lat' dir='ltr'><strong>no-</strong></span> 
     </span>
     <span class='ocr_line' id='line_1_40' title="bbox 72 3991 1039 4075; baseline -0.004 -14"><span class='ocrx_word' id='word_1_317' title='bbox 72 4016 101 4061; x_wconf 92' lang='lat' dir='ltr'><strong>m</strong></span> <span class='ocrx_word' id='word_1_318' title='bbox 117 3995 335 4063; x_wconf 83' lang='lat' dir='ltr'><strong>Tartesiorum</strong></span> <span class='ocrx_word' id='word_1_319' title='bbox 353 3997 480 4075; x_wconf 87' lang='lat' dir='ltr'><strong>ducem,</strong></span> <span class='ocrx_word' id='word_1_320' title='bbox 503 4018 576 4063; x_wconf 91' lang='lat' dir='ltr'><strong>cum</strong></span> <span class='ocrx_word' id='word_1_321' title='bbox 593 3993 698 4060; x_wconf 89' lang='lat' dir='ltr'><strong>valido</strong></span> <span class='ocrx_word' id='word_1_322' title='bbox 716 3992 856 4059; x_wconf 86' lang='lat' dir='ltr'><strong>exercitu</strong></span> <span class='ocrx_word' id='word_1_323' title='bbox 873 3991 984 4058; x_wconf 86' lang='lat' dir='ltr'><strong>castris</strong></span> <span class='ocrx_word' id='word_1_324' title='bbox 1002 4011 1039 4057; x_wconf 85' lang='lat' dir='ltr'><strong>se</strong></span> 
     </span>
    </p>
   </div>
   <div class='ocr_carea' id='block_1_4' title="bbox 0 0 1268 4530">
    <p class='ocr_par' dir='ltr' id='par_1_10' title="bbox 0 0 1268 4530">
     <span class='ocr_line' id='line_1_41' title="bbox 0 0 1268 4530; baseline 0 0"><span class='ocrx_word' id='word_1_325' title='bbox 0 0 1268 4530; x_wconf 95' lang='lat' dir='ltr'><strong> </strong></span> 
     </span>
    </p>
   </div>
  </div>
 </body>
</html>
