2528 4514
306 253 424 308 arnna
442 253 569 322 xxvrr,
590 253 670 308 9.10.
690 251 842 323 [acme]
1029 240 1095 306 335

81 421 193 498 aptum
209 410 297 477 urbis
316 411 478 497 augendae
496 431 593 475 causa
610 407 733 475 missos.
778 431 859 494 quae
876 408 966 474 liberi
982 432 1095 496 paren-

81 505 147 570 bus
167 504 331 583 deberent,
351 527 389 569 ea
405 504 476 568 illos
494 501 647 568 Romanis
665 502 793 581 debere,
812 503 840 567 si
856 503 921 567 ulla
936 503 1048 589 pietas,
1066 503 1095 568 si

81 600 216 664 remoria
234 598 379 682 antiquae
396 597 514 682 patriae
532 606 624 662 esset.
666 596 861 662 consulerent
877 597 974 684 igitur
991 597 1031 663 de
1047 597 1095 661 in-
1114 618 1147 666 12

81 715 167 781 egro:
195 715 269 757 nam
287 702 354 756 turn
371 692 499 776 quidem
516 712 597 775 quae
619 700 734 755 temere
753 691 937 778 agitassent,
964 712 1003 755 ea
1022 712 1095 777 pro-
1125 752 1128 756 ,

81 787 158 852 endi
176 786 289 872 imperi
305 786 455 863 Romani,
474 785 643 851 tradendae
656 784 830 850 Hannibali
847 785 995 851 victoriae
1013 808 1093 852 esse.

81 902 136 945 um
155 879 282 945 alternis
300 880 378 945 haec
402 879 547 944 consules
569 879 623 944 diu
644 879 826 956 iactassent,
853 879 932 945 nihil
954 879 1032 968 moti
1050 880 1095 944 le-
1114 901 1147 948 13

81 974 130 1053 ati
147 994 251 1057 neque
274 995 308 1039 se
330 973 415 1057 quod
437 974 566 1038 domurn
586 972 798 1037 renuntiarent
814 972 930 1039 habere
949 973 1094 1039 dixerunt

81 1089 165 1152 ,eque
184 1077 328 1132 senatum
347 1090 440 1132 suum
458 1067 533 1151 quid
549 1066 625 1131 novi
641 1065 831 1144 consuleret,
854 1066 910 1132 ubi
926 1087 985 1131 neo
1002 1069 1092 1133 miles

81 1161 123 1245 pri
144 1161 301 1247 legeretur
330 1183 389 1227 nec
414 1161 549 1247 pecunia
577 1181 658 1243 quae
684 1160 811 1226 daretur
838 1161 872 1225 in
903 1162 1093 1247 stipendium

82 1263 158 1320 sset.
202 1277 276 1320 curn
293 1253 466 1321 obstinatos
485 1277 539 1320 eos
557 1254 698 1319 viderent
715 1255 875 1333 consules,
901 1277 969 1321 rem
987 1257 1028 1322 ad
1045 1278 1094 1323 se·
1114 1276 1146 1322 14

81 1357 173 1414 atum
190 1347 381 1427 detulerunt,
408 1349 463 1415 ubi
485 1358 589 1413 tantus
612 1370 711 1434 pavor
732 1348 844 1413 animis
865 1348 1027 1416 bominum
1045 1360 1094 1416 est

81 1442 211 1519 rieotus,
239 1452 273 1506 ut
290 1451 406 1529 magna
427 1466 500 1529 pars
524 1451 628 1508 actum
645 1442 685 1507 de
706 1443 837 1528 imperio
855 1443 985 1510 diceretz
1010 1443 1095 1510 idem

81 1533 141 1600 lias
160 1535 298 1600 colonias
316 1536 467 1614 facturas,
485 1537 571 1602 idem
589 1535 706 1615 socios3
725 1536 923 1604 consensisse
939 1538 1041 1603 omnis
1054 1539 1095 1603 ad

81 1629 260 1694 rodendam
276 1629 450 1695 Hannibali
468 1630 579 1697 urbem
597 1630 784 1696 Romanam.

126 1724 173 1789 X.
209 1724 376 1790 'Consules
398 1726 514 1790 hortari
536 1735 567 1790 et
589 1725 745 1791 consolari
766 1736 910 1792 senatum
930 1735 961 1793 et
978 1727 1090 1804 dicere,
1112 1747 1126 1794 1

81 1815 141 1884 lias
159 1819 299 1884 colonias
317 1820 428 1885 infide
447 1829 540 1904 atque
563 1819 667 1886 officio
685 1821 816 1906 pristino
834 1821 916 1887 forez
944 1844 998 1887 eas
1016 1843 1095 1906 quo·

81 1932 125 1991 ue
150 1914 252 1999 ipsas,
280 1936 360 1998 quae
387 1915 492 1980 officio
518 1915 740 1994 decessissent,
768 1916 795 1981 si
816 1916 913 2002 legati
935 1915 1018 1982 circa
1039 1938 1093 1981 eas

81 2007 203 2073 nlonias
222 2009 383 2073 mittantur
400 2010 454 2092 qui
471 2010 638 2095 castigent,
657 2032 720 2075 non
737 2010 792 2093 qui
808 2019 988 2096 precentur,
1006 2032 1095 2076 vere-

81 2101 213 2166 undiam
229 2102 340 2187 imperi
358 2103 518 2168 habituras
536 2125 616 2168 esse.
659 2103 848 2188 permissum
866 2103 906 2169 ab
926 2113 1037 2169 senatu
1053 2105 1091 2168 iis
1112 2123 1127 2170 2

81 2204 253 2273 nutasset,
280 2196 420 2261 facerent
437 2207 627 2282 agerentque
649 2206 684 2259 ut
701 2217 719 2260 e
736 2195 913 2280 republica
934 2197 1104 2273 ducerent,

81 2290 279 2375 ortemptatis
305 2290 391 2375 prius
415 2291 545 2355 aliarum
572 2290 763 2354 coloniarum
786 2288 898 2354 animis
921 2290 1111 2357 citaverunt*

81 2393 148 2470 ngat
149 2407 185 2450 os
220 2385 501 2468 quaesiveruntque
519 2383 597 2449 ab”
576 2407 630 2461 ns,
648 2384 762 2468 ecquid
778 2384 892 2449 milites
905 2406 945 2449 ex
959 2383 1095 2451 formula

81 2486 189 2543 aratos
208 2476 369 2542 haberent.
413 2488 470 2564 pro
488 2477 705 2565 duodeviginti
726 2477 856 2543 coloniis
872 2477 921 2542 M.
940 2474 1092 2544 Sextilius
1111 2499 1128 2546 a

81 2564 271 2658 begellanus
288 2573 449 2657 respondit
467 2582 498 2638 et
518 2573 633 2638 milites
655 2581 780 2657 paratos
802 2592 842 2635 ex
859 2570 995 2636 formula
1012 2593 1111 2648 esse,

81 2665 264 2750 cpluribus
289 2663 345 2752 [si]
371 2688 450 2752 opus
478 2676 575 2743 esset,
606 2665 704 2751 pluris
730 2665 857 2729 daturos
884 2673 916 2729 et
941 2665 1128 2748 quidquid4

81 2752 175 2827 *liud
166 2769 335 2844 imperaret
353 2760 509 2843 velletque
529 2759 664 2844 populus
681 2759 858 2836 Romanus,
885 2757 977 2823 enixe
994 2757 1096 2823 factu-

81 2868 135 2916 ost
161 2853 203 2917 ad
220 2853 254 2916 id
272 2853 332 2917 sibi
347 2874 450 2936 neque
467 2874 543 2938 opes
561 2851 686 2929 deesse,
714 2852 854 2916 animum
875 2851 969 2917 etiam
987 2872 1096 2939 super-

81 2955 146 3010 !se.
177 2946 323 3011 consules
336 2968 448 3031 parum
461 2947 522 3011 sibi
534 2945 633 3011 videri
646 2946 777 3030 praefat
768 2970 779 3009 1
791 2967 848 3031 pro
862 2946 952 3010 merit
953 2967 972 3010 ο
985 2966 1094 3010 eorum
1113 2965 1129 3012 5

81 3052 128 3104 ua
141 3061 220 3106 voce
237 3039 417 3105 conlaudari
435 3062 503 3118 eos,
530 3040 591 3104 nisi
613 3041 751 3105 universi
772 3050 877 3125 patres
898 3040 937 3103 iis
958 3039 1096 3103 incuria

81 3133 183 3219 {latias
202 3135 355 3221 egissent,
375 3135 464 3217 sequi
481 3135 514 3198 in
532 3144 674 3200 senatum
693 3156 747 3198 eos
765 3134 932 3197 iusserunt.
967 3140 1094 3194 senatus
1114 3153 1129 3198 o

81 3238 162 3307 luam
177 3238 301 3314 poterat
317 3229 558 3295 honoratissimo
576 3230 701 3294 decreto
718 3227 882 3293 adlocutus
897 3246 950 3290 eos
965 3225 1095 3289 mandat

81 3322 264 3400 madibus,
282 3334 318 3386 ut
336 3323 376 3387 ad
392 3322 544 3408 populum
562 3345 616 3388 eos
634 3322 840 3407 producerent
857 3329 889 3384 et
905 3318 986 3383 inter
997 3317 1096 3382 multa

81 3410 128 3481 lia
143 3416 318 3502 praeclara,
336 3418 512 3503 quaeipsis
530 3416 761 3500 maioribusque
779 3413 844 3479 suis
857 3411 1095 3499 praestitissent,

81 3522 174 3578 mens
202 3511 298 3576 etiam
324 3512 469 3576 meritum
495 3533 602 3576 eorum
628 3511 755 3575 iurem
780 3507 939 3594 publicam
959 3528 1096 3573 comme-

81 3614 235 3671 burarent.
294 3627 335 3670 ne
360 3627 445 3670 nunc
470 3607 597 3690 quidem
622 3614 694 3690 post
719 3612 766 3668 tot
795 3602 922 3668 saecula
947 3600 1095 3667 sileantur
1115 3621 1128 3666 r

81 3696 292 3769 laudenturve
308 3702 401 3766 laude
419 3725 490 3767 sua:
518 3699 643 3787 Signini
660 3701 749 3764 suere
766 3708 797 3764 et
814 3697 953 3765 Norbani
972 3694 1096 3762 Saticu-

81 3799 190 3882 rniquc
205 3807 237 3861 et
245 3796 424 3882 Fregellani
437 3805 468 3861 et
476 3795 626 3861 Lucerini
640 3791 686 3880 [et
695 3790 863 3878 Venusini]
875 3802 906 3857 et
913 3789 1097 3856 Brundisini

81 3891 272 3960 tHadriani
291 3904 321 3956 et
338 3891 478 3955 Firmani
495 3899 526 3956 et
542 3889 775 3966 Ariminenses,
798 3898 829 3951 et
845 3886 886 3951 ab
903 3886 1000 3951 altero
1018 3884 1096 3948 mari
1115 3893 1131 3942 8

81 3985 215 4056 'ontiani
224 3996 257 4050 et
264 3984 414 4051 Paestani
424 3994 455 4050 et
464 3984 596 4062 Cosani,
615 3993 646 4049 et
659 3979 874 4047 mediterranei
882 3978 1096 4046 Beneventani
