2528 4530
322 270 439 326 LIBER
456 270 613 342 XXVIIII,
633 271 730 326 18.1e.
751 274 788 340 [a.
799 272 829 327 C.
839 272 903 342 204]
1064 261 1126 327 461

99 429 374 516 praebuissentque
392 429 590 494 occasionem
611 427 716 494 furore
740 451 798 493 suo
815 429 938 496 Locros
957 431 1126 517 recipiendi
1147 455 1177 500 11

99 522 283 602 Hannibali,
309 522 371 588 nisi
388 523 507 588 accitus
529 522 569 588 ab
586 522 678 588 nobis
698 521 806 608 Scipio
823 523 1051 592 intervenisset.
1096 536 1178 594 1111

96 617 221 684 hercule
238 617 353 682 milites
372 626 532 682 contactos
555 616 720 703 sacrilegio
742 618 831 683 furor
851 619 963 707 agitat,
989 621 1023 686 in
1041 620 1129 686 duci-

95 713 153 780 bus
170 713 250 800 ipsis
268 712 435 798 puniendis
453 712 574 776 nullum
596 713 672 776 deae
694 734 812 777 numen
833 715 986 802 apparuit
1030 716 1127 782 immo
1147 735 1179 785 11

94 808 139 873 ibi
158 828 311 894 praesens
334 807 471 872 maxime
493 806 566 871 fuit:
602 807 700 892 virgis
722 808 806 872 caesi
830 808 946 873 tribuni
963 809 1004 876 ab
1021 809 1127 896 legato

96 911 182 981 sunt3
205 901 329 989 legatus
347 896 461 965 deinde
474 900 595 965 insidiis
610 899 805 966 tribunorum
819 901 1019 987 interceptus,
1038 926 1129 988 prae-

96 1006 239 1080 terquam
260 993 347 1079 quod
369 1004 434 1058 toto
457 1015 586 1080 corpore
607 994 776 1073 laceratus,
803 1017 881 1060 naso
904 1017 1028 1080 quoque
1046 1000 1128 1063 auri-

96 1088 219 1174 busque
240 1088 356 1154 decisis
379 1088 548 1175 exsanguis
572 1099 620 1154 est
641 1089 782 1168 relictus;
808 1099 966 1155 recreatus
990 1090 1180 1161 (111111-14

95 1192 189 1270 gatus
208 1206 249 1249 ex
265 1181 447 1248 vulneribus
466 1182 608 1248 tribunos
626 1183 760 1248 militum
782 1183 815 1247 in
832 1183 936 1249 vincla
958 1184 1126 1263 coniectos,

96 1278 168 1343 dein
193 1277 375 1344 verberatos
406 1277 635 1361 servilibusque
665 1277 811 1343 omnibus
845 1278 1006 1364 suppliciis
1034 1280 1128 1344 truci·

97 1372 184 1438 datos
203 1372 372 1438 cruciando
389 1371 517 1449 occidit,
536 1382 676 1438 mortuos
695 1372 807 1437 deinde
820 1372 980 1458 prohibuit
993 1373 1126 1459 sepeliri.

99 1466 153 1533 bns
170 1467 231 1532 dea
248 1488 367 1552 poenas
384 1490 405 1531 a
421 1466 529 1552 templi
548 1466 598 1531 sui
615 1465 836 1552 spoliatoribus
854 1465 959 1543 habet,
977 1489 1036 1533 nec
1054 1476 1126 1533 ante
1146 1490 1177 1537 15

100 1561 218 1626 desinet
243 1560 390 1626 omnibus
417 1583 471 1626 ecs
498 1561 616 1647 agitare
643 1559 732 1625 furiis
759 1582 855 1644 quam
880 1561 1017 1646 reposita
1039 1585 1128 1628 sacra

101 1655 229 1739 pecunia
245 1655 279 1719 in
296 1655 452 1720 thesauris
470 1654 574 1720 fuerit.
601 1655 735 1720 maiores
753 1654 912 1739 quondam
925 1655 1024 1721 nostri
1036 1657 1127 1743 gravi
1147 1677 1178 1725 re

103 1746 352 1815 Crotoniensium
383 1748 484 1827 bello,
520 1749 594 1834 quia
624 1758 712 1813 extra
745 1747 856 1814 urbem
886 1749 1038 1835 templum
1068 1761 1126 1828 111,

100 1844 265 1910 transferre
281 1844 315 1908 in
332 1843 442 1910 urbem
461 1866 531 1909 eam
551 1844 719 1930 pecuniam
740 1843 915 1909 voluerunt.
958 1853 1054 1910 noctu
1072 1868 1128 1911 au-

99 1939 161 2004 dita
177 1960 218 2004 ex
235 1937 366 2004 delubro
382 1962 460 2017 vox,
479 1938 671 2004 abstinerent
684 1961 811 2006 manus:
830 1941 921 2006 deam
940 1963 999 2006 sua
1011 1940 1128 2027 templa

98 2032 308 2099 defensuram.
352 2033 426 2118 quia
451 2034 598 2098 movendi
629 2034 701 2099 inde
728 2035 914 2101 thensauros
944 2036 1054 2123 religio
1079 2037 1177 2103 in-17

98 2148 190 2194 cussa
217 2130 297 2205 era't,
333 2151 422 2194 muro
449 2128 635 2193 circumdari
661 2128 813 2214 templum
838 2129 1013 2194 voluerunt.
1071 2130 1127 2194 ali-

96 2232 249 2306 quantum
283 2221 347 2287 iam
381 2221 553 2287 altitudinis
589 2221 724 2287 excitata
759 2232 847 2287 erant
881 2224 1017 2299 moenia,
1054 2245 1127 2287 cum

97 2315 201 2382 subito
223 2315 372 2402 conlapsa
392 2317 484 2382 ruina
505 2326 587 2382 sunt.
636 2316 693 2381 sed
719 2326 750 2381 et
775 2336 858 2380 nunc
880 2325 912 2380 et
934 2336 1027 2400 saepe
1049 2315 1126 2381 alias
1147 2336 1178 2385 18

95 2410 155 2477 dea
172 2433 264 2476 suam
288 2410 395 2476 sedem
418 2433 573 2495 suumque
596 2410 748 2496 templum
770 2419 824 2474 aut
845 2417 945 2474 tutata
966 2418 1015 2475 est
1036 2418 1090 2473 aut
1107 2433 1127 2473 a

95 2504 300 2572 violatoribus
326 2505 436 2591 gravia
460 2505 584 2591 piacula
611 2505 729 2592 exegit:
765 2513 887 2570 nostras
913 2503 1042 2568 iniurias
1068 2524 1127 2569 nec

95 2608 201 2686 potest
225 2621 285 2665 nec
313 2600 414 2685 possit
443 2600 523 2665 alius
550 2599 659 2665 ulcisci
685 2620 780 2682 quam
809 2620 887 2676 vos,
923 2607 1027 2683 patres
1054 2617 1128 2662 con-

95 2695 219 2784 1111111
246 2695 365 2761 advos
387 2705 587 2779 vestramque
613 2694 708 2759 fidem
735 2693 892 2781 supplices
915 2691 1126 2780 confugimus.
1147 2713 1178 2762 19

94 2790 173 2857 nihil
190 2799 297 2855 nostra
314 2789 455 2868 interest,
474 2800 579 2854 utrum
598 2788 657 2855 sub
675 2788 728 2853 illo
746 2789 864 2874 legato,
889 2787 948 2854 sub
966 2787 1020 2853 illo
1036 2808 1128 2873 prae-

95 2885 178 2951 sidio
195 2884 317 2950 Locros
344 2907 414 2950 esse
441 2884 567 2962 sinatis,
593 2907 635 2949 an
660 2884 740 2949 irato
757 2882 931 2949 Hannibali
958 2892 989 2949 et
1010 2881 1128 2949 Poenis

94 2980 138 3048 ad
156 2979 345 3066 supplicium
363 2979 494 3046 dedatis.
530 3002 594 3045 non
611 2980 822 3066 postulamus,
845 2990 880 3045 ut
898 2979 1056 3065 extemplo
1073 3002 1129 3045 no-

94 3074 161 3154 bis,
196 3084 231 3139 ut
256 3074 296 3138 de
322 3074 466 3152 absente,
501 3085 537 3139 ut
561 3075 679 3141 indicta
706 3097 802 3141 causa
828 3073 976 3139 credatist
1012 3073 1126 3150 veniat,
1146 3093 1179 3140 20

94 3192 203 3237 coram
230 3169 298 3255 ipse
324 3170 445 3247 audiat,
484 3169 553 3255 ipse
579 3170 687 3234 diluat.
740 3169 769 3233 si
795 3168 963 3251 quicquam
990 3165 1126 3242 sceleris,

94 3263 184 3349 quod
200 3263 295 3329 homo
311 3263 345 3329 in
362 3262 504 3328 homines
522 3263 613 3328 edere
630 3271 748 3348 potest,
775 3261 809 3324 in
829 3282 888 3326 nos
909 3259 1127 3345 praetermisit,

95 3380 162 3425 non
178 3379 375 3436 recusamus,
401 3358 478 3442 quin
495 3366 526 3423 11
542 3379 601 3422 111
619 3355 724 3421 omnia
741 3354 851 3420 cadem
868 3354 996 3433 iterum,
1019 3354 1046 3419 si
1062 3353 1128 3439 pati

95 3476 283 3543 possumus,
300 3454 470 3540 patiamur,
488 3463 520 3519 11
537 3452 589 3518 ille
607 3451 693 3518 omni
711 3450 815 3516 divino
833 3448 1033 3532 humanoque
1050 3448 1128 3514 libe-

96 3559 184 3617 retur
201 3548 337 3615 scelere!

160 3642 312 3710 XVIIIL
338 3643 430 3709 Haec
448 3665 520 3709 curn
538 3642 579 3709 ab
596 3642 709 3729 legatis
723 3641 807 3708 dicta
820 3648 926 3707 essent
938 3640 1128 3724 quaesisset·
1147 3656 1159 3704 1

96 3761 160 3825 que
182 3728 224 3804 ab
246 3737 285 3802 iis
303 3737 344 3821 Q.
362 3737 497 3816 Fabius,
525 3736 749 3802 detulissentne
772 3758 826 3802 eas
848 3733 1003 3820 querellas
1026 3732 1067 3798 ad
1087 3731 1127 3798 P.

97 3832 299 3920 Scipionem,
322 3831 567 3920 responderunt,
590 3830 706 3898 missos
724 3831 847 3916 legatos
866 3851 952 3906 esse,
976 3827 1035 3894 sed
1055 3849 1128 3892 eum

96 3929 173 3995 belli
201 3938 355 4016 apparatu
382 3937 572 4015 occupatum
598 3949 670 3993 esse
696 3926 787 3993 etin
812 3925 958 3991 Africam
984 3935 1039 3989 aut
1063 3923 1128 3989 iam

95 4022 262 4092 1111111111
288 4033 342 4088 aut
367 4022 450 4088 intra
474 4043 593 4109 paucos
621 4022 688 4087 dies
715 4020 932 4097 traiecturum
970 4030 1002 4085 11
1029 4018 1162 4107 legatie
