2528 4514
211 215 254 282 14
452 229 569 286 utana
587 228 673 299 xxr,
692 228 791 285 17.18.
811 231 886 297 [au.
898 214 1009 317 atae]

212 387 346 473 equites:
383 409 480 451 naves
510 386 663 451 ducentae
688 386 800 473 viginti
828 386 1086 471 quinqueremes,
1125 388 1231 474 ‚celo

177 482 324 568 triginti
341 481 476 545 deducti.
513 481 611 545 latum
629 480 701 544 inde
720 481 760 544 ad
777 481 942 566 populum,
965 480 1086 546 vellent
1103 483 1152 547 iu
1166 515 1179 541 a
1198 516 1202 538 ⁴.
1224 479 1232 564 ’ἵ

211 575 326 660 populo
348 573 602 661 Carthaginiensi
624 572 741 638 bellum
763 574 872 652 indici,
901 574 1031 658 eiusque
1053 574 1133 641 belli
1157 610 1176 635 a
1189 574 1196 630 ἶ

213 668 399 755 supplicatio
416 690 473 753 per
495 668 605 732 urbem
629 667 736 733 habita
759 676 852 751 atque
875 669 995 733 adorati
1018 668 1079 748 dii,
1106 679 1143 735 ut
1173 702 1196 727 ιι

212 784 250 828 ac
271 762 403 827 feliciter
426 763 563 827 eveniret
586 762 671 846 quod
692 762 809 826 bellum
831 762 967 848 populus
989 762 1158 831 Romanus
1171 812 1174 817 -

213 858 315 922 sisset.
1222 855 1224 862 ’

178 976 193 1022 5
275 951 363 1016 Inter
395 949 539 1015 consules
565 951 610 1015 ita
635 950 744 1035 copiae
770 950 903 1015 divisae:
936 948 1127 1037 Sempronio
1159 971 1218 1028 ιη

210 1046 351 1133 legiones
375 1044 456 1110 duae
474 1083 515 1093 -—
536 1066 573 1109 ea
596 1055 748 1128 quaterna
765 1045 851 1109 milia
869 1054 956 1110 erant
973 1046 1118 1132 pediturn
1135 1057 1166 1113 et
1188 1062 1212 1106 ,3

211 1141 280 1205 ceni
294 1140 414 1225 equites
424 1176 465 1188 ·-
475 1147 507 1204 et
520 1139 675 1204 sociorum
690 1139 826 1203 sedecim
840 1139 925 1205 milia
943 1140 1103 1225 peditum,
1122 1163 1159 1226 sq
1168 1172 1199 1199 a,

210 1234 296 1298 mille
314 1233 499 1320 octingenti,
524 1255 621 1298 naves
640 1233 753 1319 longae
771 1242 897 1297 centum
916 1235 1098 1321 sexaginta,
1121 1236 1199 1303 cela

178 1328 386 1398 eduodecim.
428 1348 500 1392 cum
522 1326 571 1392 his
595 1326 792 1392 terrestribus
816 1327 1042 1413 maritimisque
1066 1331 1165 1415 copiis
1202 1355 1207 1386 t

212 1421 418 1507 Sempronius
436 1420 552 1486 missus
571 1421 605 1484 in
624 1417 780 1497 Siciliam,
802 1421 846 1485 ita
863 1421 897 1484 in
915 1420 1061 1488 Africam
1079 1421 1213 1505 armas

211 1537 318 1592 surus,
348 1514 375 1579 si
397 1513 439 1578 ad
460 1513 629 1579 arcendum
646 1513 739 1578 Italia
760 1513 903 1579 Poenum
930 1517 1041 1580 consul
1062 1517 1143 1584 alter
1168 1553 1179 1576 ε
1192 1553 1194 1564 =

177 1630 191 1679 t
210 1619 303 1676 esset.
341 1607 488 1677 Cornelio
506 1608 609 1674 minus
629 1609 789 1695 copiarum
807 1608 930 1686 datum,
949 1610 1024 1693 quia
1040 1610 1084 1682 L.
1099 1610 1149 1677 Mt
1165 1646 1170 1669 t
1209 1627 1212 1634 ³

209 1713 334 1790 praetor
360 1712 391 1768 et
415 1703 485 1789 ipse
508 1724 580 1768 cum
602 1703 689 1768 haud
710 1703 847 1768 invalido
870 1704 1027 1789 praesidio
1049 1705 1084 1771 in
1142 1738 1157 1762 τ.
1173 1706 1184 1763 1'

176 1819 191 1866 8
209 1797 404 1875 mittebatur3
422 1797 551 1863 navium
565 1797 701 1863 maxime
716 1796 863 1863 Cornelio
876 1821 1027 1864 numerus
1042 1800 1162 1866 demin
1177 1832 1199 1857 a

211 1892 374 1978 sexaginta
396 1891 637 1975 quinqueremes
661 1893 752 1957 datae
770 1930 813 1940 —
830 1914 933 1977 neque
955 1893 1039 1958 enim
1062 1896 1143 1961 mari
1172 1927 1194 1952 w

210 1994 314 2050 turum
337 1995 392 2050 aut
414 2007 452 2051 ea
473 1996 561 2071 parte
583 1986 658 2051 belli
681 1986 900 2051 dimicaturum
923 1987 1049 2052 hostem
1071 1990 1207 2055 arado

209 2087 301 2144 —et
323 2079 404 2145 duae
422 2079 584 2146 Romanae
608 2081 748 2168 legiones
772 2103 844 2145 cum
868 2104 925 2146 suo
947 2082 1032 2147 iusto
1051 2084 1187 2167 equitatu
1206 2087 1215 2135 f

208 2177 455 2258 quattuordecim
478 2176 604 2242 milibus
627 2177 781 2241 sociorum
799 2177 954 2261 peditum,
978 2178 1137 2261 equitibus
1162 2210 1176 2236 a
1200 2189 1224 2232 t

175 2291 189 2337 9
210 2273 375 2338 sexcentis.
412 2273 490 2339 duas
513 2272 653 2360 legiones
672 2273 832 2338 Romanas
855 2282 886 2337 et
908 2273 1017 2337 decem
1035 2273 1124 2341 milia
1146 2301 1227 2332 ...w

207 2388 278 2430 rum
303 2367 458 2453 peditum,
485 2367 570 2433 mille
598 2367 718 2451 equites
743 2367 859 2445 socios,
888 2374 1054 2433 sexcentos
1077 2367 1171 2434 Rom
1185 2398 1230 2449 o¹

209 2458 314 2526 Gallia
335 2462 496 2548 provincia
519 2462 630 2527 eodem
655 2458 757 2546 [dein]
780 2484 872 2526 versa
894 2461 927 2525 in
945 2459 1104 2526 Punicum
1122 2462 1156 2529 b·
1188 2487 1229 2515 ω-

207 2555 327 2620 habuit.
1225 2565 1226 2568 ’

174 2669 188 2715 1
272 2647 403 2713 XVIII.
440 2648 502 2713 His
525 2648 569 2711 ita
593 2647 783 2732 conparatis,
808 2657 843 2712 ut
861 2649 965 2713 omnia
982 2648 1065 2714 iusta
1084 2659 1156 2717 ante
1179 2681 1202 2707 ιι
1219 2687 1229 2729 ,2

207 2743 274 2806 lum
291 2742 414 2819 fierent,
433 2742 553 2828 legatos
573 2743 705 2808 maiores
724 2753 800 2808 natu
815 2743 855 2826 Q.
871 2743 1019 2821 Fabium,
1039 2743 1087 2809 M.
1097 2744 1171 2810 Livi
1198 2778 1228 2814 ct

207 2836 249 2900 L.
276 2833 464 2912 Aemilium,
499 2834 537 2899 C.
564 2836 739 2915 LicinIum,
769 2837 809 2920 Q.
831 2836 1001 2915 Baebium,
1034 2837 1068 2902 in
1095 2837 1227 2923 African.

174 2951 188 2996 2
208 2929 335 2993 mittunt
353 2929 393 2993 ad
406 2932 655 3014 percunctandos
671 2931 963 3018 Carthaginienses,
981 2930 1151 3017 publicone
1164 2955 1205 2999 co
1227 2984 1231 2995 .

208 3022 278 3088 silio
304 3022 467 3088 Hannibal
495 3022 674 3112 Saguntum
702 3035 928 3112 oppugnasset,
961 3033 1006 3102 et,
1040 3027 1069 3091 si
1093 3028 1129 3093 id
1153 3022 1240 3113 quod

207 3118 321 3183 facturi
343 3117 530 3184 videbantur
552 3121 726 3186 faterentur
742 3143 779 3186 ac
798 3120 1002 3185 defenderent
1018 3122 1147 3206 publico
1164 3127 1241 3189 com-⁷

208 3213 277 3279 silio
294 3213 429 3293 factum,
452 3224 488 3279 ut
504 3214 677 3280 indicerent
695 3215 812 3302 populo
832 3215 1088 3302 Carthaginiensi
1111 3218 1242 3289 bellun.

173 3307 341 3373 3Romani
368 3318 537 3394 postquam
561 3309 784 3396 Carthaginem
811 3319 977 3387 venerunt,
1011 3333 1083 3375 curn
1111 3314 1243 3378 senatut‘'

207 3401 298 3466 datus
321 3411 405 3467 esset
428 3412 459 3468 et
481 3403 522 3487 Q.
546 3403 665 3470 Fabius
692 3404 770 3468 nihil
797 3403 878 3468 ultra
904 3425 999 3488 quam
1027 3428 1128 3471 unum
1153 3398 1224 3490 quod

206 3497 389 3563 mandatum
407 3507 474 3563 erat
490 3509 712 3584 percunctatus
731 3507 828 3575 esset,
852 3508 919 3562 tum
938 3521 977 3563 ex
996 3498 1225 3588 Carthaginien·

171 3591 293 3657 ssibus
315 3615 413 3659 unus:
443 3599 607 3679 ‘praeceps
629 3602 747 3668 vestra,
774 3591 924 3670 Romani,
953 3602 984 3657 et
1009 3595 1096 3678 prior
1121 3590 1236 3681 legatio-

205 3685 278 3764 fuit,
307 3710 379 3751 cum
400 3685 615 3752 Hannibalem
637 3695 797 3770 tamquam
819 3709 877 3751 suo
900 3686 1030 3752 consilio
1055 3685 1226 3776 Sagrmtum

207 3790 441 3868 oppugnantem
466 3779 699 3868 deposcebatis,
728 3790 866 3845 ceterum
890 3781 969 3846 haec
989 3779 1107 3867 legatio
1131 3780 1227 3848 verbis

172 3890 187 3940 5
206 3873 309 3939 adhuc
325 3875 424 3942 lenior
441 3886 504 3955 est,
527 3899 561 3941 re
579 3876 727 3962 asperior.
763 3884 838 3940 tunc
856 3875 939 3940 enim
957 3874 1122 3942 Hannibal
1141 3887 1173 3942 et
1187 3875 1230 3940 ia-

207 3965 412 4035 simulabatur
434 3979 466 4036 et
486 3970 724 4057 depascebatur,
751 3991 836 4036 nunc
858 3969 898 4034 ab
916 3968 1007 4035 nobis
1027 3979 1059 4037 et
1077 3969 1231 4038 confessio
1255 3956 1258 3985 ³
