2528 4514
141 279 185 347 20
385 287 608 359 1111111111,
626 286 724 343 aaa.
742 260 963 356 [1111111

139 470 374 537 processurum,
401 456 437 511 ut
458 468 499 511 ex
519 445 693 533 propinquo
717 466 907 531 congressus
929 442 1060 510 facilior
1082 468 1092 510 ε

106 566 215 614 4111111
232 551 263 607 et
280 549 481 627 accepturum
500 562 555 605 eos
572 541 606 604 in
619 549 723 604 castra
736 562 795 604 sua
809 560 842 604 se
856 539 989 616 laetum,
1009 562 1092 604 nect

140 646 244 704 tanter
269 657 304 701 se
328 635 435 720 ipsum
461 635 503 698 ad
528 656 583 699 eos
615 643 790 697 venturum.
833 632 994 718 hospitem
1029 635 1092 698 11111

142 727 279 808 Galliae,
307 751 372 794 non
391 729 515 794 bostem
537 727 717 804 advenisse,
741 748 799 791 neo
817 727 1001 792 stricturum
1020 739 1092 793 ante

107 846 124 894 1
141 825 242 902 dium,
266 825 295 890 si
311 845 369 909 per
387 821 498 889 Gallos
515 823 623 901 liceat,
646 844 742 906 quam
759 822 793 886 in
810 820 936 885 Italiam
954 823 1092 888 venisset

140 941 198 1005 per
213 919 340 983 nuntios
358 917 486 1002 quidem
503 917 592 982 haec.
618 926 655 981 ut
672 938 745 981 vero
763 915 865 1002 regni
879 912 1050 981 Gallorum
1068 939 1092 982 o

141 1013 184 1080 ad
200 1012 357 1078 Iliberrim
378 1011 536 1098 extemplo
558 1010 651 1076 motis
674 1009 760 1075 haud
781 1019 950 1098 gravanter
972 1011 1017 1075 ad
1034 1011 1092 1076 Pot

140 1115 308 1184 venerunt,
332 1107 416 1191 capti
433 1106 524 1170 donis
543 1127 616 1169 cum
633 1105 718 1170 bona
734 1125 812 1191 pace
830 1104 1006 1170 exercitum
1029 1129 1087 1191 per

142 1223 217 1268 suos
234 1210 359 1287 praeter
374 1201 590 1266 Ruscinonem
608 1201 759 1286 oppidum
776 1200 1030 1264 transmiserunt.

107 1317 122 1363 1
205 1294 322 1360 XXV.
366 1295 407 1358 In
423 1294 548 1359 Italiam
569 1294 693 1358 interim
710 1293 789 1357 nibil
805 1293 1003 1377 ultraquam
1022 1294 1092 1360 Hib

140 1390 292 1455 transisse
305 1388 518 1454 Hannibalem
533 1413 553 1454 a
565 1387 815 1453 Massiliensium
828 1387 941 1474 legatis
955 1388 1092 1455 Romam

108 1484 241 1550 alatum
260 1494 339 1561 erat,
364 1505 437 1548 oum
454 1485 583 1569 perinde
601 1506 639 1549 ac
657 1483 685 1548 si
701 1481 795 1569 Alpis
813 1483 878 1547 iam
901 1484 1083 1563 transisset,

142 1578 316 1644 sollicitatis
333 1576 522 1644 Insubribus
544 1577 740 1655 defecerunt,
766 1586 825 1642 nec
846 1588 912 1642 tam
934 1577 976 1642 ob
1000 1589 1092 1644 veten

140 1672 294 1758 populum
311 1671 491 1736 Romanum
514 1673 576 1736 1111
599 1693 696 1755 quam
717 1671 803 1754 quod
824 1693 925 1756 nuper
947 1672 1033 1737 circa
1053 1672 1092 1737 Pa

140 1765 337 1830 Placentiam
364 1763 617 1850 Cremonamque
649 1765 787 1830 colonias
818 1764 852 1828 in
877 1788 991 1851 agrum
1020 1764 1092 1832 Gall

108 1881 124 1928 3
142 1858 293 1923 deductas
311 1880 405 1944 aegre
421 1859 629 1945 patiebantur.
659 1859 766 1942 itaque
783 1858 878 1923 armis
897 1870 1027 1944 repente
1046 1883 1092 1924 arr

141 1953 176 2015 in
197 1973 270 2016 eum
290 1953 397 2036 ipsum
418 1975 530 2038 agrum
546 1953 668 2039 impetu
685 1952 770 2018 facto
787 1961 910 2017 tantum
927 1954 1055 2019 terroris
1073 1977 1092 2019 a

141 2045 260 2108 multus
278 2045 433 2123 fecerunt,
451 2057 568 2111 utnon
585 2047 717 2134 agrestis
735 2047 829 2111 modo
843 2047 1028 2126 multitudo,
1047 2048 1092 2113 111

142 2140 296 2203 triumviri
312 2139 464 2217 Romani,
492 2141 547 2222 qui
569 2142 610 2204 ad
631 2163 743 2226 agrum
766 2150 915 2204 venerant
933 2141 1092 2228 adsignan

142 2233 240 2298 diffisi
255 2233 437 2298 Placentiae
459 2234 624 2299 moenibus
646 2234 805 2298 Mutinam
828 2234 1030 2320 confugerint
1052 2235 1090 2301 O.

107 2352 124 2396 1
142 2329 251 2406 tatius,
271 2327 310 2393 C.
330 2326 498 2406 Servilius,
516 2327 565 2392 M.
580 2327 716 2392 Annius.
753 2329 865 2393 Lutati
881 2351 1000 2394 nomen
1016 2330 1092 2395 baud

142 2423 230 2489 bium
247 2433 309 2501 est,
328 2445 385 2508 pro
397 2422 505 2487 Annio
522 2421 719 2506 Servilioque
733 2423 780 2487 M.
791 2422 932 2488 Acilium
952 2434 984 2489 11
999 2425 1038 2491 C.
1054 2425 1092 2490 Ηι

140 2519 229 2582 nium
250 2517 368 2582 habent
388 2518 518 2600 quidam
541 2516 683 2592 annales,
711 2517 764 2580 alii
780 2516 819 2581 P.
839 2515 1026 2584 Cornelium
1043 2519 1092 2584 As

108 2634 124 2678 5
142 2621 174 2676 et
192 2610 231 2676 C.
249 2610 413 2695 Papirium
430 2611 609 2676 Masonem.
648 2611 682 2673 id
699 2632 825 2694 quoque
842 2610 976 2675 dubium
995 2623 1059 2691 est,
1081 2612 1091 2676 l

143 2703 185 2768 ad
201 2703 465 2788 expostulandum
481 2704 572 2769 missi
589 2703 631 2768 ad
643 2703 741 2768 Boios
756 2704 863 2769 violati
881 2703 945 2769 sint
963 2731 1006 2772 an
1023 2709 1092 2772 intr

142 2798 227 2863 viros
246 2821 357 2884 agrum
375 2799 520 2864 metantis
538 2799 673 2883 impetus
693 2799 734 2862 sit
751 2798 864 2863 factus.

110 2914 125 2960 6
206 2892 351 2957 Mutinae
368 2917 440 2958 cum
457 2893 677 2959 obsiderentur
693 2904 725 2956 ct
742 2916 821 2980 gens
837 2896 878 2959 ad
892 2897 1092 2983 oppugnandt

143 2986 268 3051 urbium
291 2997 373 3053 artes
395 2989 497 3064 rudis,
524 2987 694 3073 pigerrima
715 2989 826 3052 eadem
848 2990 890 3052 ad
906 2989 1092 3074 militariaoj

143 3082 249 3166 segnis
267 3081 391 3146 intactis
409 3082 569 3146 adsideret
586 3080 698 3158 muris,
717 3082 857 3146 simulari
875 3093 1025 3168 coeptum
1043 3085 1081 3150 de

109 3194 123 3240 1
142 3175 210 3263 agi,
233 3175 416 3260 evocatique
439 3175 480 3240 ab
499 3172 666 3240 Gallorum
682 3175 877 3260 principibus
895 3176 995 3264 legati
1013 3178 1055 3242 ad
1071 3199 1092 3242 o

142 3269 251 3352 quium
272 3293 335 3334 non
357 3270 536 3335 contraius
559 3269 654 3333 modo
676 3271 832 3355 gentium,
862 3272 919 3335 sed
936 3272 1056 3338 violata
1073 3291 1092 3337 et

142 3383 223 3445 quae
245 3362 319 3427 data
339 3363 374 3427 in
394 3364 428 3427 id
449 3373 574 3449 tempus
596 3373 677 3440 erat,
703 3363 765 3428 fide
788 3365 1092 3450 conprehendantur,

141 3457 290 3542 gantibus
309 3454 425 3535 Gallis,
448 3456 511 3522 nisi
533 3457 659 3522 obsides
679 3456 741 3521 sibi
757 3458 971 3537 redderentur,
997 3460 1092 3527 eosd

108 3570 244 3618 asunos.
284 3574 358 3617 cum
382 3551 461 3616 baec
487 3551 665 3637 delegatis
691 3552 834 3617 nuntiata
859 3565 968 3619 1111111
995 3567 1028 3620 11
1053 3553 1092 3619 M*

141 3648 395 3732 praesidiumque
415 3647 450 3710 in
470 3646 609 3732 periculo
633 3656 730 3724 esset,
756 3647 799 3712 L.
816 3647 960 3714 Manlius
983 3659 1092 3737 praeto

110 3761 126 3808 1
143 3765 295 3808 accensus
313 3739 450 3807 effusum
467 3763 584 3828 agmen
600 3741 642 3806 ad
658 3740 817 3808 blutinam
839 3745 937 3809 ducit.
982 3745 1082 3810 silvae

143 3836 226 3901 cirea
246 3839 331 3902 viam
353 3846 440 3902 erant
460 3835 618 3922 plerisque
642 3836 779 3904 incultis.
818 3839 865 3905 ibi
887 3839 1090 3925 inexplorato

142 3926 245 3995 fectus
261 3933 297 3996 in
311 3933 441 3999 insidias
457 3931 694 4018 praecipitatus,
717 3933 879 4020 multaque
897 3955 971 3999 cum
990 3937 1088 4002 caede

93 4040 127 4093 10
142 4044 214 4088 rum
230 4047 323 4112 aegre
341 4027 375 4091 in
391 4038 517 4113 apertos
535 4049 665 4113 campos
683 4029 819 4094 emersit.
849 4027 896 4094 ibi
913 4039 1022 4096 castra
1039 4053 1092 4097 con
