2528 4514
149 249 214 316 242
393 257 512 315 LIBER
530 256 629 327 XXV,
647 255 690 312 33.
703 252 746 311 34.
766 257 842 326 [aa.
852 252 952 325 affl]

95 444 129 495 14
145 422 251 499 batur,
289 441 352 484 non
378 428 501 506 posset,
538 413 662 482 occasio
690 412 917 500 quaerebatur3
953 433 1049 498 quam
1071 439 1092 485 t

145 514 313 602 uansfuga
328 512 493 590 nuntians,
522 511 606 576 diem
623 509 741 576 festum
758 507 886 574 Dianae
902 529 962 595 per
978 507 1092 579 triduu

145 622 192 690 et,
218 609 292 694 quia
310 607 372 673 alia
388 607 423 672 in
440 604 605 673 obsidione
622 605 740 684 desint,
767 603 842 669 vino
863 602 985 691 largius
1009 605 1092 691 epula

143 703 259 771 lebran'
285 712 317 769 et
341 700 383 768 ab
404 701 550 788 Epicyde
575 698 718 786 praebito
748 697 917 765 universae
942 696 1046 785 plebei
1074 727 1092 771 e

95 822 127 869 15
146 797 246 864 tribus
264 820 284 863 a
301 794 496 883 principibus
515 794 628 859 diviso.
655 793 690 858 id
706 791 762 859 ubi
779 788 1089 880 accepitMarcellus

145 892 255 980 paucis
278 889 474 957 tribunorum
496 889 630 954 militum
654 887 838 954 conlocutus
862 886 1032 974 electisque
1051 912 1092 976 pa

145 986 188 1054 ad
208 1008 276 1053 rem
297 994 418 1051 tantm
440 983 597 1071 agendam
618 982 861 1068 audendamque
886 982 1008 1049 idoneis
1029 992 1092 1049 sens

145 1080 239 1148 nibus
259 1079 475 1164 militibusque
493 1087 524 1144 et
542 1077 636 1144 scalis
653 1077 687 1141 in
704 1077 827 1143 occulto
845 1075 1044 1163 comparatis,
1061 1072 1092 1142 cs

145 1176 272 1264 signum
289 1173 358 1241 dari
377 1172 481 1251 iubet,
508 1182 544 1238 ut
566 1180 687 1238 mature
710 1192 842 1259 corpora
863 1180 1007 1238 curarent
1022 1166 1092 1256 qast

93 1292 127 1341 rs
144 1270 269 1336 darentr
291 1277 384 1335 noete
400 1267 434 1334 in
452 1266 684 1354 expeditionem
702 1266 845 1333 eundum
863 1287 946 1333 esse.
989 1258 1092 1332 indsul

145 1364 294 1454 temporis
320 1363 440 1443 visum,
476 1384 540 1448 quo
567 1358 638 1450 [ds]
666 1361 718 1427 dis
744 1360 879 1449 epulatis
905 1361 970 1428 iam
994 1359 1048 1427 vini
1065 1374 1092 1421 n

143 1457 395 1547 principiumque
413 1456 516 1522 somni
533 1465 627 1535 esset,
647 1454 731 1543 signi
747 1454 841 1522 unius
856 1455 973 1522 milites
985 1453 1092 1521 sensae

143 1553 251 1633 iussit,
278 1553 369 1620 etad
384 1551 471 1617 mille
488 1549 555 1617 fere
572 1551 685 1618 armati
702 1549 790 1617 tenui
806 1551 934 1638 agmine
950 1572 1006 1638 per
1020 1538 1092 1615 situl

95 1671 125 1718 ιτ
144 1670 183 1715 eo
201 1646 338 1714 deducti.
382 1643 439 1711 ubi
457 1645 525 1710 sine
544 1644 677 1731 strepitu
694 1666 732 1711 ac
749 1644 889 1710 tumultu
905 1644 999 1732 primi
1014 1652 1092 1708 eruo

143 1742 178 1809 in
194 1764 336 1819 murum,
356 1741 458 1807 secuti
475 1740 585 1807 ordina
602 1740 670 1819 alii,
689 1761 762 1806 cum
775 1740 917 1828 priorum
929 1722 1092 1807 aundtd

144 1837 239 1903 etiam
257 1835 398 1900 animum
416 1834 543 1901 faceret.

111 1954 125 2000 1
209 1926 365 1993 XXIIIL
400 1927 569 1994 Iammille
583 1938 775 1996 armatorum
794 1939 944 2018 ceperant
959 1930 1092 2016 partem!

144 2031 267 2089 ceterae
275 2022 420 2088 admotae
431 2019 521 2111 [sunt
529 2020 669 2111 copiae],
682 2022 889 2110 pluribusque
904 2024 997 2092 scalis
1009 2023 1092 2089 unm

110 2136 126 2187 2
144 2115 320 2184 evadebant
338 2117 430 2205 signo
447 2115 488 2184 ab
506 2117 663 2206 hexapylo
681 2119 770 2199 dato,
797 2140 860 2205 quo
877 2142 936 2207 per
953 2119 1092 2208 ingessu*

143 2209 310 2278 litudinem
337 2223 403 2278 erat
428 2222 629 2299 perventum,
657 2214 732 2298 quia
754 2237 871 2302 magna
891 2237 967 2301 pars
989 2192 1092 2280 insani

144 2305 261 2395 epulati
286 2315 341 2372 aut
369 2306 463 2394 sopiti
488 2307 562 2373 vino
593 2317 682 2374 erant
712 2317 768 2374 aut
795 2308 989 2396 semigraves
1017 2292 1092 2395 post*

142 2422 263 2488 paucos
290 2411 396 2467 tamen
423 2423 533 2468 eorum
558 2399 736 2490 in[proviso
753 2401 937 2489 op]pressos
964 2404 997 2469 in
1020 2380 1092 2497 culss

109 2494 376 2563 sinterfecerunt.
420 2518 518 2583 prope
536 2494 716 2584 hexapylon
733 2507 781 2563 est
803 2497 929 2584 portula
950 2496 1092 2586 magnstt¹

73 2660 76 2665 ,
142 2588 239 2678 fringi
255 2599 382 2678 coepta3
405 2599 436 2655 et
450 2612 467 2655 e
481 2612 572 2655 muro
586 2612 626 2656 ex
639 2591 814 2677 composito
832 2590 910 2658 tuba
928 2592 1030 2659 datum
1043 2580 1092 2669 fl!

143 2692 210 2749 erat
227 2692 258 2750 et
273 2682 338 2749 iam
355 2683 496 2769 undique
518 2707 583 2750 non
605 2684 728 2765 furtim,
756 2686 814 2752 sed
836 2687 868 2752 vi
889 2697 997 2774 aperte
1011 2670 1092 2774 geroli

107 2797 203 2843 sues.
248 2777 365 2864 quippe
391 2777 432 2843 ad
458 2777 627 2865 Epipolas,
659 2778 856 2864 frequentem
884 2780 1031 2848 custodiis
1050 2772 1092 2839 ¹⁰⁰¹

142 2879 329 2957 perventum
347 2881 413 2936 erat
432 2873 631 2958 terrendique
649 2873 752 2960 magis
769 2875 877 2940 hostes
900 2885 990 2942 erant
1007 2850 1092 2961 quenl

109 2984 124 3032 5
141 2963 240 3042 leudi,
259 2963 340 3030 siem
357 2965 456 3031 territi
473 2976 556 3032 sunt.
600 2990 675 3033 nam
693 2968 786 3032 simul
804 2990 842 3035 ac
859 2968 1008 3036 tubarum
1023 2966 1092 3057 esttl¹

143 3067 194 3124 tus
217 3067 327 3125 cantus
351 3059 531 3145 clamorque
554 3061 727 3127 tenentium
748 3085 855 3129 muros
877 3042 1092 3150 partemquetl

142 3152 248 3219 omnia
264 3152 364 3219 teneri
381 3155 529 3221 custodes
547 3155 607 3221 rati
624 3156 678 3221 alii
694 3178 752 3243 per
768 3178 895 3222 murum
912 3158 1036 3247 fugere,
1049 3142 1092 3219 fi!

108 3246 199 3317 slire
218 3247 265 3313 'de
291 3270 381 3316 muro
407 3249 668 3337 praecipitarique
695 3249 787 3316 turba
812 3253 1006 3338 paventium.
1053 3256 1092 3323 m!

140 3364 215 3428 pars
240 3351 347 3409 tamen
371 3342 483 3432 ignara
509 3344 588 3411 tanti
612 3344 688 3412 mali
714 3356 781 3411 erat
807 3357 839 3411 et
864 3348 1005 3433 gravatis
1030 3328 1092 3443 sind

141 3435 215 3502 vino
242 3459 415 3524 somnoque
441 3449 474 3506 et
499 3438 532 3504 in
558 3449 667 3506 vastae
692 3439 921 3526 magnitudinis
943 3441 1020 3509 urbe
1038 3438 1092 3526 put

108 3551 122 3597 7
142 3552 238 3596 sensu
254 3554 319 3598 non
337 3531 413 3598 satis
430 3531 605 3620 pertinente
627 3533 661 3598 in
683 3534 798 3600 omnia.
845 3533 904 3601 sub
927 3535 999 3602 luce
1019 3535 1092 3612 hen}

141 3625 271 3692 effracto
287 3624 460 3693 Marcellus
483 3627 630 3694 omnibus
653 3628 753 3715 copiis
775 3631 887 3696 urbem
908 3629 1092 3718 ingressuss

141 3719 219 3784 tavit
237 3720 453 3807 convertitque
475 3743 585 3788 omnes
604 3721 650 3788 sad
673 3746 759 3792 arma
781 3723 935 3811 capienda
950 3736 1090 3811 opemque

106 3833 123 3881 a
141 3835 237 3898 quam
253 3824 397 3900 possent,
424 3813 488 3882 iam
506 3825 615 3904 captae
632 3839 731 3904 prope
748 3816 821 3883 urbi
842 3817 1014 3885 ferendam.
1050 3810 1092 3897 spi

141 3905 198 3970 des
216 3905 257 3973 ab
274 3906 391 3988 insula,
417 3931 513 3994 quam
534 3909 596 3999 ipsi
612 3909 723 3978 Nason
744 3920 872 3990 vocant,
900 3911 994 3979 citato
1012 3907 1092 4001 profu

74 4079 78 4086 ⁴
141 3999 281 4086 agmine,
316 4000 403 4068 haud
434 4003 564 4086 dubius,
600 4005 677 4093 quin
706 4028 824 4094 paucos
855 4029 914 4095 per
942 4006 1092 4095 neglegenl
