2528 4514
262 227 379 283 mama
397 228 554 300 xxvuu,
573 229 596 285 1.
611 231 636 283 a.
656 229 809 302 [acam]
835 248 857 269 2·
987 220 1052 287 443

95 385 182 452 laris
200 384 308 463 modo,
328 386 385 451 sed
402 383 584 452 Ausetanos
602 408 742 472 quoquo,
760 387 896 455 vicinam
912 400 1050 477 gentem,

95 482 157 546 itat
176 490 208 545 ct
225 480 303 546 alios
320 479 469 546 finitimos
488 480 549 546 sibi
565 491 660 566 atque
677 482 739 549 illis
756 483 900 569 populos.
944 484 1050 570 itaque
1067 506 1101 555 no

112 597 238 661 paucos
256 574 324 639 dies
343 574 470 661 triginta
492 575 578 641 milia
598 576 755 662 peditum,
782 586 930 661 quattuor
950 578 1050 645 ferme

95 693 161 734 :um
188 670 222 733 in
244 665 439 736 Sedetanum
464 693 590 756 agrum,
617 692 680 754 quo
707 671 845 737 edictum
871 682 950 751 erat,
977 695 1052 740 con·

95 774 185 829 runt.

95 858 126 923 1.
175 855 311 928 Romani
337 878 462 941 quoque
486 857 689 943 imperatores
711 858 757 947 L.¹
775 859 933 925 Lentulus
956 871 988 925 et
1009 861 1051 927 L.
1071 883 1083 929 1

95 953 160 1018 lius
180 950 350 1029 Acidinus,
368 973 409 1018 ne
426 951 573 1038 glisceret
589 953 691 1039 primo
709 952 905 1040 neglegendo
923 953 1050 1033 bellum,

95 1047 132 1112 {is
157 1055 190 1111 et
211 1045 274 1133 ipsi
295 1045 483 1112 exercitibus
505 1068 563 1133 per
583 1070 694 1133 agrum
712 1046 911 1113 Ausetanum
928 1047 1050 1115 hostico
1070 1072 1085 1120 2

95 1163 185 1226 [uam
206 1149 318 1226 pacato
336 1142 506 1207 clementer
522 1141 624 1207 ductis
642 1141 793 1208 militibus
811 1142 852 1206 ad
870 1141 978 1207 sedem
995 1142 1052 1208 ho·

95 1261 115 1301 n
138 1257 311 1322 pervenere
333 1246 365 1301 et
386 1236 480 1301 trium
502 1236 624 1322 milium
647 1237 748 1323 spatio
768 1237 878 1322 procul
900 1260 919 1302 a
941 1236 1051 1303 castris

95 1354 130 1395 m
152 1340 327 1415 posuerunt
349 1340 461 1397 castra.
505 1331 607 1418 primo
632 1353 688 1418 per
713 1330 834 1418 legatos
861 1330 1085 1416 nequiquama

95 1434 223 1502 uatum,
247 1433 282 1489 ut
300 1424 512 1491 discederetur
529 1425 569 1492 ab
587 1425 693 1492 armis.
737 1426 823 1504 dein,
847 1448 920 1491 cum
941 1427 975 1490 in
995 1449 1052 1512 pa-

95 1530 180 1585 tores
193 1518 355 1586 Romanos
372 1520 508 1606 impetus
525 1530 654 1607 repente
671 1519 712 1586 ab
725 1519 883 1604 equitibus
897 1521 1051 1606 Hispanis

95 1637 123 1679 rs
156 1623 254 1692 esset,
291 1614 459 1681 summisso
494 1613 535 1681 ab
570 1615 704 1680 statione
733 1615 877 1680 Romana
912 1617 1052 1699 equitatu

95 1717 168 1774 >stre
192 1707 347 1794 proelium
372 1706 434 1774 fuit
457 1708 534 1774 haut
555 1731 632 1775 sane
654 1710 855 1775 memorando
875 1709 909 1774 in
930 1720 1051 1795 partem

95 1827 117 1868 n
136 1812 260 1868 eventu.
288 1803 354 1869 sole
372 1804 490 1870 oriente
506 1814 633 1890 postero
650 1804 701 1869 die
718 1805 830 1870 armati
846 1804 1052 1890 instructique
1069 1826 1086 1873 4
1172 1836 1186 1857 s

95 1919 131 1964 es
148 1897 234 1964 mille
253 1897 352 1964 ferme
368 1920 483 1984 passus
501 1897 611 1985 procul
628 1899 771 1965 constris
785 1899 937 1967 Romanis
952 1901 1052 1966 aciem

95 1993 197 2059 ndere.
243 1993 338 2059 medii
355 1993 512 2060 Ausetani
534 2003 631 2060 erant.
676 2015 793 2061 cornua
814 1997 959 2063 dextrum
976 1997 1088 2064 Iler-5

95 2109 125 2165 s,
156 2086 281 2152 laevum
307 2087 461 2174 ignobiles
489 2088 637 2155 tenebant
657 2088 795 2174 Hispani
820 2091 943 2176 populi;
973 2092 1055 2157 inter

95 2203 140 2247 na
170 2192 202 2246 et
233 2181 369 2248 mediam
399 2183 499 2250 aciem
529 2183 694 2250 intervalla
723 2185 862 2269 patentia
887 2187 964 2251 satis
989 2184 1052 2252 late

95 2285 177 2353 runt,
205 2298 268 2359 qua
289 2277 475 2362 equitatum,
507 2277 563 2344 ubi
588 2288 713 2365 tempus
740 2288 839 2356 esset,
866 2280 1052 2344 emitterent.

95 2370 208 2435 bmani
225 2393 311 2438 more
330 2395 388 2437 suo
406 2371 577 2438 exercitum
595 2395 668 2439 cnm
687 2373 886 2450 struxissent,
904 2373 938 2437 id
955 2372 1050 2437 modo
1070 2392 1084 2439 s

95 2465 162 2531 ium
188 2466 300 2532 imitati
325 2477 411 2546 sunt,
438 2479 475 2533 ut
499 2468 581 2534 inter
605 2468 747 2555 legiones
774 2478 805 2532 et
830 2468 891 2553 ipsi
916 2467 1051 2553 patentis

97 2559 120 2625 ti
137 2559 348 2645 relinquerent
365 2561 444 2626 vias.
484 2573 622 2628 ceterum
638 2561 797 2627 Lentulus
815 2562 844 2625 ei
860 2562 941 2647 parti
958 2583 1052 2626 usum
1072 2582 1086 2628 t

96 2654 136 2720 tis
159 2655 228 2720 fore
249 2665 350 2734 ratus,
377 2677 458 2740 quae
479 2657 565 2742 prior
584 2656 618 2721 in
644 2656 856 2722 dehiscentem
881 2655 1052 2722 intervallis

94 2748 162 2814 ium
188 2749 288 2815 aciem
314 2750 435 2834 equites
462 2751 632 2830 emisisset,
661 2748 731 2816 Ser.
755 2749 903 2816 Cornelio
929 2748 1087 2819 tribunos

95 2853 158 2908 tum
174 2843 321 2929 imperat,
340 2845 461 2929 equites
475 2867 531 2931 per
543 2845 678 2931 patentis
695 2845 729 2910 in
746 2844 884 2911 hostium
901 2845 969 2912 acie
986 2845 1055 2912 vias

95 2938 202 3005 nittere
232 2960 330 3024 equos
360 2939 477 3006 iubeat.
529 2941 598 3028 ipse
629 2956 740 3027 coepta
768 2964 881 3028 parum
905 2961 1087 3028 prosperos

95 3033 162 3100 estri
178 3055 301 3120 pugna,
320 3044 441 3100 tantum
459 3047 598 3101 moratus
617 3036 692 3101 dum
710 3037 833 3103 cedenti
850 3037 1056 3102 duodecimae

95 3129 155 3206 ni,
182 3149 263 3212 quae
285 3128 319 3193 in
343 3128 434 3195 laevo
461 3152 560 3195 cornu
585 3131 737 3196 adversus
759 3129 911 3215 Ilergetes
932 3151 1055 3215 pugna·

95 3232 126 3301 t,
150 3223 273 3288 tertiam
291 3223 455 3290 decumam
472 3225 629 3312 legionem
647 3247 687 3290 ex
705 3221 854 3290 subsidiis
871 3223 904 3286 in
920 3223 1054 3309 primam

95 3342 123 3383 m
146 3317 378 3384 firmamentum
400 3319 501 3397 ducit,
527 3330 695 3406 postquam
718 3328 851 3401 aequata
876 3315 921 3382 ibi
946 3334 1105 3403 pugnato

108 3412 151 3478 ad
166 3412 210 3478 L.
228 3411 386 3479 Manlium
406 3413 488 3479 inter
504 3413 605 3500 prima
623 3414 714 3499 signa
730 3413 905 3478 hortantem
923 3433 961 3477 ac
979 3409 1055 3477 sub-

95 3506 238 3591 tquibns
255 3530 306 3574 res
323 3508 503 3594 postulabat
520 3509 597 3575 locis
614 3508 813 3573 inducentem
837 3506 930 3572 venit.¹
973 3505 1055 3571 indi·
1169 3517 1171 3520 ⁴

100 3612 169 3668 tuta
195 3600 237 3668 ab
262 3602 353 3669 laevo
379 3626 477 3670 cornu
503 3625 588 3671 esse:
614 3603 677 3669 iam
699 3603 832 3668 missum
854 3623 924 3668 esse
951 3598 991 3666 ab
1018 3622 1053 3665 se
1073 3618 1104 3666 11

95 3696 209 3763 nelium
234 3694 380 3764 Servium
402 3699 539 3784 procella
561 3697 698 3782 equestri
719 3697 819 3763 hostis
847 3693 1054 3761 circumfusu-

95 3842 103 3859 .
147 3792 202 3858 vix
228 3791 307 3858 haec
333 3792 417 3859 dicta
443 3794 585 3872 dederat,
618 3815 690 3858 curn
711 3791 848 3858 Romani
875 3789 995 3874 equites
1021 3787 1104 3854 iura

95 3887 144 3955 ios
162 3887 280 3954 invecti
296 3887 403 3955 hostes
422 3888 516 3954 simul
533 3887 686 3975 pedestris
705 3887 787 3952 acies
802 3882 941 3962 turbant,
961 3881 1055 3949 simul

95 3982 182 4051 tibus
200 3983 418 4071 Hispanorum
440 3984 523 4050 viam
545 3983 732 4048 immittendi
749 3998 846 4065 equos
865 3978 1053 4046 clauserunt.
1082 4044 1084 4048 .
