2528 4514
257 242 376 298 nisan
393 243 550 315 xxvnn,
568 244 610 298 aa.
625 243 667 299 aa
687 245 840 315 [aaron
1000 236 1065 303 477

96 426 129 466 m
147 424 189 467 ex
207 398 361 486 dissipata
374 401 578 467 convenirent
590 402 677 490 fuga
704 403 783 490 ipse,
803 425 866 488 qua
877 404 1065 485 intenderat,
1084 430 1100 476 r

95 520 114 560 r
141 495 248 561 media
274 495 337 560 tela
358 495 498 562 hostium
524 497 639 575 evasit3
671 498 752 564 duae
774 509 896 564 turmae
918 500 1064 567 haesere:

96 614 133 655 ra
151 602 239 655 metu
257 589 363 655 dedita
380 590 477 667 hosti,
505 591 693 677 pertinacior
714 592 749 657 in
769 595 976 680 repugnando
994 595 1065 661 telis

95 697 148 750 uta
166 694 198 750 et
216 684 341 750 confixa
358 695 416 749 est.
459 686 646 752 Verminam
666 709 766 774 prope
783 687 927 776 vestigiis
943 689 1098 757 instan-tr

95 812 100 844 l
116 781 151 845 in
169 780 231 845 alia
248 790 342 864 atque
361 779 423 845 aha
439 781 595 847 flectendo
612 780 725 847 itinera
742 783 888 862 eludens,
911 784 1016 851 taedio
1034 796 1066 850 et

95 875 256 962 peratione
282 875 410 941 tandem
437 875 559 940 fessum
585 876 738 942 absistere
766 878 928 961 sequendo
950 879 1064 966 coegit.

95 993 105 1035 s
119 993 192 1034 cum
207 969 373 1056 sexaginta
386 969 544 1054 equitibus
559 971 600 1034 ad
613 970 766 1037 minorem
777 968 897 1057 Syrtim
910 973 1064 1058 pervenit.

102 1087 174 1129 cnm
195 1063 388 1130 conscientia
413 1065 543 1151 egregia
564 1088 659 1152 saepe
681 1064 805 1153 repetiti
826 1066 918 1153 regni
941 1066 1099 1152 paternis

95 1158 248 1223 trPunica
259 1158 413 1245 Emporia
426 1170 616 1244 gentemque
627 1158 856 1226 Garamantum
873 1183 966 1226 omne
985 1171 1064 1225 tem-

95 1275 215 1336 tusque
233 1254 275 1317 ad
293 1250 332 1319 C.
350 1253 444 1318 Laeli
462 1253 636 1338 classisque
654 1255 819 1320 Romanae
842 1255 1014 1320 adventum
1029 1253 1064 1318 in

95 1346 181 1412 icam
208 1346 413 1433 consumpsit.
465 1347 546 1439 haec
572 1348 711 1413 animum
736 1348 902 1428 inclinant,
929 1360 966 1414 ut
991 1371 1064 1414 cum
1083 1371 1115 1417 10

95 1440 160 1506 dico
185 1441 291 1528 potius
317 1463 412 1525 qnam
439 1463 511 1506 cum
536 1467 652 1529 magno
679 1442 837 1530 praesidio
860 1443 1001 1528 equitum
1023 1444 1064 1510 ad

96 1535 220 1622 pionem
247 1557 370 1620 quoque
396 1547 509 1623 postea
535 1537 660 1603 venisse
685 1537 895 1603 Masinissam
926 1539 1062 1618 credam,

95 1653 152 1716 ppe
169 1630 225 1696 illa
241 1631 386 1718 regnanti
404 1631 586 1709 multitudo,
613 1632 693 1697 haec
712 1632 855 1719 paucitas
874 1633 976 1698 exulis
998 1633 1063 1699 for·

95 1748 131 1790 ae
149 1725 339 1790 conveniens
358 1737 417 1792 est

102 1819 293 1886 XXXIIII.
338 1819 620 1908 Carthaginienses
643 1821 695 1887 ala
716 1821 857 1906 equitum
879 1845 951 1888 cum
971 1842 1095 1909 prae-1

95 1917 273 1996 toamissa,
300 1917 361 1984 alio
384 1917 525 2002 equitatu
545 1941 602 2005 per
624 1941 743 1984 novum
764 1918 914 1985 dilectum
936 1942 1063 2006 compa-

95 2033 118 2091 o,
138 2013 332 2078 Hannonem
349 2012 542 2078 Hamilcaris
560 2014 659 2078 filium
677 2015 873 2100 praeficiunt.
916 2016 1096 2081 Hasdru-2

95 2129 138 2172 em
173 2107 308 2172 subinde
343 2129 381 2172 ec
408 2105 590 2194 Syphacem
623 2131 681 2193 per
714 2108 834 2174 litteras
860 2110 1061 2195 nuntiosque,

95 2214 194 2268 tremo
207 2202 302 2268 etiam
316 2202 508 2289 perlegales
523 2213 700 2268 arcessunt:
718 2203 956 2268 Hasdrubalem
969 2227 1062 2291 opem

95 2322 115 2364 e
132 2322 233 2385 prope
247 2299 474 2364 circumsessae
489 2297 610 2384 patriae
622 2296 747 2374 iubent,
766 2295 947 2383 Syphacem
961 2310 1062 2378 orant,

95 2392 279 2479 larthagini,
297 2405 333 2458 ut
349 2394 515 2459 universae
529 2392 660 2459 Africae
677 2392 854 2458 subveniat.
882 2393 924 2457 ad
932 2393 1062 2459 Uticam
1081 2409 1096 2456 3

95 2544 97 2552 ,
116 2500 223 2554 castra
241 2487 363 2576 Scipio,
387 2490 487 2555 ferme
505 2489 590 2555 mille
606 2511 722 2575 pessus
740 2489 781 2554 ab
799 2488 891 2566 urbe,
914 2488 1061 2567 habebat,

95 2594 145 2649 ata
168 2607 189 2648 a
209 2583 302 2663 mari,
327 2583 383 2649 ubi
409 2607 528 2670 pancos
551 2583 618 2649 dies
642 2583 757 2649 stativa
778 2581 945 2649 coniuncta
967 2582 1063 2647 classi

95 2691 169 2744 ant.
213 2680 346 2758 Hanno,
372 2702 574 2764 nequaquam
596 2678 673 2744 satis
696 2677 800 2744 valido
822 2700 888 2743 non
908 2677 1003 2742 modo
1021 2678 1097 2747 adt

95 2773 254 2840 ssendnm
272 2775 410 2853 hostem,
435 2776 550 2841 sedne
569 2775 610 2840 ad
627 2774 760 2840 tuendos
779 2773 907 2858 quidem
924 2796 944 2838 a
960 2796 1063 2860 popu-

95 2870 203 2936 >nibus
230 2892 324 2954 agros
352 2869 493 2953 equitatu
519 2881 670 2957 accepto,
703 2867 737 2934 id
760 2869 901 2936 omnium
926 2869 1064 2956 primum

97 3013 109 3044 ,
138 2974 177 3029 ut
200 2986 258 3049 per
285 2964 547 3048 conquisitionem
567 2987 736 3030 numerum
758 2966 900 3050 equitum
921 2977 1062 3051 augeret.

106 3058 242 3123 aliarum
260 3058 402 3144 gentium
421 3070 618 3144 aspernatus,
636 3060 773 3124 maxime
792 3070 898 3124 tamen
906 3059 1062 3124 Numidas
1082 3080 1097 3126 5

95 3155 101 3219 l
124 3152 222 3238 longe
244 3152 381 3238 primurn
403 3153 544 3237 equitum
564 3153 599 3218 in
619 3153 733 3218 Africa
755 3163 805 3218 est
825 3173 927 3237 genus
944 3189 971 3199 -
988 3173 1063 3217 eon-

95 3249 126 3313 it.
172 3246 236 3310 iam
254 3247 295 3310 ad
313 3258 459 3330 quattuor
475 3248 563 3313 milia
580 3247 720 3331 equitum
738 3246 888 3324 habebat,
912 3267 983 3310 cum
1002 3243 1063 3311 Sa
1082 3267 1096 3314 6

98 3366 154 3408 am
176 3341 302 3407 nomine
324 3343 436 3408 urbem
458 3343 625 3429 occupavit
645 3339 825 3425 quindecim
850 3340 950 3405 ferme
976 3340 1063 3405 milia

99 3435 257 3502 Romanis
290 3437 413 3504 castris.
466 3439 552 3522 quod
582 3436 636 3502 ubi
664 3433 806 3524 Scipioni
837 3434 973 3501 relatum
1003 3446 1096 3513 esti

95 3532 169 3597 stiva
192 3531 251 3596 sub
273 3531 365 3597 tectis
393 3531 580 3617 equitatusl’
612 3530 727 3615 inquit:
764 3531 843 3596 ‘sint
868 3530 920 3595 vel
944 3530 1061 3616 plures,

95 3653 105 3692 r
134 3627 231 3692 talem
257 3627 370 3693 ducem
396 3628 553 3694 habeant?
590 3651 628 3694 eo
654 3627 758 3693 minus
785 3626 846 3692 sibi
872 3625 1096 3690 cessandum8

95 3746 132 3802 s,
167 3744 230 3805 quo
256 3722 303 3788 illi
329 3723 459 3810 segnius
485 3747 555 3789 rem
580 3735 724 3810 agerent,
756 3721 964 3788 Masinissam
991 3743 1064 3785 cum

95 3818 174 3882 [tatu
199 3819 409 3903 praemissum
431 3820 530 3906 portis
552 3819 734 3902 obequitare
758 3829 852 3903 atque
874 3818 999 3883 hostem
1021 3816 1063 3881 ad

95 3935 173 3978 nam
191 3912 303 3979 elicere
324 3914 423 3980 iubet.
465 3915 521 3981 ubi
538 3914 639 3980 omnis
657 3913 826 3979 multitudo
844 3935 879 3978 se
896 3911 1063 3977 effudisset

95 4008 221 4092 riorque
234 4007 344 4074 iamin
359 4010 528 4076 certamine
543 4020 628 4076 esset
644 4032 740 4094 quam
753 4019 788 4073 ut
806 4006 898 4074 facile
913 4006 1063 4073 sustineri
