2528 4530
144 205 186 271 98
381 215 502 275 umus
518 216 621 288 xxu,
638 215 682 271 u.
694 215 737 271 se.
759 217 834 285 [au.
846 214 945 287 stas]

144 386 175 444 et
191 398 300 463 pugna
312 374 436 455 levibus
449 376 586 461 primum
599 373 694 457 armis
708 373 893 451 commissa3
911 372 1027 453 deinde
1041 372 1185 459 equitum

145 466 311 541 Gallorum
327 468 609 556 Hispanorumque
629 467 756 533 laevum
779 489 878 534 cornu
895 487 969 547 curn
982 467 1102 547 ¹derrtro
1119 467 1185 539 Ro-

29 558 32 563 ’
109 585 125 634 a
144 587 238 631 mano
256 563 427 641 concurrit,
444 562 572 628 minime
592 561 744 646 equestris
763 583 850 628 more
863 584 1005 649 pugnae:
1024 561 1185 632 frontibus

145 659 229 741 enim
259 657 401 733 adversis
428 656 677 723 ooncmrendum
703 665 784 734 erat,
816 656 892 741 quia
916 655 1004 737 nullo
1032 657 1118 724 eirca
1143 658 1183 726 sd

144 752 345 841 euagandum
366 751 476 831 relicto¹
494 751 597 838 spatio
613 749 688 819 binc
705 749 823 829 amnis,
844 749 919 816 hino
935 751 1081 838 peditum
1099 752 1179 822 acies

111 868 125 914 3
145 847 341 931 claudebant
385 845 419 913 in
441 845 602 934 derectum
623 844 781 930 utrimque
802 845 937 911 nitentes
960 847 1118 921 stantibus
1142 869 1173 913 ac

145 942 293 1011 consertis
314 950 474 1028 postremo
497 939 589 1007 turba
615 940 704 1025 equis
731 940 780 1006 vir
806 939 909 1017 ¹uirum
935 941 1102 1027 amplexus
1127 942 1170 1009 do

144 1036 287 1103 trahebat
313 1057 406 1120 equo.
450 1036 596 1122 pedestre
621 1058 739 1122 magna
764 1035 828 1101 ium
850 1059 890 1103 ex
910 1044 1000 1121 parte
1023 1045 1166 1103 certamen

143 1130 264 1207 sactum
286 1140 367 1210 erat3
394 1131 497 1205 uerius
520 1140 627 1196 tamen
650 1152 746 1216 quum
773 1129 891 1197 diutins
913 1140 1097 1218 ,pugnatum
1120 1140 1165 1209 est,

110 1224 292 1311 spulsique
317 1224 455 1292 Romani
482 1225 602 1310 equites
634 1234 724 1312 terge
754 1234 889 1290 vertunt.
934 1223 994 1291 sub
1027 1223 1165 1311 equestris

143 1319 240 1393 finem
258 1319 438 1389 certaminis
456 1329 564 1386 coorta
581 1328 630 1385 est
646 1319 789 1405 peditum
804 1341 923 1404 pugna,
940 1319 1045 1404 primo
1063 1328 1094 1385 et
1106 1316 1163 1385 viri·

145 1413 204 1479 bus
223 1423 255 1479 et
271 1412 385 1479 animis
402 1435 470 1500 par,
493 1413 570 1479 dum
588 1411 776 1480 constabant
794 1413 920 1479 ordines
939 1409 1043 1493 Gallis
1061 1412 1165 1499 Hispo·

110 1507 270 1592 tuisque3
289 1506 416 1585 tandem
425 1506 576 1585 Romani,
595 1506 651 1573 diu
664 1527 702 1572 ac
715 1528 810 1592 saepe
829 1506 941 1585 conisi,
961 1529 1065 1592 aequa
1077 1507 1185 1587 fronto]

143 1601 273 1686 acieque
305 1601 404 1667 densa
433 1600 575 1687 inpulere
604 1600 745 1668 hostium
771 1622 907 1667 crineum
932 1601 1027 1667 nimis
1054 1612 1162 1681 tenuem

112 1713 126 1758 s
145 1718 246 1782 eoque
263 1718 375 1782 parum
387 1695 541 1775 validum,
561 1719 581 1761 e
598 1705 702 1762 cetera
717 1696 947 1781 prominentem
964 1696 1042 1763 acie.
1077 1694 1178 1783 inpd„

145 1790 189 1856 sis
217 1790 329 1856 deinde
356 1812 394 1856 ac
420 1791 541 1876 trepide
567 1789 776 1856 referentibus
802 1791 916 1877 pedem
946 1791 1105 1871 insistere,
1133 1806 1183 1869 et,

145 1894 253 1949 tenore
284 1907 348 1950 uno
377 1904 435 1970 per
464 1906 615 1970 praeceps
646 1906 764 1970 pavore
788 1884 979 1972 fugientium
1006 1908 1119 1972 agmen
1134 1883 1185 1965 itt,

144 1976 282 2043 mediam
294 1977 431 2064 primum
449 1979 549 2044 aciem
566 1978 656 2044 inlsti
672 1990 833 2064 postremo
852 1979 938 2051 nullo
956 1980 1117 2046 resistente
1130 1974 1161 2045 od
1172 2048 1185 2057 ,

112 2088 125 2134 7
145 2070 287 2137 subsidia
304 2069 458 2137 Afrorum
475 2083 698 2158 pervenerunt,
717 2072 773 2157 qui
790 2073 947 2158 utrimque
965 2074 1098 2141 reductis
1113 2070 1162 2137 alis

145 2164 360 2243 constiterant,
383 2166 501 2244 media,
526 2189 589 2250 qua
608 2163 694 2232 Galli
711 2165 912 2253 Hispanique
935 2176 1093 2247 steterunt,
1113 2163 1160 2231 ali·

110 2275 126 2324 8
144 2268 298 2343 quantum
315 2260 510 2346 prominente
528 2261 604 2326 acie.
641 2260 697 2346 qui
714 2283 833 2327 cuneus
851 2272 887 2327 ut
903 2262 1016 2347 pulsus
1034 2257 1184 2347 aequavit„

143 2353 279 2420 frontem
305 2353 456 2440 primum,
488 2355 562 2420 dein
589 2354 729 2422 cedendo
754 2356 849 2421 etiam
876 2356 981 2421 sinum
1011 2358 1046 2423 in
1073 2350 1181 2433 medio,

144 2447 243 2527 dedit,
260 2447 336 2514 Afn·
354 2449 437 2515 circa
453 2449 517 2515 iam
535 2471 652 2515 cornua
673 2449 826 2529 fecerant,
849 2449 1108 2536 inruentibusque
1125 2447 1172 2523 itti·

144 2551 235 2608 caute
246 2540 282 2609 in
294 2542 435 2608 medium
447 2542 601 2611 Romanis
620 2543 852 2611 circumdedere
869 2544 952 2625 alus,
969 2569 1046 2619 mox
1064 2560 1161 2625 cornu·

109 2655 124 2701 s
144 2636 341 2703 extendendo
360 2637 500 2704 clausere
519 2648 550 2704 et
566 2638 607 2704 ab
626 2648 716 2726 tergo
733 2638 843 2705 hostis.
879 2638 954 2706 hine
970 2639 1107 2707 Romani
1121 2636 1160 2715 dt·

143 2729 243 2795 functi
269 2730 461 2815 nequiquam
486 2732 606 2818 proelio
632 2756 710 2812 uno,
739 2733 865 2801 omissis
890 2729 992 2811 Gallis
1006 2730 1162 2820 ,Hispanic-

144 2845 216 2907 que,
235 2844 368 2906 quorum
385 2835 476 2912 terga
493 2827 684 2905 ceciderant,
703 2835 735 2894 et
748 2827 900 2894 adversus
909 2825 1011 2895 Afros
1023 2829 1161 2916 integrat]

93 2936 126 2984 to
142 2941 284 3004 pugnam
309 2920 434 2999 ineunt,
463 2944 530 2988 non
555 2933 677 2989 tantum
704 2945 742 2989 eo
767 2922 922 3008 iniquam,
955 2925 1041 3009 quod
1067 2916 1162 2993 indrd

144 3011 296 3079 adversus
315 3014 537 3094 circumfusos,
561 3018 619 3082 sed
637 3017 732 3083 etiam
749 3016 834 3102 quod
852 3016 930 3083 fessi
953 3039 1027 3083 eum
1048 3012 1161 3085 recend-

144 3105 203 3172 bus
222 3128 260 3173 ae
277 3109 399 3196 vegetis
416 3109 612 3198 pugnabant.

110 3221 123 3265 1
207 3201 451 3269 XXXXVIII.
495 3204 566 3270 Iam
592 3215 624 3271 et
650 3204 777 3271 sinistro
803 3227 902 3271 cornu
922 3205 1094 3285 Romanis,
1120 3196 1185 3289 ull,

143 3296 300 3362 sociorum
322 3298 443 3383 equites
466 3301 618 3367 adversus
636 3299 792 3366 Numidas
811 3309 975 3379 steterant,
1001 3290 1185 3369 consumto*

142 3389 297 3475 proelium
319 3402 400 3472 eret,
428 3415 525 3481 segne
547 3394 649 3480 primo
667 3405 699 3459 et
715 3418 735 3460 s
751 3393 874 3461 Punica
891 3405 1040 3481 coeptum
1057 3390 1163 3465 frendo

109 3502 124 3550 a
143 3483 307 3571 quingenti
323 3486 424 3553 ferme
436 3485 608 3567 Numidae,
626 3485 751 3575 praeter
767 3510 893 3574 parmas
912 3489 1038 3574 telaque
1056 3486 1164 3578 glutto

144 3579 284 3646 occultos
311 3580 370 3659 snb
397 3581 501 3649 loricis
523 3582 690 3660 habentes,
718 3580 824 3668 specie
847 3583 1087 3671 transfugarum
1106 3596 1164 3649 <tun

108 3692 125 3741 8
143 3673 183 3739 ab
203 3673 269 3739 suis
286 3697 413 3761 parmas
431 3685 505 3762 post
519 3686 609 3763 terga
620 3675 772 3743 habentes
787 3676 1033 3762 adequitasseut,
1051 3682 1166 3766 reputit

41 3792 42 3796 ¹
143 3789 183 3833 ex
197 3769 284 3854 equis
298 3769 460 3849 desiliunt,
479 3771 659 3857 parmisque
672 3780 704 3836 et
717 3769 829 3837 iaculis
842 3781 916 3838 ante
928 3772 1028 3858 pedes
1040 3770 1167 3845 hostium

142 3861 289 3946 proiectis
313 3863 347 3928 in
373 3864 509 3931 medium
535 3863 636 3931 aciem
662 3865 783 3952 accepti
810 3865 959 3952 ductique
984 3867 1028 3941 ud
1050 3866 1185 3963 ultimotq

144 3955 305 4023 considere
327 3956 367 4024 ab
391 3968 480 4047 tergo
501 3958 657 4027 iubentur.
702 3982 740 4027 ac
762 3958 839 4027 dum
858 3960 1016 4048 proelium
1032 3961 1076 4031 ab
1096 3952 1181 4047 omui,
