2528 4530
288 246 408 303 umus
424 242 556 317 xxnu,
574 244 672 305 mm
694 245 846 317 [acme]
1027 230 1091 306 183

59 408 188 475 militum
205 403 397 473 Hannibalis
414 403 581 471 tenebatur
596 404 764 490 praesidio.
804 414 947 491 praeerat
965 402 1088 475 Statius
1106 432 1122 479 a

59 502 174 569 Metius
191 500 310 567 missus
327 499 369 566 ab
384 497 444 565 Cn
454 498 566 586 Magio
575 496 737 579 Atellano,
756 500 812 584 qui
828 522 867 567 eo
883 524 966 568 anno
983 504 1090 570 medix

60 596 169 662 tuticus
187 603 257 661 erat
273 593 462 678 servitiaque
480 603 511 659 et
527 592 653 679 plebem
670 594 850 679 promiscue
872 595 1027 676 armabat,
1054 608 1090 663 ut

60 702 158 756 castra
183 689 330 755 Romana
354 687 517 753 invaderet
543 687 662 753 intento
688 688 818 754 consule
844 689 886 754 ad
912 686 1090 756 Casilinum

61 784 312 872 oppugnandum.
337 781 417 847 nihil
434 804 543 848 eorum
554 780 692 847 Fabium
708 781 830 848 fefellit
860 783 967 868 itaque
974 784 1090 851 Nolam
1107 809 1124 857 e

63 878 97 944 sd
120 876 277 965 collegam
301 876 417 955 mittit,¹
438 874 535 942 altero
558 875 711 954 exercitu,
739 876 816 940 dum
834 874 1011 944 Casilinum
1033 902 1091 966 op-

65 980 228 1060 pugnatur,
253 992 336 1058 opus
353 991 439 1050 esse,
466 970 522 1055 qui
539 968 713 1057 Campanis
734 980 924 1058 opponatur:
951 973 1003 1039 vel
1019 974 1089 1062 ipse
1106 997 1123 1044 4

66 1064 162 1132 relicto
182 1064 284 1131 Nolae
305 1064 462 1152 praesidio
484 1065 608 1130 modico
630 1064 751 1130 veniret
772 1064 838 1144 vel,
865 1066 893 1131 si
915 1088 987 1133 eum
1007 1067 1090 1135 Nola

67 1169 175 1227 teneret
190 1160 328 1226 necdum
349 1181 480 1226 securae
500 1182 552 1226 res
575 1158 616 1225 ab
632 1158 814 1226 Hannibale
836 1170 956 1241 essent,
985 1184 1020 1227 se
1038 1163 1089 1228 Ti.

68 1252 235 1322 Gracchum
268 1254 489 1340 proconsulem
520 1278 541 1319 a
569 1253 754 1320 Benevento
788 1254 972 1321 accitumm.
1028 1256 1124 1326 hoco

70 1350 162 1417 nuntio
177 1348 353 1416 Marcellus
374 1348 500 1415 duobus
521 1348 656 1415 militum
677 1348 805 1415 milibus
821 1348 923 1416 Nolae
943 1352 978 1415 in
999 1373 1091 1437 prae-

74 1444 135 1511 sidio
149 1443 268 1511 relictis
287 1465 360 1509 cum
381 1453 485 1509 cetero
508 1444 647 1509 exercitu
665 1441 842 1510 Casilinum
864 1444 950 1510 veuit
971 1447 1090 1512 adven-

75 1546 149 1624 tuque
170 1539 240 1605 eius
260 1536 416 1624 Campani
436 1539 501 1603 iam
521 1547 686 1604 moventes
709 1561 779 1606 seso
801 1539 996 1624 quieveruut.
1044 1542 1089 1607 ita
1107 1560 1123 1609 o

10 1670 13 1683 ·
74 1630 244 1700 sbdnobus
271 1631 452 1699 consulibus
472 1631 648 1699 Casilinum
673 1634 851 1722 oppugnari
876 1635 988 1721 coepit.
1032 1636 1089 1702 ubi

10 1764 13 1779 ι
73 1748 127 1793 mm
142 1727 243 1794 multa
260 1727 464 1794 succedentes
487 1737 604 1794 temere
626 1727 791 1795 moenibus
813 1727 950 1795 Romani
972 1729 1087 1795 milites

71 1822 230 1909 acciperent
246 1821 377 1887 vulnera
398 1843 501 1906 neque
523 1822 600 1887 satis
622 1822 782 1910 inceptum
804 1824 999 1903 succederet,
1026 1823 1090 1890 Fa-

71 1912 126 1983 lius
147 1916 353 1983 omittendam
372 1938 440 1982 rem
461 1938 593 2003 parvam
614 1939 652 1983 ao
672 1917 761 1983 iuxta
780 1918 905 2006 magnis
927 1917 1089 1985 difficilem

69 2009 349 2096 abscedendumque
370 2011 444 2076 inde
466 2012 628 2091 censebat,
659 2035 732 2078 cum
757 2035 808 2079 res
830 2013 965 2080 maiores
990 2014 1089 2080 insta

69 2116 136 2186 rent3
170 2105 344 2171 Marcellus
367 2105 466 2170 multa
486 2106 610 2193 magnis
633 2106 768 2172 ducibus
791 2106 872 2173 sicut
893 2130 958 2174 non
975 2109 1122 2194 odgres

69 2198 182 2280 dienda,
208 2200 253 2265 ita
276 2199 375 2265 semel
392 2201 552 2287 adgressis
569 2222 634 2266 non
651 2201 836 2266 dimittenda
854 2222 925 2266 esse
943 2201 1086 2280 diceudo,

41 2358 46 2369 ,
67 2294 128 2377 quia
142 2316 263 2382 magna
278 2293 383 2359 famae
406 2306 565 2359 momenta
586 2293 620 2358 in
640 2303 944 2379 utramquepartem
965 2294 1086 2374 fierent,

66 2390 166 2468 mut,
193 2411 234 2456 ne
251 2387 345 2455 inrito
361 2388 488 2475 incepto
505 2388 652 2454 abiretur.
696 2388 807 2454 vineae
828 2388 902 2452 inde
919 2389 1087 2472 omniaque
1106 2409 1122 2457 8

66 2480 117 2550 alia
131 2506 262 2572 operum
278 2483 609 2568 machinationumque
626 2505 744 2571 genera
761 2505 834 2548 cum
847 2484 1089 2548 admoverentur

67 2574 272 2667 Campanique
279 2578 415 2645 Fabium
429 2589 562 2657 orarent,
581 2588 617 2644 ut
634 2577 720 2644 abire
730 2576 875 2664 Capuam
888 2587 957 2643 tuto
969 2577 1088 2656 liceret,

30 2740 34 2755 ,
65 2674 162 2757 prucis
188 2673 326 2762 egressis
344 2672 517 2738 Marcellus
541 2683 751 2759 portamque
773 2671 1014 2761 egrediebantur
1035 2690 1121 2740 oo-9

36 2808 39 2813 -
64 2768 189 2854 operit,
209 2768 385 2853 caedesque
397 2768 576 2855 promiscue
590 2768 731 2834 omnium
744 2768 827 2834 circa
838 2776 962 2855 portam
974 2767 1086 2855 primo,

64 2858 166 2929 ddudo
191 2862 369 2950 inruptione
395 2862 481 2928 facta
508 2863 602 2928 ctiam
628 2863 662 2927 in
692 2861 770 2928 urbe
796 2862 865 2928 fieri
890 2871 1002 2950 coepta
1027 2871 1086 2929 est.

64 2954 282 3044 quinquaginta
306 2956 372 3021 fere
398 2956 501 3043 primo
527 2957 653 3067 egressi
671 2954 920 3045 Campanorum,
947 2980 1020 3023 cum
1046 2956 1087 3022 ad
1107 2974 1140 3024 ιο

30 3066 36 3079 ··
63 3046 189 3117 Fabium
203 3049 435 3138 confugissent,
454 3051 653 3136 praesidio
625 3073 694 3118 erus
704 3050 849 3162 Capuam
866 3060 1085 3161 pervenerunt.

10 3184 15 3197 ·
65 3140 232 3211 uestinum
265 3145 347 3210 iuter
381 3145 547 3230 conloquia
586 3145 878 3230 cunctationemque
912 3145 1087 3231 petentium

66 3234 149 3305 idun
171 3261 231 3327 per
256 3239 454 3305 occasionem
484 3250 611 3325 captum
642 3251 704 3318 est,
741 3239 918 3324 captivique
949 3237 1138 3347 Campa-11

20 3350 164 3399 uormn
181 3333 300 3419 quique
312 3332 503 3399 Hannibalis
521 3333 656 3398 militum
674 3343 762 3398 erant
778 3333 914 3399 Romam
931 3331 1022 3397 missi
1039 3340 1087 3397 at-

62 3444 118 3511 quc
139 3426 220 3494 ibi
210 3450 244 3492 m
266 3449 389 3493 carcere
410 3427 524 3494 inclusi
547 3436 633 3507 sunt,
662 3428 890 3514 oppidanorum
916 3425 1008 3492 turba
1028 3448 1088 3514 per

58 3518 204 3589 finitimos
220 3522 356 3610 populos
373 3523 408 3587 in
425 3523 601 3589 custodiam
618 3521 730 3588 divisa.

10 3624 12 3629 '
67 3636 71 3643 ·
116 3615 203 3683 XX.
248 3615 373 3701 Quibus
391 3616 503 3682 diebus
521 3640 541 3682 a
559 3615 699 3682 Casilino
721 3638 755 3681 re
772 3614 853 3681 bene
870 3623 961 3702 gesta
982 3626 1119 3679 recen-1

54 3730 127 3779 enm
144 3720 208 3791 est,
234 3712 280 3777 eis
300 3708 464 3778 Gracchus
481 3711 516 3775 in
531 3712 673 3777 Lucanis
697 3710 815 3795 aliquot
837 3708 980 3775 cohortes
997 3707 1032 3771 in
1048 3728 1087 3773 ea

49 3808 183 3896 regione
201 3806 393 3892 conscriptas
411 3828 484 3871 cum
500 3805 659 3892 praefecto
674 3804 817 3870 socium
807 3825 931 3890 magro
947 3801 1086 3868 hostiurn

48 3902 240 4012 praedatum
257 3902 351 3967 misit.
395 3923 450 3968 eos
470 3901 570 3968 effuse
586 3899 708 3988 palatos
726 3899 845 3966 Hanno
862 3898 991 3965 adortus
1008 3896 1085 3962 haut
1103 3917 1120 3966 a

46 3998 154 4067 multo
167 3997 334 4078 minorem,
351 4018 448 4084 quam
465 3997 506 4063 ad
518 3996 737 4063 Beneventum
754 4002 931 4082 acceperat,
949 3991 1086 4059 reddidit
