2528 4514
307 255 425 311 nmsa
442 255 598 326 xanr,
617 254 658 311 15.
673 256 714 311 ro.
735 256 888 326 [acam]
1048 246 1112 311 457

95 438 110 478 n
129 413 228 478 Italia
245 423 364 490 essent,
387 413 579 499 duplicatum
597 414 664 479 cius
683 436 824 479 summae
841 436 1006 480 numerum
1023 415 1112 501 pedi-

95 533 152 574 um
169 508 260 573 daret
282 518 314 572 et
336 508 456 591 equites
479 519 626 573 centenos
648 508 790 573 vicenos:
826 508 938 593 siqua
960 531 1032 574 eum
1053 531 1145 578 nu-t

95 624 206 668 nerum
224 601 364 684 equitum
386 600 512 686 explere
533 623 596 666 non
617 611 737 686 posset,
764 624 822 688 pro
844 603 948 687 equite
970 626 1033 669 uno
1057 605 1112 669 tris

95 697 209 763 »editos
227 694 333 759 liceret
356 695 439 760 dare.
483 694 603 780 pedites
622 695 804 779 equitesque
822 716 917 780 quam
934 697 1113 783 locupletis-

95 790 156 854 imi
177 788 356 875 legerentur
377 789 645 872 mitterenturque,
673 789 861 873 ubicumque
884 800 973 856 extra
989 791 1114 857 Italiam

95 883 305 970 ‚opplemento
322 904 402 969 opus
421 892 513 949 esset.
542 884 637 967 siqui
655 906 694 949 ex
711 884 750 948 iis
768 895 962 963 recusarent,
980 887 1112 951 retinere
1131 904 1149 952 s

95 981 153 1047 ius
180 976 321 1042 coloniae
347 977 548 1064 magistratus
570 978 754 1065 legatosque
776 978 914 1064 placere,
941 1001 1057 1064 neque,
1085 979 1113 1044 si

95 1070 293 1151 postularent,
316 1080 459 1135 senatum
476 1071 558 1149 dari,
580 1071 763 1157 priusquam
780 1072 932 1158 imperata
954 1072 1112 1138 fecissent.

95 1163 276 1249 rtipendium
299 1174 462 1248 praeterea
482 1165 521 1230 iis
545 1165 674 1230 coloniis
692 1166 725 1230 in
741 1166 828 1231 milia
845 1166 925 1232 aeris
944 1189 1031 1232 asses
1050 1169 1114 1232 sin·
1132 1184 1147 1234 9

95 1258 176 1344 gulos
198 1259 345 1345 imperari
366 1260 512 1345 exigique
537 1260 719 1343 quotannis,
743 1282 936 1345 censumque
953 1262 987 1325 in
1003 1262 1043 1326 iis
1061 1284 1114 1328 co-

95 1352 177 1418 ioniis
200 1354 253 1439 agi
276 1375 317 1417 ex
336 1352 472 1418 formula
493 1353 533 1419 ab
551 1352 704 1419 Romanis
726 1354 909 1420 censoribus
931 1355 1018 1434 data3
1044 1356 1112 1421 dari
1131 1371 1165 1419 ιο

95 1456 192 1512 autem
218 1448 342 1532 placere
363 1448 495 1512 eandem
517 1468 611 1532 quam
632 1449 748 1534 populo
770 1448 913 1514 Romano
936 1450 1113 1534 deferrique

95 1538 223 1605 Romam
258 1541 298 1606 ab
332 1542 441 1606 iuratis
476 1541 658 1607 censoribus
689 1542 894 1620 coloniarum,
929 1544 1112 1628 priusquam

95 1636 271 1722 magistratu
293 1636 423 1702 abirent.
467 1659 507 1701 ex
529 1636 589 1702 hoc
611 1647 737 1703 senatus
760 1637 903 1703 consulto
921 1639 1028 1704 accitis
1046 1639 1111 1706 Ro-
1131 1654 1162 1701 11

95 1752 171 1795 mam
183 1730 418 1817 magistratibus
435 1730 686 1817 primoribusque
704 1754 812 1796 earum
830 1731 1021 1797 coloniarum
1038 1755 1113 1800 con-

95 1824 171 1891 sules
198 1846 271 1890 cum
298 1824 427 1890 militem
454 1827 704 1911 stipendiumque
730 1827 950 1912 imperassent,
978 1827 1031 1892 alii
1055 1829 1112 1893 aiis

95 1920 189 2005 magis
206 1941 352 1985 recusare
369 1941 406 1985 ac
418 1920 601 1998 reclamare,
619 1942 735 2007 negare
749 1930 872 1985 tantum
884 1921 1018 1986 militum
1031 1922 1114 1988 effici
1134 1937 1166 1983 12

96 2032 196 2097 posse:
221 2014 289 2091 vix,
318 2014 346 2078 si
368 2014 514 2100 simplum
537 2037 577 2080 ex
598 2014 734 2080 formula
756 2015 935 2102 imperetur,
962 2015 1113 2082 enisuros.

95 2117 286 2192 crematque
304 2107 482 2186 obsecrare,
505 2118 540 2173 ut
557 2108 618 2174 sibi
635 2119 779 2174 senatum
797 2110 882 2175 adire
900 2132 937 2175 ac
954 2110 1115 2195 deprecari

95 2199 203 2268 liceret.
228 2203 306 2267 nibil
324 2224 372 2281 se,
390 2226 487 2288 quare
504 2204 605 2290 perire
622 2204 732 2269 men'to
750 2204 914 2279 deberent,
933 2205 1112 2282 admisisse3
1133 2217 1166 2265 13

95 2296 146 2361 sed
161 2296 189 2362 si
207 2298 401 2382 pereundum
419 2299 513 2363 etiam
530 2298 625 2376 foret,
652 2321 754 2383 neque
777 2321 869 2363 suum
891 2297 1038 2362 delictum
1059 2319 1114 2361 ne-

95 2410 148 2475 que
164 2391 244 2457 iram
262 2393 371 2478 populi
387 2393 537 2471 Romani,
564 2406 599 2458 ut
619 2394 690 2479 plus
714 2393 847 2459 militum
869 2392 991 2469 darent,
1018 2413 1113 2475 quam

95 2484 252 2565 baberent,
279 2509 374 2573 posse
397 2488 530 2553 efficere.
574 2488 719 2553 consules
741 2487 889 2553 obstinati
909 2487 1029 2573 legatos
1048 2509 1114 2551 ma·
1133 2499 1167 2546 14

95 2602 161 2647 uere
181 2581 304 2648 Romae
325 2581 447 2660 iubent,
474 2584 675 2669 magistratus
697 2583 743 2647 ire
765 2582 892 2648 domum
915 2582 956 2646 ad
981 2580 1112 2646 dilectus

95 2672 264 2743 babendos:
286 2676 350 2741 nisi
367 2699 491 2741 summa
508 2676 655 2754 militurn,
674 2698 755 2761 quae
772 2676 924 2760 imperata
937 2684 1029 2752 esset,
1047 2674 1113 2740 Ro-

95 2790 172 2835 mam
188 2770 340 2847 adducta,
363 2771 520 2836 neminem
538 2771 577 2836 iis
597 2780 740 2836 senatum
761 2771 917 2834 daturum.
959 2769 1004 2834 ita
1024 2782 1166 2855 prae-15

95 2863 154 2929 risa
179 2886 236 2949 spe
263 2874 405 2929 senatum
432 2865 568 2930 adeundi
594 2864 843 2949 deprecandique
867 2863 999 2929 dilectus
1020 2864 1056 2928 in
1076 2863 1115 2928 iis

95 2956 256 3023 duodecim
273 2958 419 3037 coloniis,
437 2980 494 3044 per
509 2958 637 3046 longam
655 2960 850 3025 vacationem
868 2981 998 3024 numero
1015 2959 1116 3023 iunio-

95 3072 158 3117 rum
174 3062 281 3130 aucto,
300 3051 386 3117 baud
403 3053 571 3119 difficulter
588 3063 636 3118 est
652 3053 820 3138 perfectus.

152 3144 250 3211 XVL
293 3145 406 3212 Altera
427 3147 503 3212 item
524 3170 589 3225 res,
615 3168 713 3233 prope
735 3167 833 3229 aeque
855 3145 951 3230 longo
972 3144 1147 3228 neglector

97 3238 225 3319 uientio,
252 3240 352 3306 relata
377 3264 397 3306 a
421 3240 470 3306 M
492 3240 619 3307 Valerio
641 3241 785 3306 Laevino
811 3248 873 3315 est,
904 3237 959 3322 qui
984 3236 1113 3321 privatis

97 3335 228 3403 mrbus
246 3335 399 3420 pecunias
417 3359 452 3401 se
470 3357 506 3401 ac
523 3335 571 3399 M.
591 3334 726 3400 Claudio
744 3330 924 3398 consulibus
941 3330 1030 3395 reddi
1047 3338 1115 3393 tan-

98 3425 163 3494 dem
183 3450 322 3513 aequum
343 3450 414 3494 esse
436 3429 528 3494 dixit:
563 3450 623 3494 neo
649 3429 754 3493 mirari
775 3447 964 3511 quemquam
989 3423 1113 3501 debere,
1133 3439 1149 3485 u

98 3518 275 3611 inpublica
299 3522 438 3610 obligata
463 3524 525 3590 fide
552 3547 642 3589 suam
667 3523 866 3609 praecipuam
892 3542 999 3585 curam
1029 3540 1114 3595 esse3

100 3634 161 3684 um
181 3628 403 3704 praeterquam
424 3619 510 3702 quod
531 3618 649 3701 aliquid
669 3617 793 3703 proprie
811 3617 851 3681 ad
869 3614 1028 3680 consulem
1046 3613 1114 3677 eius

100 3712 176 3792 unt,
202 3734 269 3798 quo
291 3711 434 3778 conlatae
455 3712 607 3798 pecuniae
625 3720 744 3789 essent,
765 3710 944 3796 pertineret,
968 3708 1061 3773 etiam
1080 3728 1114 3772 se

97 3817 250 3873 tectorem
270 3806 316 3871 ita
336 3806 518 3872 conferendi
535 3807 635 3870 fuisse
651 3805 758 3890 inopia
775 3804 872 3870 aerari
889 3823 947 3867 nec
964 3800 1056 3886 plebe
1074 3800 1115 3865 ad

95 3900 241 3968 titutum
272 3899 458 3967 sufficiente.
502 3910 591 3988 grata
617 3922 655 3965 ea
680 3898 820 3986 patribus
847 3895 1017 3962 admonitio
1043 3895 1149 3973 fuit‚s

95 3984 247 4081 basisque
272 3994 391 4061 roferrc
412 3995 594 4062 oonsulibus
617 3993 834 4071 decreverunt,
860 4001 895 4056 ut
916 3989 1016 4056 tribus
1038 4012 1116 4077 pen-
