<?xml version="1.0" encoding="UTF-8"?>
<!DOCTYPE html PUBLIC "-//W3C//DTD XHTML 1.0 Transitional//EN"
    "http://www.w3.org/TR/xhtml1/DTD/xhtml1-transitional.dtd">
<html xmlns="http://www.w3.org/1999/xhtml" xml:lang="en" lang="en">
 <head>
  <title>
</title>
<meta http-equiv="Content-Type" content="text/html;charset=utf-8" />
  <meta name='ocr-system' content='tesseract 3.04.00' />
  <meta name='ocr-capabilities' content='ocr_page ocr_carea ocr_par ocr_line ocrx_word'/>
</head>
<body>
  <div class='ocr_page' id='page_1' title='image "./titiliviaburbec00weisgoog_0614.png"; bbox 0 0 2528 4514; ppageno 0'>
   <div class='ocr_carea' id='block_1_1' title="bbox 141 232 911 308">
    <p class='ocr_par' dir='ltr' id='par_1_1' title="bbox 141 232 911 308">
     <span class='ocr_line' id='line_1_1' title="bbox 141 232 911 308; baseline -0.009 -10"><span class='ocrx_word' id='word_1_1' title='bbox 141 232 207 298; x_wconf 77' lang='grc'>492</span> <span class='ocrx_word' id='word_1_2' title='bbox 406 238 524 295; x_wconf 86' lang='lat' dir='ltr'>LIBER</span> <span class='ocrx_word' id='word_1_3' title='bbox 540 236 639 308; x_wconf 83' lang='lat' dir='ltr'>XXX,</span> <span class='ocrx_word' id='word_1_4' title='bbox 658 238 701 292; x_wconf 88' lang='lat'>10.</span> <span class='ocrx_word' id='word_1_5' title='bbox 722 240 760 306; x_wconf 85' lang='lat' dir='ltr'>[a.</span> <span class='ocrx_word' id='word_1_6' title='bbox 770 254 799 291; x_wconf 91' lang='lat' dir='ltr'>u.</span> <span class='ocrx_word' id='word_1_7' title='bbox 809 254 833 292; x_wconf 91' lang='lat' dir='ltr'>c.</span> <span class='ocrx_word' id='word_1_8' title='bbox 844 236 911 307; x_wconf 73' lang='lat' dir='ltr'>5le</span> 
     </span>
    </p>
   </div>
   <div class='ocr_carea' id='block_1_2' title="bbox 95 394 1202 3899">
    <p class='ocr_par' dir='ltr' id='par_1_2' title="bbox 95 394 1202 3899">
     <span class='ocr_line' id='line_1_2' title="bbox 144 394 1163 485; baseline -0.008 -17"><span class='ocrx_word' id='word_1_9' title='bbox 144 403 208 468; x_wconf 87' lang='lat' dir='ltr'>suit</span> <span class='ocrx_word' id='word_1_10' title='bbox 226 420 344 485; x_wconf 88' lang='lat' dir='ltr'>easque</span> <span class='ocrx_word' id='word_1_11' title='bbox 360 398 463 484; x_wconf 91' lang='lat' dir='ltr'>ipsas,</span> <span class='ocrx_word' id='word_1_12' title='bbox 490 418 531 461; x_wconf 90' lang='lat' dir='ltr'>ne</span> <span class='ocrx_word' id='word_1_13' title='bbox 548 395 582 460; x_wconf 91' lang='lat' dir='ltr'>in</span> <span class='ocrx_word' id='word_1_14' title='bbox 604 394 741 461; x_wconf 84' lang='lat' dir='ltr'><strong>tumultu</strong></span> <span class='ocrx_word' id='word_1_15' title='bbox 762 417 891 482; x_wconf 88' lang='lat' dir='ltr'>pugnae</span> <span class='ocrx_word' id='word_1_16' title='bbox 915 394 1038 460; x_wconf 86' lang='lat' dir='ltr'>turbari</span> <span class='ocrx_word' id='word_1_17' title='bbox 1054 394 1163 460; x_wconf 65' lang='lat' dir='ltr'>ordines*</span> 
     </span>
     <span class='ocr_line' id='line_1_3' title="bbox 143 489 1157 584; baseline -0.007 -22"><span class='ocrx_word' id='word_1_18' title='bbox 143 505 291 584; x_wconf 78' lang='lat' dir='ltr'>possent,</span> <span class='ocrx_word' id='word_1_19' title='bbox 316 492 410 558; x_wconf 89' lang='lat' dir='ltr'>malis</span> <span class='ocrx_word' id='word_1_20' title='bbox 439 491 647 575; x_wconf 85' lang='lat' dir='ltr'>antemrisque</span> <span class='ocrx_word' id='word_1_21' title='bbox 673 490 713 555; x_wconf 88' lang='lat' dir='ltr'>de</span> <span class='ocrx_word' id='word_1_22' title='bbox 739 510 822 554; x_wconf 84' lang='lat' dir='ltr'>nave</span> <span class='ocrx_word' id='word_1_23' title='bbox 844 490 877 554; x_wconf 92' lang='lat' dir='ltr'>in</span> <span class='ocrx_word' id='word_1_24' title='bbox 899 512 1020 556; x_wconf 86' lang='lat' dir='ltr'>navem</span> <span class='ocrx_word' id='word_1_25' title='bbox 1043 489 1157 555; x_wconf 66' lang='lat' dir='ltr'>husam</span> 
     </span>
     <span class='ocr_line' id='line_1_4' title="bbox 145 584 1158 672; baseline -0.006 -16"><span class='ocrx_word' id='word_1_26' title='bbox 145 612 183 656; x_wconf 89' lang='lat' dir='ltr'>ac</span> <span class='ocrx_word' id='word_1_27' title='bbox 209 588 322 654; x_wconf 86' lang='lat' dir='ltr'>validis</span> <span class='ocrx_word' id='word_1_28' title='bbox 349 586 480 651; x_wconf 86' lang='lat' dir='ltr'>fimibus</span> <span class='ocrx_word' id='word_1_29' title='bbox 506 584 595 651; x_wconf 89' lang='lat' dir='ltr'>velut</span> <span class='ocrx_word' id='word_1_30' title='bbox 619 606 684 649; x_wconf 74' lang='lat' dir='ltr'>nno</span> <span class='ocrx_word' id='word_1_31' title='bbox 714 584 799 650; x_wconf 88' lang='lat' dir='ltr'>inter</span> <span class='ocrx_word' id='word_1_32' title='bbox 825 606 861 650; x_wconf 89' lang='lat' dir='ltr'>se</span> <span class='ocrx_word' id='word_1_33' title='bbox 885 584 1018 651; x_wconf 89' lang='lat' dir='ltr'>vinculo</span> <span class='ocrx_word' id='word_1_34' title='bbox 1043 584 1158 672; x_wconf 85' lang='lat' dir='ltr'>inligatis</span> 
     </span>
     <span class='ocr_line' id='line_1_5' title="bbox 145 678 1162 772; baseline -0.007 -21"><span class='ocrx_word' id='word_1_35' title='bbox 145 683 332 772; x_wconf 75' lang='lat' dir='ltr'>conprendit</span> <span class='ocrx_word' id='word_1_36' title='bbox 348 680 536 764; x_wconf 82' lang='lat' dir='ltr'>tabulasque</span> <span class='ocrx_word' id='word_1_37' title='bbox 559 678 800 767; x_wconf 87' lang='lat' dir='ltr'>superinstravit</span> <span class='ocrx_word' id='word_1_38' title='bbox 821 689 854 744; x_wconf 91' lang='lat' dir='ltr'>et</span> <span class='ocrx_word' id='word_1_39' title='bbox 869 680 1020 766; x_wconf 84' lang='lat' dir='ltr'>pervium</span> <span class='ocrx_word' id='word_1_40' title='bbox 1041 678 1162 745; x_wconf 82' lang='lat' dir='ltr'>ordinem¹</span> 
     </span>
     <span class='ocr_line' id='line_1_6' title="bbox 112 773 1159 863; baseline -0.007 -18"><span class='ocrx_word' id='word_1_41' title='bbox 112 806 127 853; x_wconf 82' lang='lat'><strong>6</strong></span> <span class='ocrx_word' id='word_1_42' title='bbox 145 779 235 858; x_wconf 81' lang='lat' dir='ltr'>iecit3</span> <span class='ocrx_word' id='word_1_43' title='bbox 263 787 312 843; x_wconf 89' lang='lat' dir='ltr'>set</span> <span class='ocrx_word' id='word_1_44' title='bbox 330 787 363 843; x_wconf 92' lang='lat' dir='ltr'>et</span> <span class='ocrx_word' id='word_1_45' title='bbox 380 776 441 842; x_wconf 94' lang='lat' dir='ltr'>sub</span> <span class='ocrx_word' id='word_1_46' title='bbox 457 775 537 863; x_wconf 87' lang='lat' dir='ltr'>ipsis</span> <span class='ocrx_word' id='word_1_47' title='bbox 553 774 704 862; x_wconf 89' lang='lat' dir='ltr'>pontibus</span> <span class='ocrx_word' id='word_1_48' title='bbox 720 773 889 840; x_wconf 84' lang='lat' dir='ltr'>intervalla</span> <span class='ocrx_word' id='word_1_49' title='bbox 911 775 1005 854; x_wconf 85' lang='lat' dir='ltr'>fecit,</span> <span class='ocrx_word' id='word_1_50' title='bbox 1031 796 1091 860; x_wconf 85' lang='lat' dir='ltr'>qua</span> <span class='ocrx_word' id='word_1_51' title='bbox 1103 794 1159 861; x_wconf 80' lang='lat' dir='ltr'>pro-</span> 
     </span>
     <span class='ocr_line' id='line_1_7' title="bbox 147 868 1156 959; baseline -0.007 -19"><span class='ocrx_word' id='word_1_52' title='bbox 147 895 271 940; x_wconf 88' lang='lat' dir='ltr'>currere</span> <span class='ocrx_word' id='word_1_53' title='bbox 284 870 519 959; x_wconf 78' lang='lat' dir='ltr'>&#39;speculatoriae</span> <span class='ocrx_word' id='word_1_54' title='bbox 536 892 635 935; x_wconf 90' lang='lat' dir='ltr'>naves</span> <span class='ocrx_word' id='word_1_55' title='bbox 653 869 688 933; x_wconf 93' lang='lat' dir='ltr'>in</span> <span class='ocrx_word' id='word_1_56' title='bbox 704 868 831 933; x_wconf 78' lang='lat' dir='ltr'>hostem</span> <span class='ocrx_word' id='word_1_57' title='bbox 849 890 887 933; x_wconf 88' lang='lat' dir='ltr'>ac</span> <span class='ocrx_word' id='word_1_58' title='bbox 905 878 977 935; x_wconf 88' lang='lat' dir='ltr'>tuto</span> <span class='ocrx_word' id='word_1_59' title='bbox 994 869 1090 956; x_wconf 83' lang='lat' dir='ltr'>recipi</span> <span class='ocrx_word' id='word_1_60' title='bbox 1101 890 1156 957; x_wconf 86' lang='lat' dir='ltr'>pos-</span> 
     </span>
     <span class='ocr_line' id='line_1_8' title="bbox 113 962 1159 1051; baseline -0.01 -14"><span class='ocrx_word' id='word_1_61' title='bbox 113 993 127 1038; x_wconf 81' lang='lat' dir='ltr'>r</span> <span class='ocrx_word' id='word_1_62' title='bbox 148 979 229 1034; x_wconf 86' lang='lat' dir='ltr'>sent.</span> <span class='ocrx_word' id='word_1_63' title='bbox 274 966 323 1031; x_wconf 92' lang='lat' dir='ltr'>his</span> <span class='ocrx_word' id='word_1_64' title='bbox 341 964 457 1051; x_wconf 88' lang='lat' dir='ltr'>raptim</span> <span class='ocrx_word' id='word_1_65' title='bbox 478 986 537 1051; x_wconf 91' lang='lat' dir='ltr'>pro</span> <span class='ocrx_word' id='word_1_66' title='bbox 561 973 702 1049; x_wconf 90' lang='lat' dir='ltr'>tempore</span> <span class='ocrx_word' id='word_1_67' title='bbox 719 962 882 1028; x_wconf 82' lang='lat' dir='ltr'>instructis</span> <span class='ocrx_word' id='word_1_68' title='bbox 904 963 994 1030; x_wconf 83' lang='lat' dir='ltr'>mille</span> <span class='ocrx_word' id='word_1_69' title='bbox 1012 963 1105 1029; x_wconf 81' lang='lat' dir='ltr'>ferme</span> <span class='ocrx_word' id='word_1_70' title='bbox 1118 962 1159 1027; x_wconf 84' lang='lat' dir='ltr'>dc·</span> 
     </span>
     <span class='ocr_line' id='line_1_9' title="bbox 147 1055 1161 1148; baseline -0.005 -21"><span class='ocrx_word' id='word_1_71' title='bbox 147 1061 221 1128; x_wconf 89' lang='lat' dir='ltr'>lecti</span> <span class='ocrx_word' id='word_1_72' title='bbox 238 1069 491 1148; x_wconf 81' lang='lat' dir='ltr'><strong>propugnatores</strong></span> <span class='ocrx_word' id='word_1_73' title='bbox 509 1056 660 1123; x_wconf 89' lang='lat' dir='ltr'>onerariis</span> <span class='ocrx_word' id='word_1_74' title='bbox 678 1056 898 1144; x_wconf 91' lang='lat' dir='ltr'>imponuntur,</span> <span class='ocrx_word' id='word_1_75' title='bbox 925 1057 1062 1122; x_wconf 82' lang='lat' dir='ltr'>telorum</span> <span class='ocrx_word' id='word_1_76' title='bbox 1077 1055 1161 1122; x_wconf 90' lang='lat' dir='ltr'>missi-</span> 
     </span>
     <span class='ocr_line' id='line_1_10' title="bbox 147 1152 1160 1240; baseline -0.004 -18"><span class='ocrx_word' id='word_1_77' title='bbox 147 1158 239 1235; x_wconf 89' lang='lat' dir='ltr'><strong>lium,</strong></span> <span class='ocrx_word' id='word_1_78' title='bbox 261 1166 297 1220; x_wconf 92' lang='lat' dir='ltr'>ut</span> <span class='ocrx_word' id='word_1_79' title='bbox 315 1153 459 1239; x_wconf 87' lang='lat' dir='ltr'>quamvis</span> <span class='ocrx_word' id='word_1_80' title='bbox 477 1152 574 1239; x_wconf 89' lang='lat' dir='ltr'>longo</span> <span class='ocrx_word' id='word_1_81' title='bbox 592 1152 763 1218; x_wconf 78' lang='lat' dir='ltr'>certamine</span> <span class='ocrx_word' id='word_1_82' title='bbox 782 1152 980 1232; x_wconf 89' lang='lat' dir='ltr'>sufficerent,</span> <span class='ocrx_word' id='word_1_83' title='bbox 1004 1153 1053 1218; x_wconf 85' lang='lat' dir='ltr'>vis</span> <span class='ocrx_word' id='word_1_84' title='bbox 1068 1153 1160 1240; x_wconf 82' lang='lat' dir='ltr'>iugens</span> 
     </span>
     <span class='ocr_line' id='line_1_11' title="bbox 113 1246 1188 1338; baseline -0.011 -19"><span class='ocrx_word' id='word_1_85' title='bbox 113 1249 336 1338; x_wconf 76' lang='lat' dir='ltr'>scongeritur.</span> <span class='ocrx_word' id='word_1_86' title='bbox 388 1247 433 1313; x_wconf 88' lang='lat' dir='ltr'>ita</span> <span class='ocrx_word' id='word_1_87' title='bbox 459 1246 560 1334; x_wconf 87' lang='lat' dir='ltr'>parati</span> <span class='ocrx_word' id='word_1_88' title='bbox 587 1257 681 1330; x_wconf 91' lang='lat' dir='ltr'>atque</span> <span class='ocrx_word' id='word_1_89' title='bbox 705 1246 818 1312; x_wconf 84' lang='lat' dir='ltr'>intenti</span> <span class='ocrx_word' id='word_1_90' title='bbox 844 1247 988 1312; x_wconf 90' lang='lat' dir='ltr'>hostium</span> <span class='ocrx_word' id='word_1_91' title='bbox 1015 1248 1188 1312; x_wconf 84' lang='lat' dir='ltr'>adventum.</span> 
     </span>
     <span class='ocr_line' id='line_1_12' title="bbox 148 1339 1159 1434; baseline -0.007 -21"><span class='ocrx_word' id='word_1_92' title='bbox 148 1346 401 1434; x_wconf 83' lang='lat' dir='ltr'>opperiebantur.</span> <span class='ocrx_word' id='word_1_93' title='bbox 458 1339 755 1428; x_wconf 80' lang='lat' dir='ltr'>Carthaginienses,</span> <span class='ocrx_word' id='word_1_94' title='bbox 791 1340 859 1425; x_wconf 91' lang='lat' dir='ltr'>qui,</span> <span class='ocrx_word' id='word_1_95' title='bbox 896 1341 925 1406; x_wconf 92' lang='lat' dir='ltr'>si</span> <span class='ocrx_word' id='word_1_96' title='bbox 958 1350 1159 1417; x_wconf 74' lang='lat' dir='ltr'>maturassent,</span> 
     </span>
     <span class='ocr_line' id='line_1_13' title="bbox 148 1435 1161 1526; baseline -0.005 -21"><span class='ocrx_word' id='word_1_97' title='bbox 148 1440 254 1506; x_wconf 93' lang='lat' dir='ltr'>omnia</span> <span class='ocrx_word' id='word_1_98' title='bbox 271 1438 428 1526; x_wconf 85' lang='lat' dir='ltr'>permixta</span> <span class='ocrx_word' id='word_1_99' title='bbox 445 1436 538 1502; x_wconf 90' lang='lat' dir='ltr'>turba</span> <span class='ocrx_word' id='word_1_100' title='bbox 555 1435 778 1522; x_wconf 88' lang='lat' dir='ltr'>trepidantium</span> <span class='ocrx_word' id='word_1_101' title='bbox 795 1435 900 1522; x_wconf 92' lang='lat' dir='ltr'>primo</span> <span class='ocrx_word' id='word_1_102' title='bbox 916 1435 1040 1523; x_wconf 87' lang='lat' dir='ltr'>impetu</span> <span class='ocrx_word' id='word_1_103' title='bbox 1053 1456 1161 1523; x_wconf 84' lang='lat' dir='ltr'>oppres·</span> 
     </span>
     <span class='ocr_line' id='line_1_14' title="bbox 114 1528 1160 1619; baseline -0.009 -17"><span class='ocrx_word' id='word_1_104' title='bbox 114 1556 129 1604; x_wconf 84' lang='lat' dir='ltr'>a</span> <span class='ocrx_word' id='word_1_105' title='bbox 149 1535 280 1612; x_wconf 91' lang='lat' dir='ltr'>sissent,</span> <span class='ocrx_word' id='word_1_106' title='bbox 311 1531 450 1619; x_wconf 90' lang='lat' dir='ltr'>perculsi</span> <span class='ocrx_word' id='word_1_107' title='bbox 476 1530 676 1596; x_wconf 80' lang='lat' dir='ltr'>terrestribus</span> <span class='ocrx_word' id='word_1_108' title='bbox 699 1529 842 1595; x_wconf 82' lang='lat' dir='ltr'>cladibus</span> <span class='ocrx_word' id='word_1_109' title='bbox 866 1540 962 1614; x_wconf 89' lang='lat' dir='ltr'>atque</span> <span class='ocrx_word' id='word_1_110' title='bbox 985 1530 1059 1594; x_wconf 90' lang='lat' dir='ltr'>inde</span> <span class='ocrx_word' id='word_1_111' title='bbox 1082 1528 1160 1595; x_wconf 87' lang='lat' dir='ltr'>nein</span> 
     </span>
     <span class='ocr_line' id='line_1_15' title="bbox 146 1622 1160 1714; baseline -0.004 -21"><span class='ocrx_word' id='word_1_112' title='bbox 146 1627 227 1693; x_wconf 90' lang='lat' dir='ltr'>mari</span> <span class='ocrx_word' id='word_1_113' title='bbox 246 1626 386 1712; x_wconf 91' lang='lat' dir='ltr'>quidem,</span> <span class='ocrx_word' id='word_1_114' title='bbox 413 1626 469 1691; x_wconf 92' lang='lat' dir='ltr'>ubi</span> <span class='ocrx_word' id='word_1_115' title='bbox 489 1625 552 1714; x_wconf 91' lang='lat' dir='ltr'>ipsi</span> <span class='ocrx_word' id='word_1_116' title='bbox 568 1626 641 1712; x_wconf 92' lang='lat' dir='ltr'>plus</span> <span class='ocrx_word' id='word_1_117' title='bbox 662 1635 822 1713; x_wconf 90' lang='lat' dir='ltr'>poterant,</span> <span class='ocrx_word' id='word_1_118' title='bbox 852 1625 931 1691; x_wconf 89' lang='lat' dir='ltr'>satis</span> <span class='ocrx_word' id='word_1_119' title='bbox 953 1625 1100 1703; x_wconf 86' lang='lat' dir='ltr'>fidentes,</span> <span class='ocrx_word' id='word_1_120' title='bbox 1122 1622 1160 1689; x_wconf 86' lang='lat' dir='ltr'>dic</span> 
     </span>
     <span class='ocr_line' id='line_1_16' title="bbox 150 1719 1160 1810; baseline -0.005 -21"><span class='ocrx_word' id='word_1_121' title='bbox 150 1723 241 1810; x_wconf 86' lang='lat' dir='ltr'>segni</span> <span class='ocrx_word' id='word_1_122' title='bbox 257 1720 460 1808; x_wconf 87' lang='lat' dir='ltr'>navigatione</span> <span class='ocrx_word' id='word_1_123' title='bbox 479 1720 646 1806; x_wconf 88' lang='lat' dir='ltr'>absumpto</span> <span class='ocrx_word' id='word_1_124' title='bbox 665 1720 725 1785; x_wconf 94' lang='lat' dir='ltr'>sub</span> <span class='ocrx_word' id='word_1_125' title='bbox 743 1740 893 1785; x_wconf 87' lang='lat' dir='ltr'>occasum</span> <span class='ocrx_word' id='word_1_126' title='bbox 911 1719 990 1786; x_wconf 88' lang='lat' dir='ltr'>solis</span> <span class='ocrx_word' id='word_1_127' title='bbox 1008 1720 1042 1784; x_wconf 92' lang='lat' dir='ltr'>in</span> <span class='ocrx_word' id='word_1_128' title='bbox 1058 1729 1160 1808; x_wconf 77' lang='lat' dir='ltr'>portam</span> 
     </span>
     <span class='ocr_line' id='line_1_17' title="bbox 98 1812 1159 1903; baseline -0.008 -18"><span class='ocrx_word' id='word_1_129' title='bbox 98 1837 131 1886; x_wconf 89' lang='lat'>10</span> <span class='ocrx_word' id='word_1_130' title='bbox 148 1855 175 1865; x_wconf 96' lang='lat'><em>-</em></span> <span class='ocrx_word' id='word_1_131' title='bbox 186 1818 393 1883; x_wconf 88' lang='lat' dir='ltr'>Rusucmona</span> <span class='ocrx_word' id='word_1_132' title='bbox 406 1815 481 1880; x_wconf 82' lang='lat' dir='ltr'>Afri</span> <span class='ocrx_word' id='word_1_133' title='bbox 499 1826 614 1881; x_wconf 91' lang='lat' dir='ltr'>vocant</span> <span class='ocrx_word' id='word_1_134' title='bbox 630 1852 657 1864; x_wconf 90' lang='lat'><em>-</em></span> <span class='ocrx_word' id='word_1_135' title='bbox 674 1815 776 1880; x_wconf 89' lang='lat' dir='ltr'>classe</span> <span class='ocrx_word' id='word_1_136' title='bbox 795 1815 962 1902; x_wconf 86' lang='lat' dir='ltr'>adpulere:</span> <span class='ocrx_word' id='word_1_137' title='bbox 986 1826 1109 1903; x_wconf 86' lang='lat' dir='ltr'>postero</span> <span class='ocrx_word' id='word_1_138' title='bbox 1121 1812 1159 1877; x_wconf 86' lang='lat' dir='ltr'>dis</span> 
     </span>
     <span class='ocr_line' id='line_1_18' title="bbox 149 1908 1158 1976; baseline -0.003 0"><span class='ocrx_word' id='word_1_139' title='bbox 149 1912 209 1976; x_wconf 92' lang='lat' dir='ltr'>sub</span> <span class='ocrx_word' id='word_1_140' title='bbox 227 1921 331 1976; x_wconf 90' lang='lat' dir='ltr'>ortum</span> <span class='ocrx_word' id='word_1_141' title='bbox 349 1909 425 1975; x_wconf 93' lang='lat' dir='ltr'>solis</span> <span class='ocrx_word' id='word_1_142' title='bbox 443 1910 626 1976; x_wconf 81' lang='lat' dir='ltr'>instruxere</span> <span class='ocrx_word' id='word_1_143' title='bbox 639 1910 679 1974; x_wconf 91' lang='lat' dir='ltr'>ab</span> <span class='ocrx_word' id='word_1_144' title='bbox 702 1909 766 1975; x_wconf 89' lang='lat' dir='ltr'>alto</span> <span class='ocrx_word' id='word_1_145' title='bbox 783 1932 882 1974; x_wconf 90' lang='lat' dir='ltr'>naves</span> <span class='ocrx_word' id='word_1_146' title='bbox 902 1909 992 1974; x_wconf 87' lang='lat' dir='ltr'>velut</span> <span class='ocrx_word' id='word_1_147' title='bbox 1010 1910 1051 1975; x_wconf 89' lang='lat' dir='ltr'>ad</span> <span class='ocrx_word' id='word_1_148' title='bbox 1065 1908 1158 1973; x_wconf 75' lang='lat' dir='ltr'>iustu</span> 
     </span>
     <span class='ocr_line' id='line_1_19' title="bbox 147 2000 1157 2093; baseline -0.005 -22"><span class='ocrx_word' id='word_1_149' title='bbox 147 2005 304 2093; x_wconf 91' lang='lat' dir='ltr'>proelium</span> <span class='ocrx_word' id='word_1_150' title='bbox 329 2003 442 2069; x_wconf 81' lang='lat' dir='ltr'>navale</span> <span class='ocrx_word' id='word_1_151' title='bbox 469 2015 501 2068; x_wconf 91' lang='lat' dir='ltr'>et</span> <span class='ocrx_word' id='word_1_152' title='bbox 527 2015 688 2089; x_wconf 90' lang='lat' dir='ltr'>tamquam</span> <span class='ocrx_word' id='word_1_153' title='bbox 720 2003 849 2069; x_wconf 89' lang='lat' dir='ltr'>exituris</span> <span class='ocrx_word' id='word_1_154' title='bbox 881 2015 995 2070; x_wconf 89' lang='lat' dir='ltr'>contra</span> <span class='ocrx_word' id='word_1_155' title='bbox 1019 2000 1157 2070; x_wconf 84' lang='lat' dir='ltr'>Romania</span> 
     </span>
     <span class='ocr_line' id='line_1_20' title="bbox 99 2098 1156 2187; baseline -0.005 -20"><span class='ocrx_word' id='word_1_156' title='bbox 99 2121 129 2167; x_wconf 88' lang='lat'>11</span> <span class='ocrx_word' id='word_1_157' title='bbox 150 2122 222 2166; x_wconf 88' lang='lat' dir='ltr'>cum</span> <span class='ocrx_word' id='word_1_158' title='bbox 248 2098 302 2164; x_wconf 92' lang='lat' dir='ltr'>diu</span> <span class='ocrx_word' id='word_1_159' title='bbox 330 2098 507 2178; x_wconf 84' lang='lat' dir='ltr'>stetissent,</span> <span class='ocrx_word' id='word_1_160' title='bbox 534 2112 704 2187; x_wconf 91' lang='lat' dir='ltr'>postquam</span> <span class='ocrx_word' id='word_1_161' title='bbox 730 2100 809 2164; x_wconf 89' lang='lat' dir='ltr'>nihil</span> <span class='ocrx_word' id='word_1_162' title='bbox 829 2101 953 2166; x_wconf 87' lang='lat' dir='ltr'>moveri</span> <span class='ocrx_word' id='word_1_163' title='bbox 976 2103 1018 2167; x_wconf 88' lang='lat' dir='ltr'>ab</span> <span class='ocrx_word' id='word_1_164' title='bbox 1039 2100 1156 2167; x_wconf 82' lang='lat' dir='ltr'>hostibus</span> 
     </span>
     <span class='ocr_line' id='line_1_21' title="bbox 99 2195 1157 2282; baseline -0.006 -19"><span class='ocrx_word' id='word_1_165' title='bbox 99 2216 129 2263; x_wconf 84' lang='lat'>12</span> <span class='ocrx_word' id='word_1_166' title='bbox 149 2196 310 2274; x_wconf 82' lang='lat' dir='ltr'>viderunt,</span> <span class='ocrx_word' id='word_1_167' title='bbox 337 2205 404 2259; x_wconf 92' lang='lat' dir='ltr'>tum</span> <span class='ocrx_word' id='word_1_168' title='bbox 428 2195 556 2260; x_wconf 87' lang='lat' dir='ltr'>demum</span> <span class='ocrx_word' id='word_1_169' title='bbox 577 2196 737 2261; x_wconf 86' lang='lat' dir='ltr'>onerarias</span> <span class='ocrx_word' id='word_1_170' title='bbox 762 2195 1003 2282; x_wconf 84' lang='lat' dir='ltr'>adgrediuntur.</span> <span class='ocrx_word' id='word_1_171' title='bbox 1048 2205 1157 2260; x_wconf 84' lang='lat' dir='ltr'>eratres</span> 
     </span>
     <span class='ocr_line' id='line_1_22' title="bbox 147 2289 1158 2377; baseline -0.005 -21"><span class='ocrx_word' id='word_1_172' title='bbox 147 2290 277 2356; x_wconf 92' lang='lat' dir='ltr'>minime</span> <span class='ocrx_word' id='word_1_173' title='bbox 295 2289 459 2355; x_wconf 91' lang='lat' dir='ltr'>certamini</span> <span class='ocrx_word' id='word_1_174' title='bbox 477 2289 583 2354; x_wconf 89' lang='lat' dir='ltr'>navali</span> <span class='ocrx_word' id='word_1_175' title='bbox 602 2290 727 2367; x_wconf 90' lang='lat' dir='ltr'>similis,</span> <span class='ocrx_word' id='word_1_176' title='bbox 754 2289 899 2377; x_wconf 87' lang='lat' dir='ltr'>proxime</span> <span class='ocrx_word' id='word_1_177' title='bbox 918 2291 1059 2376; x_wconf 89' lang='lat' dir='ltr'>speciem</span> <span class='ocrx_word' id='word_1_178' title='bbox 1075 2308 1158 2354; x_wconf 88' lang='lat' dir='ltr'>muros</span> 
     </span>
     <span class='ocr_line' id='line_1_23' title="bbox 149 2382 1160 2473; baseline -0.007 -21"><span class='ocrx_word' id='word_1_179' title='bbox 149 2385 401 2473; x_wconf 89' lang='lat' dir='ltr'>oppugnantium</span> <span class='ocrx_word' id='word_1_180' title='bbox 424 2384 563 2449; x_wconf 88' lang='lat' dir='ltr'>navium.</span> <span class='ocrx_word' id='word_1_181' title='bbox 614 2384 777 2450; x_wconf 88' lang='lat' dir='ltr'>altitudine</span> <span class='ocrx_word' id='word_1_182' title='bbox 799 2384 998 2469; x_wconf 90' lang='lat' dir='ltr'>aliquantum</span> <span class='ocrx_word' id='word_1_183' title='bbox 1024 2382 1160 2451; x_wconf 82' lang='lat' dir='ltr'>onerariae</span> 
     </span>
     <span class='ocr_line' id='line_1_24' title="bbox 99 2479 1160 2567; baseline -0.007 -19"><span class='ocrx_word' id='word_1_184' title='bbox 99 2502 130 2548; x_wconf 85' lang='lat'>13</span> <span class='ocrx_word' id='word_1_185' title='bbox 150 2483 356 2567; x_wconf 84' lang='lat' dir='ltr'>superabant3</span> <span class='ocrx_word' id='word_1_186' title='bbox 398 2505 438 2547; x_wconf 87' lang='lat' dir='ltr'>ex</span> <span class='ocrx_word' id='word_1_187' title='bbox 464 2481 608 2546; x_wconf 87' lang='lat' dir='ltr'>rostratis</span> <span class='ocrx_word' id='word_1_188' title='bbox 634 2479 737 2546; x_wconf 90' lang='lat' dir='ltr'>Poeni</span> <span class='ocrx_word' id='word_1_189' title='bbox 764 2504 847 2545; x_wconf 91' lang='lat' dir='ltr'>vana</span> <span class='ocrx_word' id='word_1_190' title='bbox 871 2479 1040 2567; x_wconf 90' lang='lat' dir='ltr'>pleraque,</span> <span class='ocrx_word' id='word_1_191' title='bbox 1074 2488 1160 2566; x_wconf 85' lang='lat' dir='ltr'>utpote</span> 
     </span>
     <span class='ocr_line' id='line_1_25' title="bbox 149 2573 1160 2664; baseline -0.002 -24"><span class='ocrx_word' id='word_1_192' title='bbox 149 2576 262 2663; x_wconf 88' lang='lat' dir='ltr'>supino</span> <span class='ocrx_word' id='word_1_193' title='bbox 279 2576 378 2654; x_wconf 87' lang='lat' dir='ltr'>iactu,</span> <span class='ocrx_word' id='word_1_194' title='bbox 397 2576 461 2640; x_wconf 90' lang='lat' dir='ltr'>tela</span> <span class='ocrx_word' id='word_1_195' title='bbox 478 2576 511 2640; x_wconf 91' lang='lat' dir='ltr'>in</span> <span class='ocrx_word' id='word_1_196' title='bbox 529 2576 634 2640; x_wconf 90' lang='lat' dir='ltr'>locum</span> <span class='ocrx_word' id='word_1_197' title='bbox 648 2575 841 2661; x_wconf 88' lang='lat' dir='ltr'>superiorem</span> <span class='ocrx_word' id='word_1_198' title='bbox 854 2575 1039 2654; x_wconf 85' lang='lat' dir='ltr'>mittebant3</span> <span class='ocrx_word' id='word_1_199' title='bbox 1057 2573 1160 2664; x_wconf 76' lang='lat' dir='ltr'>gravior</span> 
     </span>
     <span class='ocr_line' id='line_1_26' title="bbox 148 2670 1160 2757; baseline -0.006 -22"><span class='ocrx_word' id='word_1_200' title='bbox 148 2693 186 2735; x_wconf 91' lang='lat' dir='ltr'>ac</span> <span class='ocrx_word' id='word_1_201' title='bbox 202 2671 342 2756; x_wconf 89' lang='lat' dir='ltr'>pondere</span> <span class='ocrx_word' id='word_1_202' title='bbox 361 2671 431 2756; x_wconf 87' lang='lat' dir='ltr'>ipso</span> <span class='ocrx_word' id='word_1_203' title='bbox 449 2670 590 2735; x_wconf 87' lang='lat' dir='ltr'>libratior</span> <span class='ocrx_word' id='word_1_204' title='bbox 608 2693 744 2757; x_wconf 88' lang='lat' dir='ltr'>superne</span> <span class='ocrx_word' id='word_1_205' title='bbox 767 2694 807 2736; x_wconf 91' lang='lat' dir='ltr'>ex</span> <span class='ocrx_word' id='word_1_206' title='bbox 825 2671 979 2736; x_wconf 88' lang='lat' dir='ltr'>onerariis</span> <span class='ocrx_word' id='word_1_207' title='bbox 1003 2671 1082 2736; x_wconf 88' lang='lat' dir='ltr'>ictus</span> <span class='ocrx_word' id='word_1_208' title='bbox 1099 2678 1160 2736; x_wconf 88' lang='lat' dir='ltr'>erat:</span> 
     </span>
     <span class='ocr_line' id='line_1_27' title="bbox 97 2763 1162 2852; baseline -0.005 -22"><span class='ocrx_word' id='word_1_209' title='bbox 97 2784 129 2830; x_wconf 79' lang='lat'>14</span> <span class='ocrx_word' id='word_1_210' title='bbox 149 2763 377 2850; x_wconf 88' lang='lat' dir='ltr'>speculatoriae</span> <span class='ocrx_word' id='word_1_211' title='bbox 395 2788 494 2830; x_wconf 90' lang='lat' dir='ltr'>naves</span> <span class='ocrx_word' id='word_1_212' title='bbox 513 2786 550 2829; x_wconf 90' lang='lat' dir='ltr'>ac</span> <span class='ocrx_word' id='word_1_213' title='bbox 567 2765 651 2830; x_wconf 89' lang='lat' dir='ltr'>levia</span> <span class='ocrx_word' id='word_1_214' title='bbox 667 2765 738 2851; x_wconf 91' lang='lat' dir='ltr'>ipsa</span> <span class='ocrx_word' id='word_1_215' title='bbox 755 2765 896 2852; x_wconf 89' lang='lat' dir='ltr'>navigia,</span> <span class='ocrx_word' id='word_1_216' title='bbox 925 2788 1009 2850; x_wconf 94' lang='lat' dir='ltr'>quae</span> <span class='ocrx_word' id='word_1_217' title='bbox 1032 2767 1090 2832; x_wconf 91' lang='lat' dir='ltr'>sub</span> <span class='ocrx_word' id='word_1_218' title='bbox 1105 2784 1162 2828; x_wconf 90' lang='lat' dir='ltr'>con·</span> 
     </span>
     <span class='ocr_line' id='line_1_28' title="bbox 149 2858 1162 2947; baseline -0.003 -26"><span class='ocrx_word' id='word_1_219' title='bbox 149 2858 255 2922; x_wconf 87' lang='lat' dir='ltr'>stratis</span> <span class='ocrx_word' id='word_1_220' title='bbox 281 2858 426 2944; x_wconf 90' lang='lat' dir='ltr'>pontium</span> <span class='ocrx_word' id='word_1_221' title='bbox 451 2882 510 2945; x_wconf 90' lang='lat' dir='ltr'>per</span> <span class='ocrx_word' id='word_1_222' title='bbox 531 2859 697 2925; x_wconf 88' lang='lat' dir='ltr'>intervalla</span> <span class='ocrx_word' id='word_1_223' title='bbox 719 2861 942 2939; x_wconf 87' lang='lat' dir='ltr'>excurrebant,</span> <span class='ocrx_word' id='word_1_224' title='bbox 969 2861 1073 2947; x_wconf 91' lang='lat' dir='ltr'>primo</span> <span class='ocrx_word' id='word_1_225' title='bbox 1092 2858 1162 2946; x_wconf 85' lang='lat' dir='ltr'>ipsae</span> 
     </span>
     <span class='ocr_line' id='line_1_29' title="bbox 148 2952 1162 3042; baseline 0.011 -26"><span class='ocrx_word' id='word_1_226' title='bbox 148 2963 235 3017; x_wconf 89' lang='lat' dir='ltr'>tanto</span> <span class='ocrx_word' id='word_1_227' title='bbox 262 2952 382 3040; x_wconf 87' lang='lat' dir='ltr'>impetu</span> <span class='ocrx_word' id='word_1_228' title='bbox 411 2965 443 3019; x_wconf 91' lang='lat' dir='ltr'>et</span> <span class='ocrx_word' id='word_1_229' title='bbox 467 2955 685 3042; x_wconf 85' lang='lat' dir='ltr'>magnitudine</span> <span class='ocrx_word' id='word_1_230' title='bbox 715 2967 922 3022; x_wconf 88' lang='lat' dir='ltr'>rostratarum</span> <span class='ocrx_word' id='word_1_231' title='bbox 953 2957 1162 3027; x_wconf 75' lang='lat' dir='ltr'>obruebantur}</span> 
     </span>
     <span class='ocr_line' id='line_1_30' title="bbox 97 3049 1162 3138; baseline 0 -22"><span class='ocrx_word' id='word_1_232' title='bbox 97 3068 128 3116; x_wconf 84' lang='lat'>15</span> <span class='ocrx_word' id='word_1_233' title='bbox 148 3049 261 3114; x_wconf 87' lang='lat' dir='ltr'>deinde</span> <span class='ocrx_word' id='word_1_234' title='bbox 294 3062 325 3115; x_wconf 89' lang='lat' dir='ltr'>et</span> <span class='ocrx_word' id='word_1_235' title='bbox 355 3051 643 3138; x_wconf 87' lang='lat' dir='ltr'>propugnatoribus</span> <span class='ocrx_word' id='word_1_236' title='bbox 674 3074 798 3136; x_wconf 90' lang='lat' dir='ltr'>quoque</span> <span class='ocrx_word' id='word_1_237' title='bbox 829 3051 1053 3118; x_wconf 90' lang='lat' dir='ltr'>incommodae</span> <span class='ocrx_word' id='word_1_238' title='bbox 1084 3060 1162 3123; x_wconf 73' lang='lat' dir='ltr'>erant,</span> 
     </span>
     <span class='ocr_line' id='line_1_31' title="bbox 148 3142 1164 3234; baseline -0.004 -25"><span class='ocrx_word' id='word_1_239' title='bbox 148 3145 233 3229; x_wconf 92' lang='lat' dir='ltr'>quod</span> <span class='ocrx_word' id='word_1_240' title='bbox 249 3145 424 3231; x_wconf 87' lang='lat' dir='ltr'>permixtae</span> <span class='ocrx_word' id='word_1_241' title='bbox 444 3167 515 3210; x_wconf 90' lang='lat' dir='ltr'>cum</span> <span class='ocrx_word' id='word_1_242' title='bbox 533 3147 673 3212; x_wconf 88' lang='lat' dir='ltr'>hostium</span> <span class='ocrx_word' id='word_1_243' title='bbox 690 3147 824 3211; x_wconf 89' lang='lat' dir='ltr'>navibus</span> <span class='ocrx_word' id='word_1_244' title='bbox 842 3145 988 3212; x_wconf 86' lang='lat' dir='ltr'>inhibere</span> <span class='ocrx_word' id='word_1_245' title='bbox 1008 3168 1101 3234; x_wconf 92' lang='lat' dir='ltr'>saepe</span> <span class='ocrx_word' id='word_1_246' title='bbox 1116 3142 1164 3208; x_wconf 80' lang='lat' dir='ltr'>tela</span> 
     </span>
     <span class='ocr_line' id='line_1_32' title="bbox 97 3240 1164 3329; baseline -0.002 -26"><span class='ocrx_word' id='word_1_247' title='bbox 97 3259 128 3304; x_wconf 79' lang='lat'>16</span> <span class='ocrx_word' id='word_1_248' title='bbox 148 3240 305 3325; x_wconf 85' lang='lat' dir='ltr'>cogebant</span> <span class='ocrx_word' id='word_1_249' title='bbox 316 3250 413 3318; x_wconf 87' lang='lat' dir='ltr'>metu,</span> <span class='ocrx_word' id='word_1_250' title='bbox 431 3263 471 3306; x_wconf 92' lang='lat' dir='ltr'>ne</span> <span class='ocrx_word' id='word_1_251' title='bbox 487 3241 635 3328; x_wconf 88' lang='lat' dir='ltr'>ambiguo</span> <span class='ocrx_word' id='word_1_252' title='bbox 649 3241 714 3306; x_wconf 91' lang='lat' dir='ltr'>ictu</span> <span class='ocrx_word' id='word_1_253' title='bbox 729 3242 794 3307; x_wconf 89' lang='lat' dir='ltr'>suis</span> <span class='ocrx_word' id='word_1_254' title='bbox 808 3240 995 3306; x_wconf 85' lang='lat' dir='ltr'>inciderent</span> <span class='ocrx_word' id='word_1_255' title='bbox 1023 3250 1164 3329; x_wconf 86' lang='lat' dir='ltr'>postremo</span> 
     </span>
     <span class='ocr_line' id='line_1_33' title="bbox 148 3335 1166 3424; baseline 0.002 -26"><span class='ocrx_word' id='word_1_256' title='bbox 148 3356 272 3398; x_wconf 88' lang='lat' dir='ltr'>asseres</span> <span class='ocrx_word' id='word_1_257' title='bbox 291 3335 393 3400; x_wconf 84' lang='lat' dir='ltr'>ferreo</span> <span class='ocrx_word' id='word_1_258' title='bbox 413 3357 495 3400; x_wconf 87' lang='lat' dir='ltr'>unco</span> <span class='ocrx_word' id='word_1_259' title='bbox 512 3337 645 3423; x_wconf 84' lang='lat' dir='ltr'>praefixi</span> <span class='ocrx_word' id='word_1_260' title='bbox 661 3374 688 3384; x_wconf 93' lang='lat'><em>-</em></span> <span class='ocrx_word' id='word_1_261' title='bbox 706 3337 907 3424; x_wconf 83' lang='lat' dir='ltr'>harpagones</span> <span class='ocrx_word' id='word_1_262' title='bbox 931 3349 1028 3402; x_wconf 88' lang='lat' dir='ltr'>vocat</span> <span class='ocrx_word' id='word_1_263' title='bbox 1048 3336 1133 3402; x_wconf 91' lang='lat' dir='ltr'>miles</span> <span class='ocrx_word' id='word_1_264' title='bbox 1147 3369 1166 3381; x_wconf 90' lang='lat'>-</span> 
     </span>
     <span class='ocr_line' id='line_1_34' title="bbox 96 3428 1202 3518; baseline 0.005 -27"><span class='ocrx_word' id='word_1_265' title='bbox 96 3447 126 3492; x_wconf 76' lang='lat'>17</span> <span class='ocrx_word' id='word_1_266' title='bbox 146 3449 187 3492; x_wconf 89' lang='lat' dir='ltr'>ex</span> <span class='ocrx_word' id='word_1_267' title='bbox 202 3428 334 3494; x_wconf 91' lang='lat' dir='ltr'>Punicis</span> <span class='ocrx_word' id='word_1_268' title='bbox 357 3429 490 3496; x_wconf 88' lang='lat' dir='ltr'>navibus</span> <span class='ocrx_word' id='word_1_269' title='bbox 513 3431 588 3496; x_wconf 90' lang='lat' dir='ltr'>inici</span> <span class='ocrx_word' id='word_1_270' title='bbox 610 3432 643 3497; x_wconf 93' lang='lat' dir='ltr'>in</span> <span class='ocrx_word' id='word_1_271' title='bbox 660 3432 824 3498; x_wconf 88' lang='lat' dir='ltr'>Romanas</span> <span class='ocrx_word' id='word_1_272' title='bbox 848 3430 963 3518; x_wconf 91' lang='lat' dir='ltr'>coepti.</span> <span class='ocrx_word' id='word_1_273' title='bbox 1011 3452 1164 3518; x_wconf 86' lang='lat' dir='ltr'>quoscum</span> <span class='ocrx_word' id='word_1_274' title='bbox 1200 3428 1202 3437; x_wconf 78' lang='lat'>&#39;</span> 
     </span>
     <span class='ocr_line' id='line_1_35' title="bbox 145 3523 1165 3613; baseline 0.003 -28"><span class='ocrx_word' id='word_1_275' title='bbox 145 3543 248 3606; x_wconf 88' lang='lat' dir='ltr'>neque</span> <span class='ocrx_word' id='word_1_276' title='bbox 266 3523 353 3610; x_wconf 90' lang='lat' dir='ltr'>ipsos</span> <span class='ocrx_word' id='word_1_277' title='bbox 372 3548 474 3610; x_wconf 90' lang='lat' dir='ltr'>neque</span> <span class='ocrx_word' id='word_1_278' title='bbox 494 3537 636 3606; x_wconf 88' lang='lat' dir='ltr'>catenas,</span> <span class='ocrx_word' id='word_1_279' title='bbox 660 3528 774 3612; x_wconf 86' lang='lat' dir='ltr'>quibus</span> <span class='ocrx_word' id='word_1_280' title='bbox 794 3526 943 3613; x_wconf 91' lang='lat' dir='ltr'>suspensi</span> <span class='ocrx_word' id='word_1_281' title='bbox 961 3527 1165 3599; x_wconf 84' lang='lat' dir='ltr'>iniciebantur,</span> 
     </span>
     <span class='ocr_line' id='line_1_36' title="bbox 144 3616 1167 3707; baseline 0.004 -28"><span class='ocrx_word' id='word_1_282' title='bbox 144 3616 283 3682; x_wconf 88' lang='lat' dir='ltr'>incidere</span> <span class='ocrx_word' id='word_1_283' title='bbox 301 3631 446 3703; x_wconf 88' lang='lat' dir='ltr'>possent,</span> <span class='ocrx_word' id='word_1_284' title='bbox 473 3633 509 3687; x_wconf 92' lang='lat' dir='ltr'>ut</span> <span class='ocrx_word' id='word_1_285' title='bbox 527 3644 669 3707; x_wconf 87' lang='lat' dir='ltr'>quaeque</span> <span class='ocrx_word' id='word_1_286' title='bbox 691 3633 776 3687; x_wconf 89' lang='lat' dir='ltr'>retro</span> <span class='ocrx_word' id='word_1_287' title='bbox 794 3620 931 3686; x_wconf 91' lang='lat' dir='ltr'>inhibita</span> <span class='ocrx_word' id='word_1_288' title='bbox 951 3633 1091 3688; x_wconf 83' lang='lat' dir='ltr'>rostrata</span> <span class='ocrx_word' id='word_1_289' title='bbox 1106 3641 1167 3687; x_wconf 87' lang='lat' dir='ltr'>one-</span> 
     </span>
     <span class='ocr_line' id='line_1_37' title="bbox 95 3711 1166 3795; baseline 0.013 -21"><span class='ocrx_word' id='word_1_290' title='bbox 95 3727 126 3775; x_wconf 88' lang='lat'>18</span> <span class='ocrx_word' id='word_1_291' title='bbox 144 3711 260 3776; x_wconf 88' lang='lat' dir='ltr'>rariam</span> <span class='ocrx_word' id='word_1_292' title='bbox 281 3712 464 3780; x_wconf 88' lang='lat' dir='ltr'>haerentem</span> <span class='ocrx_word' id='word_1_293' title='bbox 486 3739 567 3782; x_wconf 89' lang='lat' dir='ltr'>unco</span> <span class='ocrx_word' id='word_1_294' title='bbox 589 3717 741 3795; x_wconf 89' lang='lat' dir='ltr'>traheret,</span> <span class='ocrx_word' id='word_1_295' title='bbox 771 3716 872 3782; x_wconf 89' lang='lat' dir='ltr'>scindi</span> <span class='ocrx_word' id='word_1_296' title='bbox 895 3716 1025 3783; x_wconf 86' lang='lat' dir='ltr'>videres</span> <span class='ocrx_word' id='word_1_297' title='bbox 1047 3713 1166 3788; x_wconf 75' lang='lat' dir='ltr'>vincula</span> 
     </span>
     <span class='ocr_line' id='line_1_38' title="bbox 146 3805 1166 3899; baseline 0.004 -31"><span class='ocrx_word' id='word_1_298' title='bbox 146 3805 258 3888; x_wconf 90' lang='lat' dir='ltr'>quibus</span> <span class='ocrx_word' id='word_1_299' title='bbox 278 3807 340 3872; x_wconf 88' lang='lat' dir='ltr'>alia</span> <span class='ocrx_word' id='word_1_300' title='bbox 358 3809 427 3875; x_wconf 87' lang='lat' dir='ltr'>aliis</span> <span class='ocrx_word' id='word_1_301' title='bbox 445 3811 561 3877; x_wconf 90' lang='lat' dir='ltr'>innexa</span> <span class='ocrx_word' id='word_1_302' title='bbox 579 3822 660 3890; x_wconf 89' lang='lat' dir='ltr'>erat,</span> <span class='ocrx_word' id='word_1_303' title='bbox 685 3812 800 3877; x_wconf 90' lang='lat' dir='ltr'>seriem</span> <span class='ocrx_word' id='word_1_304' title='bbox 818 3811 914 3877; x_wconf 90' lang='lat' dir='ltr'>aliam</span> <span class='ocrx_word' id='word_1_305' title='bbox 933 3811 1029 3877; x_wconf 92' lang='lat' dir='ltr'>simul</span> <span class='ocrx_word' id='word_1_306' title='bbox 1046 3809 1166 3899; x_wconf 77' lang='lat' dir='ltr'>plurium</span> 
     </span>
    </p>
   </div>
   <div class='ocr_carea' id='block_1_3' title="bbox 93 3899 1167 4078">
    <p class='ocr_par' dir='ltr' id='par_1_3' title="bbox 93 3899 1167 4078">
     <span class='ocr_line' id='line_1_39' title="bbox 93 3899 1167 3990; baseline -0.001 -25"><span class='ocrx_word' id='word_1_307' title='bbox 93 3915 126 3965; x_wconf 80' lang='lat'>19</span> <span class='ocrx_word' id='word_1_308' title='bbox 144 3899 271 3964; x_wconf 91' lang='lat' dir='ltr'>navium</span> <span class='ocrx_word' id='word_1_309' title='bbox 291 3902 382 3967; x_wconf 89' lang='lat' dir='ltr'>trahi.</span> <span class='ocrx_word' id='word_1_310' title='bbox 427 3904 487 3969; x_wconf 89' lang='lat' dir='ltr'>hoc</span> <span class='ocrx_word' id='word_1_311' title='bbox 506 3905 642 3970; x_wconf 85' lang='lat' dir='ltr'>maxime</span> <span class='ocrx_word' id='word_1_312' title='bbox 660 3907 756 3972; x_wconf 92' lang='lat' dir='ltr'>modo</span> <span class='ocrx_word' id='word_1_313' title='bbox 773 3906 904 3972; x_wconf 89' lang='lat' dir='ltr'>lacerati</span> <span class='ocrx_word' id='word_1_314' title='bbox 923 3905 1054 3990; x_wconf 92' lang='lat' dir='ltr'>quidem</span> <span class='ocrx_word' id='word_1_315' title='bbox 1072 3922 1167 3970; x_wconf 89' lang='lat' dir='ltr'>omnes</span> 
     </span>
     <span class='ocr_line' id='line_1_40' title="bbox 142 3997 1167 4078; baseline 0.002 -21"><span class='ocrx_word' id='word_1_316' title='bbox 142 4003 272 4078; x_wconf 88' lang='lat' dir='ltr'>pontes,</span> <span class='ocrx_word' id='word_1_317' title='bbox 301 4007 332 4060; x_wconf 90' lang='lat' dir='ltr'>et</span> <span class='ocrx_word' id='word_1_318' title='bbox 349 3997 403 4061; x_wconf 83' lang='lat' dir='ltr'>vix</span> <span class='ocrx_word' id='word_1_319' title='bbox 421 3999 616 4064; x_wconf 87' lang='lat' dir='ltr'>transiliendi</span> <span class='ocrx_word' id='word_1_320' title='bbox 639 4000 672 4064; x_wconf 93' lang='lat' dir='ltr'>in</span> <span class='ocrx_word' id='word_1_321' title='bbox 696 4001 871 4067; x_wconf 90' lang='lat' dir='ltr'>secundum</span> <span class='ocrx_word' id='word_1_322' title='bbox 889 4000 1037 4066; x_wconf 91' lang='lat' dir='ltr'>ordinem</span> <span class='ocrx_word' id='word_1_323' title='bbox 1054 3998 1167 4064; x_wconf 89' lang='lat' dir='ltr'>navium</span> 
     </span>
    </p>
   </div>
   <div class='ocr_carea' id='block_1_4' title="bbox 0 0 1272 4514">
    <p class='ocr_par' dir='ltr' id='par_1_4' title="bbox 0 0 1272 4514">
     <span class='ocr_line' id='line_1_41' title="bbox 0 0 1272 4514; baseline 0 0"><span class='ocrx_word' id='word_1_324' title='bbox 0 0 1272 4514; x_wconf 95' lang='lat' dir='ltr'> </span> 
     </span>
    </p>
   </div>
  </div>
 </body>
</html>
