2528 4514
321 117 436 170 amsa
453 115 552 184 xxx,
571 115 613 168 42.
626 114 669 168 43.
690 119 727 182 [a.
738 112 767 169 o.
778 114 840 183 111]
1036 103 1099 170 527

71 290 153 349 sarta
179 274 371 361 negantibus
399 271 556 337 difficilior
581 271 674 335 venia
699 282 798 350 esset,
829 292 913 336 nunc
939 273 1097 338 monendo

10 376 30 453 k
68 374 159 440 etiam
185 380 291 455 patres
309 368 516 451 conscriptos,
543 377 578 429 ut
601 366 746 430 secundis
768 365 910 431 modeste
932 387 969 431 ao
990 367 1099 431 mode-

10 456 19 487 '
65 479 132 536 rate
153 474 376 531 uterentur-
395 463 421 527 si
445 484 478 526 se
500 471 594 545 atque
616 460 807 526 Hannonem
834 462 995 527 audissent
1017 460 1150 531 Car-15

66 561 281 649 thaginienses
312 569 343 621 et
373 566 512 640 tempore
538 555 584 619 uti
614 555 804 631 voluissent,
840 556 968 621 daturos
998 556 1097 622 fuisse

66 656 153 743 pacis
173 652 388 727 condiciones,
416 672 495 733 quas
513 657 587 713 tunc
604 658 754 733 peterent.
798 671 868 713 raro
887 650 979 714 simul
997 651 1098 716 homi-

63 750 160 816 nibus
178 747 295 812 bonam
313 745 471 810 fortunam
488 742 665 826 bonamque
683 752 819 807 mentem
838 743 918 822 dari3
945 746 1098 832 populum
1117 767 1150 815 11

67 844 246 908 Romanum
266 862 303 904 eo
320 838 472 902 invictum
490 859 574 914 esse,
601 838 686 921 quod
707 838 740 900 in
762 837 907 902 secundis
929 839 1024 904 rebus
1048 865 1099 906 sa-

65 958 143 1023 pere
160 945 192 1000 et
210 933 372 1000 consulere
391 931 573 996 meminerit.
610 941 641 996 et
657 931 783 995 hercule
797 931 973 995 mirandum
987 932 1097 1012 fuisse,
1126 957 1128 961 ⁴

67 1033 96 1098 si
114 1032 204 1097 aliter
221 1029 348 1094 faceret.
393 1049 432 1090 ex
453 1025 620 1091 insolentia
637 1025 750 1108 quibus
773 1047 856 1090 nova
872 1024 955 1090 bona
972 1025 1098 1093 fortuna
1118 1050 1149 1096 11

67 1126 108 1190 sit
120 1122 296 1208 inpotentis
314 1121 449 1184 laetitiae
466 1120 617 1196 insanire3
635 1118 752 1204 populo
765 1119 909 1184 Romano
927 1120 1042 1186 usitata
1061 1143 1098 1186 ac

67 1238 168 1305 prope
185 1217 248 1280 iam
268 1214 408 1279 obsoleta
426 1236 464 1278 ex
482 1213 613 1278 victoria
630 1214 746 1298 gaudia
767 1236 838 1278 esse
856 1236 892 1278 ac
909 1214 980 1300 plus
998 1236 1098 1302 paene

65 1310 228 1399 parcendo
245 1309 335 1373 victis
354 1329 448 1391 quam
466 1308 619 1372 vincendo
640 1308 805 1392 imperium
828 1308 955 1374 auxisse
963 1346 1020 1388 -,
1047 1330 1098 1374 ce·
1118 1331 1150 1378 18

67 1418 210 1472 terorum
240 1403 444 1467 miserabilior
474 1401 571 1466 oratio
602 1400 663 1464 fuit
695 1403 1023 1481 commemorantium,
1060 1427 1100 1468 ex

64 1498 198 1586 quantis
228 1495 338 1582 opibus
369 1517 432 1580 quo
462 1495 663 1559 reccidissent
695 1492 1001 1582 Carthaginiensium
1031 1520 1096 1563 res:

65 1592 152 1659 nihil
173 1592 214 1668 ls,
240 1592 292 1674 qui
312 1591 406 1655 modo
424 1589 532 1653 orbem
553 1611 650 1673 prope
668 1597 820 1653 terrarum
841 1588 1031 1655 obtinuerint
1049 1615 1097 1655 ar-

65 1688 145 1764 mis,
174 1707 337 1771 superesse
355 1694 478 1770 praeter
496 1682 696 1769 Carthaginis
715 1685 847 1748 moenia.
891 1684 940 1749 his
958 1685 1097 1751 inclusos
1119 1708 1150 1756 19

67 1803 133 1845 non
156 1789 251 1856 terra,
277 1800 340 1843 non
362 1778 440 1842 mari
462 1777 630 1861 quicquam
653 1778 702 1842 sui
724 1778 800 1842 iuris
823 1799 962 1858 cernere3
989 1779 1100 1846 urbem

66 1896 195 1960 quoque
213 1875 314 1959 ipsam
333 1896 370 1938 ac
387 1882 516 1958 penates
534 1873 578 1937 ita
595 1873 770 1950 habituros,
790 1874 818 1938 si
835 1876 948 1940 nonin
966 1898 1004 1941 ea
1021 1899 1099 1960 quo-

65 1991 144 2054 que,
180 1989 245 2052 quo
270 1967 348 2031 nihil
372 1967 502 2030 ulterius
530 1966 587 2042 sit,
625 1967 744 2029 saevire
770 1968 906 2051 populus
933 1969 1097 2036 Romanus

65 2063 175 2128 vellet.
201 2084 273 2127 cum
292 2060 375 2126 flecti
388 2060 599 2126 misericordia
613 2068 717 2144 patres
731 2070 903 2144 appareret,
923 2073 1098 2128 senatorem
1117 2084 1151 2130 20

64 2179 169 2223 unum
194 2156 346 2220 infestum
372 2155 521 2241 perfidiae
549 2152 857 2240 Carthaginiensium
888 2155 1099 2221 succlamasse

64 2245 191 2327 ferunt,
213 2272 271 2336 per
287 2271 368 2334 quos
386 2249 462 2314 deos
480 2248 593 2314 foedus
611 2248 702 2312 icturi
720 2256 838 2324 essent,
861 2269 933 2313 cum
951 2270 1020 2327 eos,
1043 2272 1099 2336 per
1117 2269 1148 2318 11

67 2365 150 2429 quos
168 2352 241 2408 ante
258 2343 355 2407 ictum
378 2351 475 2419 esset,
502 2342 702 2419 fefellissent3
730 2347 800 2426 ‘per
821 2342 972 2420 eosdem‚’
998 2343 1100 2426 inquit

64 2422 269 2514 Hasdrubal,
290 2436 452 2520 ‘quoniam
466 2446 530 2500 tam
543 2435 649 2499 infesti
664 2444 737 2500 sunt
750 2435 879 2501 foedera
890 2436 1099 2502 violantibus?

133 2526 346 2594 XXXXHI.
382 2529 545 2593 Inclinatis
564 2529 703 2592 omnium
722 2529 762 2592 ad
780 2551 891 2613 pacem
909 2530 1021 2594 animis
1038 2527 1097 2595 Cu.
1119 2551 1132 2597 1

65 2623 228 2707 Lentulus
247 2623 370 2700 consul,
398 2623 450 2688 cui
468 2622 577 2687 classis
596 2623 756 2706 provincia
773 2631 852 2699 erat,
881 2632 1008 2689 senatus
1025 2644 1100 2690 con-

66 2720 154 2786 sulto
170 2719 354 2784 intercessit.
400 2727 466 2781 tum
484 2716 540 2780 M'.
554 2716 677 2780 Acilius
696 2726 727 2781 et
746 2714 787 2800 Q.
805 2716 966 2783 Minucius
984 2719 1101 2785 tribuni
1119 2732 1135 2785 1

64 2813 173 2900 plebis
201 2812 242 2875 ad
265 2812 417 2899 populum
439 2813 588 2890 tulerunt,
616 2813 731 2878 vellent
752 2813 935 2879 iuberentne
957 2826 1101 2880 senatum

67 2910 254 2983 decernere,
280 2917 316 2971 ut
341 2929 413 2972 curn
442 2906 753 2993 Carthaginiensibus
779 2931 843 2993 pax
868 2909 969 2971 fieret:
1006 2931 1101 2992 quem

65 3024 142 3067 eam
158 3020 270 3084 pacem
288 3002 362 3066 dare
380 3022 536 3085 quemque
558 3024 598 3065 ex
620 3000 732 3065 Africa
749 3000 919 3065 exercitum
938 3001 1100 3086 deportare

68 3091 232 3183 iuberent.
267 3094 307 3158 de
333 3116 411 3178 pace
437 3096 483 3158 uti
507 3103 635 3178 rogatae
662 3102 749 3158 erant
775 3116 883 3159 omnes
910 3094 1009 3159 tribus
1036 3096 1135 3160 ius-3

69 3195 193 3263 serunt,
220 3209 332 3272 pacem
350 3189 424 3252 dare
441 3188 479 3252 P.
501 3185 694 3272 Scipionem,
722 3189 855 3252 eundem
874 3189 1028 3253 exercitus
1046 3189 1101 3252 de-

67 3287 204 3366 portare.
250 3304 289 3345 ex
306 3281 366 3347 hac
383 3283 544 3368 rogatione
563 3291 689 3346 senatus
708 3282 858 3359 decrevit,
881 3291 916 3345 ut
933 3281 971 3346 P.
993 3279 1100 3367 Scipio
1118 3301 1135 3346 4

69 3394 111 3439 cx
128 3372 238 3438 decem
254 3375 430 3461 legatorum
449 3376 602 3440 sententia
619 3397 729 3460 pacem
746 3396 818 3440 cum
836 3374 952 3460 populo
968 3373 1101 3439 Cartha-

69 3466 260 3553 giniensium
287 3468 402 3552 quibus
428 3469 552 3555 legibus
580 3470 608 3532 ei
635 3469 792 3533 videretur
812 3469 938 3532 faceret.
983 3467 1135 3554 gratiana

70 3561 185 3627 deinde
212 3563 353 3646 patribus
381 3584 473 3648 egere
501 3562 778 3648 Carthaginienses
805 3572 835 3626 et
861 3562 1030 3646 petierunt,
1066 3571 1103 3624 ut

68 3654 133 3721 sibi
149 3655 184 3719 in
201 3655 312 3721 urbem
328 3657 455 3722 introire
474 3665 505 3721 et
523 3657 667 3740 conloqui
681 3678 753 3721 cum
766 3655 887 3720 civibus
906 3655 971 3720 suis
984 3655 1100 3730 liceret,

68 3748 125 3832 qui
151 3749 236 3834 capti
261 3750 295 3813 in
320 3749 446 3834 publica
467 3750 609 3816 custodia
631 3760 749 3815 essent:
777 3771 845 3814 esse
871 3749 903 3812 in
925 3748 964 3812 iis
990 3747 1136 3833 partimo

66 3843 266 3928 propinquos
289 3845 469 3929 amicosque
493 3868 581 3924 suos,
607 3845 729 3910 nobiles
747 3845 903 3922 homines,
930 3843 1044 3929 partim
1062 3842 1103 3906 ad
