2528 4514
278 244 394 301 amun
412 245 511 316 m,
529 245 572 302 aa
587 244 629 301 25.
649 246 688 315 [a.
700 244 730 302 c.
740 246 804 316 217]
1019 235 1062 302 79

94 410 202 471 auena
214 412 285 469 sunt:
319 403 421 490 primo
444 424 599 470 concursu
616 402 762 469 Poenum
779 425 880 489 usque
898 404 940 470 ad
957 415 1062 473 carba

98 498 190 575 inam
203 497 255 565 iuis
273 498 434 586 eruptione
457 500 542 565 facta
562 509 691 586 reponte
713 521 840 565 versum
860 509 1010 567 tenorem
1027 503 1061 567 in

100 588 217 671 mnus
226 592 343 659 Numeri
351 592 479 659 Decimi
490 591 642 659 Samnitis
656 594 770 660 deinde
781 595 1061 682 interventuproa-

99 682 313 754 haesitatum.
358 688 444 754 hunc
464 689 639 775 principem
660 711 777 777 genera
798 711 837 755 ao
858 688 975 757 divitiis
996 712 1113 762 non12

90 776 194 845 licini
207 783 293 861 nodo,
314 783 400 848 unde
422 792 503 861 erat,
527 783 584 848 sed
601 791 667 848 toto
686 780 832 863 Samnio,
854 784 946 850 iussn
963 785 1061 850 dicta-

81 870 157 939 tttis
172 884 218 941 octo
236 879 313 943 milia
337 878 494 965 peditum,
530 877 615 942 mille
646 878 767 963 equites
793 879 1001 945 adducentem
1024 880 1061 946 in

89 975 181 1045 asor,
202 970 230 1037 ab
254 983 339 1061 tergo
371 994 444 1038 cum
473 974 671 1060 apparuisset
697 973 885 1053 Hannibali,
921 974 1060 1061 speciem

90 1059 255 1150 priutrique
274 1067 459 1154 praebuisse
480 1067 556 1132 novi
576 1067 725 1152 praesidii
748 1089 821 1132 cum
840 1066 881 1151 Q.
898 1068 1000 1135 Fabio
1017 1069 1060 1135 ab

82 1150 314 1261 diminuentis.
359 1161 573 1227 Hannibalem
595 1161 780 1227 insidiarum
798 1182 923 1248 qnoque
941 1163 1059 1247 aliquid
1079 1184 1113 1233 1³

82 1236 206 1375 lm
217 1255 365 1343 recepisse
383 1277 472 1334 suos,
495 1254 675 1320 Romanum
692 1255 870 1321 insecutum
891 1256 1060 1322 adiuvante

89 1332 192 1412 hb
205 1348 256 1417 dno
277 1350 407 1416 castella
429 1373 466 1416 eo
488 1350 540 1415 die
562 1372 771 1438 expugnasse.
815 1373 874 1417 sex
896 1350 982 1415 milia
1002 1350 1060 1416 ho·
1079 1371 1112 1420 14

95 1438 162 1501 'fl
173 1458 251 1524 assa,
276 1445 414 1530 quinque
436 1445 607 1510 admodum
630 1444 855 1511 Romanorum.
899 1454 1006 1511 tamen
1025 1446 1060 1510 in

150 1537 194 1621 prr·
209 1561 299 1627 prope
322 1540 411 1606 clade
433 1540 552 1605 famam
575 1540 721 1628 egregiae
743 1540 891 1606 victoriae
913 1561 986 1606 oum
1004 1563 1059 1606 va·

192 1632 292 1701 litteris
310 1635 453 1723 magistri
470 1634 611 1718 equitum
629 1633 766 1699 Romam
783 1634 945 1720 perlatam.

90 1774 93 1779 -
127 1718 211 1794 XXV.
246 1726 298 1795 De
315 1729 355 1795 iis
373 1729 468 1795 rebus
485 1750 637 1815 persaepe
655 1739 687 1794 et
703 1729 737 1793 in
755 1737 867 1794 senatu
884 1739 916 1794 et
932 1728 966 1794 in
984 1748 1090 1795 con-1

84 1868 86 1875 -
154 1831 241 1889 actum
266 1832 324 1889 est
360 1844 433 1888 cum
458 1822 541 1888 laeta
567 1823 693 1889 civitate
718 1824 852 1889 dictator
876 1845 959 1890 unus
980 1822 1094 1891 nihils

84 1911 208 2002 botanae
223 1938 280 1983 nec
296 1917 408 1983 litteris
426 1919 566 1983 crederet
588 1927 634 1997 et,
661 1927 697 1983 ut
717 1940 794 1983 vera
815 1919 920 1984 omnia
941 1926 1057 1995 essent,

84 2009 176 2076 mdc
189 2034 220 2078 se
236 2013 339 2100 magis
361 2034 458 2097 quam
479 2012 614 2078 adversa
634 2012 745 2078 timere
766 2012 897 2091 diceret,
924 2022 992 2078 tum
1009 2011 1057 2078 M.
1076 2032 1093 2081 a

85 2092 182 2171 letdlm
203 2107 344 2173 tribunus
370 2106 472 2192 plebis
498 2107 532 2171 id
558 2107 642 2173 enim
668 2107 833 2172 ferendum
855 2130 926 2174 esse
947 2118 1058 2196 negat:

85 2214 118 2261 on
132 2211 309 2283 pausantem
332 2201 434 2266 solum
455 2201 640 2266 dictatorem
661 2200 821 2267 obstitisse
842 2202 888 2266 rei
906 2201 985 2267 bene
1003 2220 1095 2289 ges

85 2288 171 2371 mdia,
188 2296 233 2361 aad
251 2296 415 2362 absentem
433 2296 527 2361 etiam
544 2304 653 2384 gestae
672 2294 797 2360 obstare
815 2305 847 2359 et
863 2295 1058 2360 inducendo

85 2382 139 2465 dle,
152 2408 186 2453 ac
198 2391 313 2468 adulo,
333 2401 457 2476 tempus
475 2400 584 2469 terere,
604 2410 668 2473 qno
685 2388 803 2453 diutins
820 2389 854 2452 in
870 2389 1059 2475 magistratu

86 2478 237 2569 taolnsqne
260 2495 292 2551 et
313 2485 434 2550 Romae
456 2494 488 2550 et
513 2485 548 2549 in
572 2483 711 2551 exercitu
736 2482 902 2570 imperium
927 2482 1058 2562 habeat;

86 2574 146 2664 ippe
162 2580 324 2645 consulum
343 2580 474 2644 alterum
491 2579 525 2644 in
542 2578 608 2644 acie
623 2577 789 2656 cecidisse,
807 2577 939 2643 altanum
953 2577 1059 2663 specie
1077 2596 1095 2644 5

86 2671 139 2736 ssia
153 2670 292 2738 Punicae
314 2674 550 2759 persequendae
571 2672 682 2759 procul
700 2671 740 2738 ab
757 2671 851 2737 Italia
867 2670 1058 2761 ablegatum,
1106 2736 1110 2743 ,

86 2777 281 2852 oapi-actores
301 2765 410 2833 Sicilia
431 2777 525 2852 atque
546 2764 693 2834 Sardinia
714 2775 897 2853 occupatos,
923 2788 1058 2850 quarum
1076 2787 1092 2835 6

87 2866 137 2925 ltro
154 2862 215 2926 hoc
237 2871 378 2947 tempore
403 2861 564 2948 provincia
585 2870 729 2947 praetore
751 2869 857 2948 egeat,
884 2859 932 2925 M.
950 2859 1059 2925 Minu-

87 2974 113 3018 m
126 2956 312 3043 magistrum
330 2956 484 3041 equitum,
507 2978 547 3020 ne
564 2955 687 3020 hostem
705 2954 839 3032 videret,
862 2976 902 3018 ne
920 2954 997 3038 quid
1013 2955 1059 3018 rei

87 3047 154 3115 icae
171 3059 309 3138 gereret,
327 3072 425 3137 prope
442 3051 476 3114 in
494 3050 670 3115 custodiam
687 3048 839 3114 habitum.
867 3047 973 3132 itaque
985 3046 1056 3112 heu·
1075 3068 1090 3115 7

88 3164 176 3210 enon
195 3142 363 3211 Samnium
380 3145 489 3223 modo,
513 3165 576 3228 quo
593 3144 657 3208 iam
675 3151 836 3226 tamquam
852 3150 939 3206 trans
956 3139 1059 3205 Hibe·

88 3260 190 3328 usgro
208 3237 327 3304 Poenis
345 3260 531 3304 concessum
549 3238 605 3316 sit,
624 3247 656 3303 et
669 3234 870 3323 Campanum
888 3231 1059 3301 Calenum-

88 3345 132 3400 'et
145 3334 320 3400 Falernum
338 3358 448 3422 agrum
465 3343 662 3421 pervastatos
681 3355 765 3410 esse,
784 3331 912 3397 sedante
926 3328 1059 3396 Casilini

89 3439 173 3495 atore
187 3439 219 3494 et
231 3428 409 3516 legionibus
423 3429 532 3516 populi
541 3427 677 3493 Romani
690 3448 801 3514 agrum
815 3447 908 3490 sunm
921 3432 1057 3502 tutants3

89 3523 195 3590 scitum
213 3522 392 3609 cupientem
409 3545 551 3610 pugnare
569 3532 601 3587 et
618 3522 803 3608 magistrum
818 3519 960 3603 equitum
974 3517 1058 3582 clan-
1075 3533 1094 3583 8

89 3639 186 3705 prope
198 3617 283 3683 intra
294 3617 413 3682 vallum
425 3627 575 3695 retentos,
595 3625 755 3700 tamquam
767 3613 911 3679 hostibus
924 3608 1057 3696 captivis

89 3712 295 3798 eadempta3
322 3712 463 3790 tandem,
489 3722 526 3775 ut
549 3709 737 3777 abscesserit
758 3709 832 3772 inde
853 3707 995 3783 dictator,
1021 3711 1058 3768 nt
1075 3725 1091 3773 9

90 3808 186 3875 dione
208 3805 374 3885 liberatos,
401 3815 490 3871 extra
510 3805 630 3871 vallum
647 3825 794 3891 egressos
812 3802 934 3867 fudisse
951 3821 990 3865 ac
1005 3798 1058 3865 fu·

92 3925 110 3969 e
137 3901 255 3967 hostis.
291 3922 379 3985 ⁴quas
406 3900 447 3966 ob
473 3920 538 3978 res,
576 3899 603 3964 si
629 3898 777 3983 antiquus
803 3895 926 3961 animm
951 3892 1057 3981 plebei
1076 3912 1110 3961 10

90 4017 184 4064 ianae
212 4003 312 4073 esset,
343 3994 502 4060 audaciter
528 4014 563 4059 se
589 3992 725 4058 laturum
751 3988 852 4057 fuisse
883 3987 985 4075 (dein)
1015 3988 1056 4052 de
