2528 4530
144 214 211 283 250
382 225 502 281 unua
517 224 617 295 xxv,
635 221 740 278 auat.
759 220 946 293 faueas}

95 408 129 457 to
145 407 311 452 manorum
337 382 516 449 arcendum
576 380 611 445 in
640 380 702 446 hoo
731 379 870 445 tumultu
900 376 1054 445 actuadm
1075 397 1145 445 mres

144 483 317 547 instructae
336 477 402 543 iam
427 486 500 541 ante
526 474 816 558 circumvectaeque
838 474 881 539 ad
900 472 1025 539 Nasum
1044 482 1148 539 amatos

145 584 325 662 exponunt,
360 571 416 656 qui
439 570 601 657 inproviso
625 569 728 635 adorti
753 568 944 654 semiplenas
976 568 1150 635 stationeset

145 670 311 755 adapertas
350 665 435 732 fores
474 675 603 752 portae,
646 686 711 749 qua
743 663 839 750 paulo
874 672 949 729 ante
984 672 1151 729 excurrerad

145 762 271 840 armati,
306 761 393 825 haud
426 781 544 847 magno
574 758 743 824 certamine
772 756 896 824 Nasum
930 779 1046 844 cepere
1076 757 1152 823 daer·

95 879 127 927 11
146 868 212 923 tam
246 856 453 943 trepidatione
487 866 520 920 et
556 854 636 942 fuga
665 853 842 919 custodum.
903 876 1010 939 neque
1045 852 1151 919 inullis

145 953 251 1019 minus
272 951 422 1038 praesidii
448 960 504 1015 aut
527 949 719 1036 pertinaciae
746 949 789 1014 ad
809 950 1006 1015 manendum
1031 947 1149 1035 quanin

150 1046 325 1134 transfugis
346 1046 421 1123 fuit,
453 1045 529 1130 quia
554 1067 595 1109 ne
620 1043 688 1109 suis
714 1043 844 1129 quidem
868 1044 946 1110 satis
975 1044 1151 1110 melmae

95 1162 128 1211 12
147 1141 252 1207 medio
273 1141 443 1206 certamine
466 1139 655 1225 effugerant.
698 1137 887 1217 Marcellus,
913 1148 950 1204 ut
968 1150 1155 1225 mptamaa

144 1235 267 1301 Nasum
285 1232 402 1322 [ridet]
422 1244 453 1300 et
465 1232 669 1299 Achradinae
685 1233 848 1319 regionem
863 1256 963 1299 unam
980 1235 1082 1300 teneri
1092 1232 1159 1303 lta

144 1330 307 1414 ricumque
333 1350 408 1393 cum
433 1327 591 1413 praesidio
617 1326 684 1392 suis
710 1327 907 1405 adiunctum,
933 1330 1079 1415 receptui
1101 1329 1159 1397 ced

145 1424 206 1502 uit,
233 1446 273 1488 ue
290 1423 396 1510 regiae
414 1444 506 1507 opes,
540 1444 675 1506 quarum
691 1421 778 1486 fama
795 1421 896 1487 maior
913 1444 1012 1506 quam
1034 1446 1086 1491 res
1104 1440 1159 1501 erat

146 1517 363 1604 diriperentur.

112 1633 124 1679 1
210 1611 350 1677 XXXI.
397 1610 577 1698 Suppresso
607 1610 729 1696 impetu
753 1610 889 1674 militum
915 1620 951 1675 ut
975 1612 1038 1691 iis,
1072 1612 1159 1699 quii

144 1706 330 1773 Achradina
347 1717 449 1784 erant,
476 1707 651 1793 transfugis
673 1705 811 1791 spatium
832 1704 987 1790 locusque
1008 1707 1107 1796 fugae
1123 1709 1159 1775 da

110 1822 127 1869 2
145 1812 197 1868 tus
215 1812 277 1880 est,
298 1800 491 1887 Syracusani
509 1802 636 1866 tandau
653 1799 745 1866 liberi
760 1810 847 1865 metu
864 1802 964 1886 portis
980 1800 1159 1870 Achradina

146 1896 262 1981 apertis
297 1906 436 1960 oratores
468 1895 509 1960 ad
533 1894 724 1960 Marcellum
753 1894 895 1973 mittunt,
930 1896 1012 1961 nihil
1042 1906 1159 1984 pete-nte

109 2010 127 2058 e
145 1989 231 2055 aliud
247 2011 345 2073 quam
361 1988 609 2054 incolumitatem
626 1989 688 2056 sibi
704 1987 875 2074 liberisque
892 1989 971 2055 suis.
1010 1988 1159 2059 Marcella

145 2081 276 2149 oonsilio
294 2083 447 2148 advocato
465 2093 497 2148 et
515 2082 664 2149 adhibitis
687 2083 782 2148 etiam
801 2081 1030 2168 Syracusanis,
1056 2086 1109 2170 qui
1122 2106 1159 2172 pe

146 2177 316 2243 seditiones
333 2177 418 2264 pulsi
435 2177 476 2244 ab
494 2178 589 2244 domo
606 2179 688 2243 iutra
708 2178 868 2264 praesidia
883 2178 1034 2245 Romana
1048 2180 1159 2246 fuerant

109 2272 320 2358 erespoudit,
346 2294 412 2338 non
436 2273 528 2360 plura
553 2295 611 2359 per
636 2295 736 2340 anuos
761 2273 993 2360 quinquaginta
1019 2274 1159 2342 henefaet

143 2366 295 2433 Hieronis
313 2390 410 2452 quam
426 2369 537 2454 paucis
558 2368 609 2433 his
631 2369 722 2433 annis
743 2367 899 2433 maleficia
920 2390 1033 2435 eorum
1050 2370 1105 2456 qui
1120 2367 1159 2456 Sy

142 2484 272 2528 mensas
303 2461 459 2527 tenuerint
489 2484 566 2548 erga
595 2462 749 2549 populum
777 2462 959 2528 Romanum
990 2485 1075 2531 esse.
1125 2485 1159 2529 set

143 2558 293 2643 pleraque
324 2580 433 2624 eorum
463 2580 527 2643 quo
558 2558 724 2624 debuerint
754 2557 924 2624 reccidisse
955 2556 1159 2643 foederumqu

143 2664 307 2740 ruptorum
323 2655 411 2741 ipsos
429 2654 470 2720 ab
493 2675 528 2720 se
545 2655 706 2741 graviores
723 2653 823 2719 multo
844 2675 941 2738 quam
962 2655 1100 2741 populus
1116 2654 1159 2720 Ro

109 2765 126 2812 5
144 2768 258 2812 manus
276 2747 411 2813 voluerit
431 2770 551 2833 poenas
574 2748 739 2835 exegisset
775 2747 961 2832 sequidem
982 2749 1111 2815 tertium
1127 2771 1159 2814 au

143 2861 220 2903 uum
246 2839 475 2906 circumsedere
494 2840 685 2928 Syracusas,
712 2864 778 2907 non
799 2852 835 2906 ut
857 2841 995 2928 populus
1017 2842 1159 2909 Romam

144 2954 269 2998 servam
291 2934 450 2999 civitatem
470 2935 616 3014 haberet,
643 2936 701 3002 sed
726 2957 767 3000 ne
794 2935 1035 3022 transfugarum
1056 2933 1159 3025 [alieni

109 3046 125 3094 e
143 3024 374 3116 genarum]que
392 3029 489 3096 duces
506 3041 632 3118 captam
650 3041 681 3095 et
702 3052 888 3116 oppressam
910 3040 1063 3097 tenerent.
1101 3029 1159 3113 qui

141 3122 300 3209 potuerint
317 3120 511 3210 Syracusani
529 3125 648 3203 facere,
674 3123 820 3211 exemplo
842 3123 894 3189 vel
914 3145 972 3190 eos
995 3146 1065 3191 esua
1080 3120 1159 3209 Syra

144 3240 347 3296 cusanorum,
375 3218 431 3304 qui
448 3219 530 3285 iutra
551 3218 709 3305 praesidia
725 3218 872 3284 Romana
893 3218 1027 3297 fuerint,
1051 3216 1102 3285 vel
1115 3215 1159 3282 Hi

144 3334 279 3398 spanum
296 3314 409 3379 ducem
426 3313 618 3393 Moericum,
645 3314 701 3399 qui
717 3313 910 3401 praesidium
927 3313 1105 3393 tradiderit,
1130 3334 1159 3377 ve

143 3406 283 3490 ipsorum
311 3404 584 3493 Syracusanorum
614 3417 776 3495 postremo
807 3429 913 3473 serum
939 3408 1092 3497 quidem,
1125 3428 1159 3473 se

111 3499 224 3567 sforte
250 3502 424 3568 consilium.
478 3501 539 3567 sibi
565 3503 707 3568 omnium
737 3501 881 3567 labomm
906 3502 1160 3588 periculorumqu

144 3594 228 3660 circa
244 3595 373 3677 jmoenia
395 3594 599 3683 Syracusana
621 3606 705 3663 terra
725 3596 867 3682 marique
892 3604 959 3663 tam
985 3596 1044 3663 din
1066 3597 1159 3664 exhau

145 3698 264 3755 storum
290 3712 490 3777 nequaquam
516 3698 639 3757 tautum
664 3690 802 3756 finctum
828 3711 919 3769 esse,
955 3692 1046 3775 quod
1072 3712 1159 3779 caper

110 3779 322 3869 sSyraousas
348 3785 513 3872 potuisset.
566 3785 640 3851 iude
671 3796 820 3871 quaestor
850 3806 922 3850 cum
952 3787 1159 3873 praesidioa

145 3874 266 3946 Nasum
292 3887 324 3945 et
350 3879 565 3966 accipiendam
586 3880 755 3967 pecuniam
780 3880 900 3968 regiam
926 3882 1159 3950 custodiendam
