2528 4530
293 256 412 312 ursus
428 255 586 326 xxvnu,
604 257 646 313 ao.
661 257 703 313 21.
724 258 875 328 [scaea]
1036 249 1100 316 463

80 439 174 503 eoque
202 413 317 481 similia
342 414 426 479 veris
452 414 659 493 iactabantur,
687 425 793 481 tamen
815 416 891 481 vicit
912 417 954 500 Q.
977 418 1102 487 Metelli

80 509 246 588 sententia,
273 508 329 594 qni
350 509 390 574 de
413 508 525 574 ceteris
542 507 687 575 Maximo
710 509 865 576 adsensus
884 512 924 577 de
943 511 1101 600 Scipionis

80 628 171 671 eausa
193 602 358 670 dissensit:
385 602 440 687 qui
457 601 541 667 enim
559 603 741 681 convenire,
766 626 861 688 quem
877 607 972 673 modo
991 608 1102 675 civitas
1120 622 1161 673 a*

80 703 222 766 iuvenem
239 697 410 764 admodum
426 698 660 785 recuperandae
677 698 856 785 Hispaniae
874 701 1028 789 delegerit
1045 704 1104 769 du-

80 817 157 873 cem,
175 816 271 878 quem
287 802 416 878 recepta
433 793 474 857 ab
491 792 635 858 hostibus
647 793 806 880 Hispania
823 796 865 860 ad
877 795 1104 883 imponendum

80 890 197 957 Punico
218 888 303 953 bello
324 887 420 952 finem
441 887 594 952 creaverit
616 887 792 966 consulem,
820 911 878 975 spe
899 890 1104 958 destinaverit

80 983 221 1049 Africam
240 982 456 1059 subacturum
478 981 694 1047 Hannibalem
711 1004 753 1048 ex
767 983 862 1048 Italia
879 983 1103 1065 detracturum,

80 1101 148 1145 eum
163 1086 295 1163 repente
313 1087 473 1160 tamquam
487 1074 530 1157 Q.
538 1075 745 1154 Pleminium,
762 1076 880 1142 indicta
894 1099 990 1144 causa
1003 1103 1102 1168 prope
1121 1099 1138 1146 a

80 1174 274 1249 damnatrnn,
301 1194 341 1236 ex
362 1170 525 1257 provincia
545 1171 702 1248 revocari,
729 1193 802 1236 cum
824 1194 875 1249 ea,
903 1173 1041 1256 quaein
1068 1197 1103 1240 se

80 1266 195 1333 nefarie
207 1267 294 1331 facta
306 1266 487 1332 Locrenses
501 1276 715 1349 quererentur,
733 1288 774 1332 ne
791 1277 959 1352 praesente
975 1267 1104 1351 quidem

80 1358 226 1447 Scipione
248 1361 333 1425 facta
354 1359 508 1438 dicerent,
534 1381 638 1444 neque
660 1360 747 1426 aliud
768 1382 863 1444 quam
879 1361 1032 1447 patientia
1049 1373 1104 1426 aut

80 1457 186 1543 pudor,
214 1455 299 1540 quod
321 1456 426 1541 legato
448 1455 657 1541 pepercisset,
684 1455 859 1520 insimulari
879 1457 1008 1541 posset?
1043 1456 1139 1522 sibic

79 1551 200 1637 placere
216 1549 267 1615 M.
284 1549 496 1636 Pomponium
517 1561 709 1636 praetorem,
737 1550 788 1613 cui
811 1547 921 1615 Sicilia
940 1551 1104 1636 provincia

80 1645 152 1712 sorti
172 1644 328 1722 uenisset,
355 1644 459 1710 triduo
485 1643 630 1731 proximo
655 1644 689 1708 in
714 1643 910 1729 provinciam
934 1645 1103 1730 proficisci,

80 1738 221 1805 consules
244 1739 354 1804 decern
375 1739 497 1825 legatos
521 1760 600 1823 quos
623 1737 663 1803 iis
685 1738 845 1803 videretur
865 1761 906 1805 ex
929 1750 1041 1805 senatu
1058 1740 1104 1805 le-

80 1856 164 1919 gere,
187 1855 268 1918 quos
286 1855 358 1898 curn
374 1843 519 1919 praetore
536 1832 710 1912 mitterent,
729 1844 761 1898 et
777 1833 857 1899 duos
876 1833 1019 1900 tribunos
1035 1834 1105 1920 ple-

80 1927 127 1994 bei
143 1937 238 2012 atque
252 1927 401 2004 aedilem,
420 1948 492 1992 cum
505 1950 543 1993 eo
558 1927 689 1994 consilio
702 1938 881 2015 praetorem
894 1949 1103 2016 cognoscere:

80 2021 168 2101 siea,
187 2043 269 2107 quae
278 2022 459 2088 Locrenses
478 2021 563 2088 facta
580 2035 794 2107 quererentur,
812 2024 902 2089 iussu
920 2035 974 2089 aut
992 2024 1104 2090 volun·
1122 2042 1139 2090 5

80 2126 138 2183 tate
155 2117 196 2183 P.
212 2114 370 2204 Scipionis
388 2117 474 2182 facta
491 2127 612 2194 essent,
630 2127 667 2180 ut
684 2139 758 2181 eum
775 2117 814 2181 de
831 2119 996 2202 provincia
1012 2119 1105 2184 deee-

80 2211 149 2277 dcre
175 2210 334 2289 iuberent3
362 2211 389 2275 si
410 2211 450 2276 P.
474 2207 582 2297 Scipio
609 2209 674 2274 iam
699 2210 733 2274 in
749 2209 896 2274 Africam
918 2211 1103 2288 traiecisset,
1122 2230 1138 2278 6

80 2304 192 2372 tribuni
221 2304 323 2392 plebis
355 2317 450 2390 atque
477 2305 587 2370 aedilis
614 2326 686 2370 cum
714 2305 836 2370 duobus
862 2303 991 2390 legatis,
1023 2327 1103 2388 quos

80 2400 213 2466 maxime
230 2400 361 2466 idoneos
379 2411 506 2488 praetor
528 2399 718 2477 censuisset,
745 2399 779 2462 in
795 2397 941 2462 Africam
961 2398 1105 2484 proficis-

80 2505 235 2562 cerentur:
262 2495 379 2561 tribuni
401 2506 495 2579 atque
518 2495 644 2572 aedilis,
667 2493 721 2578 qui
737 2492 924 2557 reducerent
940 2492 1014 2557 inde
1033 2488 1104 2558 Sci·

80 2590 218 2677 pionem,
243 2589 354 2677 legati,
387 2590 441 2674 qui
468 2589 619 2654 exercitui
644 2597 843 2674 praeessent,
876 2587 976 2652 donec
1001 2608 1138 2654 novusu

80 2684 247 2772 imperator
264 2684 306 2749 ad
327 2706 400 2749 eum
422 2683 595 2750 exercitum
615 2683 770 2771 venisset3
796 2681 824 2746 si
840 2680 890 2746 M.
906 2680 1103 2767 Pomponius
1121 2701 1140 2749 8

80 2791 109 2846 st
125 2780 237 2845 decem
254 2779 351 2865 legati
368 2779 611 2864 comperissent,
637 2798 739 2861 neque
761 2776 851 2843 iussu
872 2799 974 2861 neque
993 2776 1105 2843 volun·

80 2884 140 2941 tate
156 2873 197 2939 P.
218 2871 376 2958 Scipionis
399 2896 437 2938 ea
459 2873 544 2937 facta
566 2894 652 2950 esse,
679 2884 715 2937 ut
736 2872 778 2937 ad
800 2872 973 2938 exercitum
996 2869 1105 2958 Scipio

80 2980 218 3035 maneret
242 2968 423 3052 bellumque
450 2978 486 3032 ut
510 2967 730 3054 proposuisset
756 2980 889 3055 gereret.
933 2967 994 3033 hoc
1019 2968 1137 3034 factos

80 3072 208 3131 sensura
226 3063 371 3128 consulto
389 3083 461 3127 cum
477 3062 611 3128 tribunis
628 3062 731 3148 plebis
755 3073 860 3126 actum
883 3071 945 3137 est,
972 3070 1008 3124 ut
1030 3081 1106 3126 eon-

80 3167 239 3245 pararant,
263 3157 317 3241 qui
335 3157 397 3222 duo
415 3179 487 3223 cum
505 3169 650 3243 praetore
668 3177 705 3221 ac
722 3155 835 3241 legatis
853 3154 948 3232 irent;
972 3153 1013 3218 ad
1029 3174 1105 3219 con-
1123 3170 1158 3218 10

80 3252 198 3336 legitur
214 3252 399 3339 pontificum
414 3252 549 3318 relatum
567 3263 616 3317 est
634 3251 674 3316 de
692 3248 872 3335 expiandis,
891 3267 972 3331 quae
989 3247 1105 3313 Locris

80 3347 112 3413 in
127 3345 247 3432 templo
256 3347 469 3433 Proserpinae
488 3356 581 3424 tacta,
600 3341 718 3409 violata
735 3343 879 3426 elataque
896 3341 970 3406 inde
989 3351 1105 3406 essent.

80 3440 197 3507 tribuni
216 3440 319 3527 plebis
342 3463 414 3506 cum
435 3452 579 3528 praetore
597 3449 630 3505 et
647 3439 758 3503 decem
773 3436 888 3524 legatis
904 3435 1039 3523 profecti
1055 3434 1105 3501 Μ.
1125 3453 1155 3501 11

80 3532 234 3601 Claudius
249 3535 422 3602 Marcellus
442 3547 474 3601 et
487 3536 535 3601 M.
547 3532 678 3600 Cincius
691 3532 883 3597 Alimentus.
911 3530 1021 3595 aedilis
1039 3530 1107 3614 ple-

80 3628 127 3695 bis
145 3629 253 3708 datus,
276 3651 386 3714 quem,
410 3631 438 3696 si
455 3629 559 3695 autin
579 3625 688 3693 Sicilia
708 3625 845 3712 praetori
868 3625 951 3690 dicto
975 3622 1106 3688 audiens

80 3745 143 3791 non
160 3734 248 3789 esset
261 3722 370 3812 Scipio
388 3735 443 3789 aut
459 3725 523 3789 iam
540 3724 574 3787 in
585 3722 732 3788 Africam
745 3719 934 3797 traiecisset,
952 3717 1107 3805 prendere

80 3816 197 3885 uibuni
217 3817 376 3898 iuberent,
403 3840 441 3884 ac
461 3818 529 3884 iure
552 3826 771 3883 sacrosanctae
793 3814 959 3906 potestatis
977 3812 1108 3877 reduce-

80 3922 159 3980 rent
203 3912 291 3998 prius
309 3914 434 3980 Locros
455 3913 502 3978 ire
524 3935 619 3996 quam
636 3912 825 3977 Messanam
846 3907 1012 3975 consilium
1029 3916 1106 3972 erat.

141 4004 247 4073 XXI.
276 4005 427 4073 Ceterum
445 4007 563 4094 duplex
581 4007 667 4071 fama
681 4016 744 4084 est,
762 4003 848 4089 quod
862 4003 904 4070 ad
915 4001 1107 4069 Pleminium
1125 4020 1139 4068 r
