2528 4514
138 220 203 287 426
320 229 440 285 LIBER
456 227 601 297 XXVHI,
620 227 662 282 38.
673 226 715 281 39.
736 229 811 294 [au.
824 224 990 296 15111141]

106 416 122 464 a
206 388 344 456 Comitia
364 387 438 452 inde
461 386 604 452 creandis
627 384 809 451 consulibus
834 384 946 451 habuit
960 385 999 451 L.
1014 383 1083 450 11111

140 485 248 564 Philo,
275 482 496 566 centuriaeque
522 503 632 547 omnes
654 479 776 566 ingenti
797 479 909 545 favore
930 480 968 545 P.
990 477 1083 565 Scipion

107 603 122 648 1
142 579 303 646 consulem
317 577 472 642 dixerunt.
499 575 622 661 collega
639 574 765 640 additur
782 574 811 639 ei
825 574 863 639 P.
878 574 1017 640 Licinius
1030 574 1083 640 Cras

141 673 284 761 pontifex
296 671 464 736 maximus.
492 679 631 735 ceterum
643 668 771 734 comitia
789 668 908 735 maiore
926 691 1017 753 quam
1031 669 1078 734 ulla

141 770 176 835 id
201 769 320 835 bellum
346 765 503 831 celebrata
527 764 705 848 frequentia
730 764 890 849 proditum
916 765 1067 830 memoriae

107 870 353 932 sconvenerant
378 859 517 943 undique
543 881 607 924 non
633 857 829 945 suffragandi
855 860 965 937 modo,
998 860 1083 924 sedat

143 956 307 1045 spectandi
324 976 421 1021 causa
437 953 476 1019 P.
497 951 669 1038 Scipionis,
689 953 979 1038 concurrebantque
997 964 1025 1021 et
1038 954 1083 1019 don

142 1055 324 1138 frequenter
354 1060 386 1116 et
414 1049 448 1115 in
475 1047 668 1134 Capitolium
695 1050 736 1114 ad
762 1048 980 1115 immolantem
1004 1072 1083 1115 eum<

109 1166 125 1214 9
145 1158 271 1215 centum
288 1145 390 1212 bobus
409 1145 491 1210 votis
508 1145 542 1209 in
558 1144 717 1230 Hispania
729 1143 800 1209 Iovi
819 1144 1020 1223 sacrificaret,
1035 1166 1083 1230 spo

143 1244 283 1326 bantque
300 1240 428 1317 animis,
452 1239 533 1304 sicut
551 1237 589 1304 C.
609 1238 760 1304 Lutatius
780 1240 925 1325 superius
943 1238 1083 1306 bellumP

144 1361 216 1404 cum
234 1336 370 1412 finisset,
394 1335 438 1400 ita
456 1335 489 1398 id
506 1334 592 1418 quod
608 1334 740 1399 instaret
755 1333 794 1399 P.
815 1334 999 1401 Cornelium
1014 1335 1083 1400 finito

94 1449 127 1496 10
144 1443 253 1517 atque,
284 1431 331 1496 uti
356 1429 514 1516 Hispania
539 1429 626 1495 omni
646 1428 772 1495 Poenos
799 1430 985 1516 expulisset,
1016 1428 1083 1495 sicl

144 1528 309 1613 pulsurum
327 1548 411 1603 esse,
435 1523 641 1608 Africamque
660 1524 702 1602 ei,
726 1525 855 1609 perinde
873 1548 912 1591 ac
933 1526 1083 1591 debellatu

95 1639 125 1686 11
144 1621 237 1688 Italia
258 1621 354 1699 foret,
379 1619 574 1706 provinciam
595 1619 803 1684 destinabant.
847 1622 1004 1705 praetoria
1027 1621 1083 1684 indo

144 1717 232 1782 mitia
257 1715 373 1781 habita.
419 1713 515 1780 creati
541 1714 605 1778 duo
632 1713 687 1797 qui
713 1724 780 1779 tum
806 1714 925 1781 aediles
952 1714 1083 1801 plebise:

146 1809 204 1896 Sp.
217 1810 402 1887 Lucretius,
423 1806 483 1875 Cn.
499 1805 669 1887 Octavius,
689 1818 720 1874 et
737 1832 777 1874 ex
794 1809 924 1894 privatis
945 1809 1004 1875 Cn.
1021 1807 1083 1876 Seu

146 1902 267 1989 Caepio
285 1912 316 1969 et
333 1904 375 1969 L.
393 1902 551 1968 Aemilius
568 1903 688 1990 Papus.

95 2013 126 2061 11
212 1996 333 2080 Quarto
355 1998 477 2064 decimo
500 2022 582 2064 anno
598 1997 714 2064 Punici
730 1998 805 2064 belli
822 1998 860 2064 P.
881 1998 1045 2065 Cornelius
1062 1997 1082 2065 S

145 2101 176 2157 et
192 2090 231 2157 P.
245 2091 390 2160 Licinius
405 2091 542 2159 Crassus
561 2103 597 2159 ut
614 2093 811 2159 consulatum
828 2093 979 2173 inierunt,
997 2093 1083 2159 nomi1

145 2187 328 2254 consulibus
345 2189 525 2274 provinciae
545 2200 630 2267 sunt,
655 2187 763 2255 Sicilia
784 2187 927 2275 Scipioni
944 2200 1032 2255 extra
1047 2212 1083 2254 sor

144 2283 335 2350 concedente
354 2283 489 2370 collega,
512 2285 586 2367 quia
604 2307 763 2349 sacrorum
781 2307 856 2349 cura
873 2286 1051 2371 pontificem
1070 2307 1083 2348 n

94 2394 125 2440 13
144 2401 232 2443 mum
253 2378 287 2442 in
303 2378 397 2443 Italia
418 2378 584 2457 retinebat,
613 2379 718 2444 Brutti
741 2378 868 2445 Crasso.
914 2390 982 2444 tum
1003 2389 1082 2466 praet

143 2473 324 2558 provinciae
341 2473 375 2537 in
394 2483 510 2538 sortem
531 2474 700 2538 coniectae.
745 2473 865 2539 urbana
885 2473 946 2540 Cn.
968 2473 1083 2541 Servilio

144 2567 228 2654 tigit,
248 2566 428 2632 Ariminum
441 2569 523 2632 -ita
538 2564 675 2632 Galliam
689 2568 928 2653 appellabant-
944 2568 1000 2656 Sp.
1014 2571 1083 2634 Luc

145 2659 255 2728 Sicilia
272 2662 314 2726 L.
333 2660 486 2739 Aemilio,
506 2660 565 2726 Cn.
587 2658 724 2727 Octavio
744 2660 899 2728 Sardinia.

111 2773 122 2817 1
208 2753 432 2820 XXXVIIII.
479 2753 616 2821 Senatus
642 2757 675 2821 in
699 2755 856 2843 Capitolio
883 2758 1021 2824 habitus.
1057 2757 1083 2823 ih

144 2847 263 2912 ferente
276 2847 315 2912 P.
332 2846 479 2934 Scipione
498 2860 625 2915 senatur
641 2851 818 2916 consultum
832 2851 954 2917 factum
968 2863 1029 2931 est,
1047 2862 1078 2916 11

143 2940 235 3006 ludos
253 2940 333 3006 inter
351 2943 536 3009 seditionem
553 2944 719 3010 militarem
736 2944 769 3009 in
787 2945 946 3031 Hispania
964 2948 1083 3013 vovisse

144 3057 182 3100 ea
206 3037 353 3121 pecunia,
385 3060 480 3124 quam
507 3040 574 3124 ipse
601 3039 634 3103 in
660 3040 814 3105 aerarium
841 3041 1021 3120 detulisset,
1047 3041 1083 3106 fa

107 3147 124 3193 1
144 3140 211 3195 tum
230 3129 478 3217 Saguntinorum
496 3133 618 3220 legatos
635 3134 668 3199 in
688 3145 831 3200 senatum
848 3136 1031 3202 introduxit.
1069 3159 1083 3200 e

143 3225 300 3291 maximus
319 3236 409 3292 natu:
435 3228 509 3292 ‘etsi
525 3229 603 3293 nihil
620 3229 702 3294 ultra
719 3229 872 3315 malorum
892 3242 956 3310 est,
978 3242 1079 3318 patres

144 3319 265 3404 scripti,
293 3342 388 3404 quam
414 3322 500 3405 quod
525 3323 613 3408 passi
639 3346 764 3402 sumus,
791 3333 827 3388 11
847 3326 890 3390 111
911 3326 1083 3391 ultimuml

142 3415 233 3480 vobis
248 3427 494 3500 praestaremus,
513 3430 618 3485 tamen
634 3443 672 3486 ca
689 3431 793 3487 vestra
810 3423 922 3488 merita
939 3424 1083 3510 imperato

143 3531 205 3592 que
226 3521 402 3576 vestrorum
424 3535 500 3600 erga
521 3537 580 3580 nos
603 3515 743 3594 fuerunt,
766 3527 803 3581 ut
819 3540 877 3583 nos
896 3518 1033 3584 cladium
1054 3540 1083 3584 n<

108 3621 124 3667 a
141 3627 212 3669 rum
228 3628 293 3670 non
309 3607 475 3692 paeniteat.
519 3609 637 3675 bellum
659 3622 787 3697 propter
803 3634 861 3678 nos
881 3614 1079 3700 suscepistis,

142 3709 268 3784 ceptum
286 3712 431 3784 quartum
449 3703 605 3769 decimum
625 3728 741 3770 annum
759 3718 824 3772 tam
841 3709 1044 3794 pertinaciter
1054 3732 1083 3796 go

142 3804 177 3856 ut
198 3815 293 3879 saepe
316 3796 358 3860 ad
379 3797 523 3864 ultimum
545 3801 713 3866 discrimen
731 3812 763 3867 et
780 3803 841 3888 ipsi
859 3802 1008 3869 veneritis
1027 3815 1083 3888 etp

140 3886 207 3951 lum
222 3886 516 3979 Carthaginiensem
530 3897 732 3962 adduxeritis.
761 3920 833 3962 cum
846 3898 879 3963 in
890 3898 982 3964 Italia
1000 3909 1066 3963 tam

141 3978 259 4047 bellum
281 3996 312 4050 et
334 3987 546 4057 Hannibalem
568 3991 692 4058 hostem
714 3993 887 4073 haberetis,
915 3994 1077 4060 consulem
