2528 4514
141 190 186 288 'lc
386 231 503 288 amsa
520 229 608 299 xm,
628 229 669 283 19.
685 228 727 282 ao.
748 231 824 297 [aa.
835 229 933 299 scas]

143 402 270 460 cautum
288 399 354 455 erat
372 387 557 474 Saguntinis
577 388 670 452 sociis
689 395 891 470 utrorumque
909 387 1061 472 exceptis.

1 528 3 533 ·
103 517 106 521 ⁴
142 507 245 570 neque
271 483 413 549 additum
441 493 507 547 erat
539 482 593 546 ‘iis
620 481 676 565 qui
701 492 776 545 tunc
803 481 922 546 essent’
955 503 1016 547 nec
1042 488 1094 547 ‘ne

108 589 255 667 spostea
280 576 541 654 adsumerentur,’
577 585 608 641 et
638 599 710 640 cum
742 575 908 640 adsumere
938 597 1040 641 novos
1071 576 1094 640 li

144 675 261 751 socios,
293 672 364 757 quis
391 693 527 754 aequum
554 681 695 736 censeret
721 679 775 734 aut
801 669 841 735 ob
870 671 957 735 nulla
984 693 1094 755 quem«

142 767 255 833 merita
275 767 309 830 in
331 765 499 830 amicitiam
520 765 618 850 recipi
639 773 694 830 aut
716 774 857 850 receptos
875 764 1023 830 infidam
1041 789 1094 830 ma

143 861 250 927 fendi?
275 870 398 925 tantum
416 881 456 924 ne
476 857 787 945 Carthaginiensium
805 859 882 924 socii
900 869 955 924 aut
974 860 1094 926 sollicit

144 968 195 1023 tur
221 957 262 1022 ad
287 955 495 1020 delectionem
521 964 576 1019 aut
603 977 661 1019 sua
687 963 798 1040 sponte
821 955 1035 1021 desciscentes
1058 977 1094 1020 re

144 1061 260 1117 rentur.

110 1167 126 1214 6
207 1144 325 1230 Legati
347 1144 482 1210 Romani
506 1144 546 1210 ab
571 1143 778 1230 Carthagine,
806 1144 887 1208 sicut
908 1145 948 1210 iis
971 1145 1094 1211 Romae

142 1248 286 1325 peratum
308 1248 391 1316 erat,
417 1238 450 1301 in
468 1237 672 1323 Hispaniam,
701 1249 736 1302 ut
759 1238 881 1303 adirent
901 1239 1061 1316 civitates,-
1086 1258 1094 1300 r

145 1334 326 1399 societatem
339 1332 524 1419 perlicerent
538 1343 592 1396 aut
605 1342 779 1397 averterent
795 1356 814 1397 a
827 1332 959 1411 Poenis,
979 1335 1094 1398 traieoer

110 1450 125 1495 r
144 1429 186 1494 ad
199 1428 375 1514 Bargusios
387 1428 523 1513 primum
537 1437 702 1506 veneram,
722 1427 869 1511 aquibus
888 1428 1025 1514 benigne
1043 1449 1094 1493 eno

144 1523 219 1606 quia
236 1521 382 1586 taedebat
396 1521 517 1606 imperii
530 1520 656 1600 Punici,
677 1521 793 1586 multos
806 1531 890 1586 bans
905 1519 1094 1608 Hiberump

110 1633 127 1681 8
144 1616 193 1680 los
211 1616 252 1680 ad
270 1616 448 1701 cupidinem
466 1637 567 1680 novae
581 1615 725 1680 fortunae
739 1625 912 1681 erexerunt.
951 1617 992 1681 ad
1006 1615 1094 1682 Volci

142 1709 218 1774 inde
235 1720 284 1774 est
301 1718 444 1787 ventum,
468 1730 604 1792 quorum
620 1709 742 1775 celebre
760 1731 817 1794 per
834 1709 1025 1794 Hispaniam
1046 1730 1094 1794 req

110 1821 217 1867 esum
244 1813 366 1868 ceteros
390 1804 524 1889 populos
552 1803 592 1869 ab
621 1804 769 1869 societate
795 1804 940 1869 Romana
967 1805 1084 1870 avertit.

145 1897 229 1961 enirn
256 1898 412 1962 maximus
439 1906 515 1961 natu
541 1921 581 1962 ex
602 1899 641 1963 iis
665 1899 698 1962 in
721 1899 852 1963 concilio
875 1899 1050 1984 respondit:
1077 1903 1094 1960 ‘⁴

143 1990 336 2055 verecundia
352 2000 413 2068 est,
432 1991 582 2070 Romani,
605 1994 763 2079 postulare
781 2016 854 2071 vos,
877 1995 924 2057 uti
941 2004 1077 2059 vestram
1093 2011 1094 2036 ¹

143 2082 390 2170 thaginiensium
402 2087 555 2152 amicitiae
568 2109 814 2173 praeponamus,
834 2109 906 2152 cum
920 2088 1022 2170 quiid
1036 2087 1094 2153 fece

145 2175 314 2265 Saguntini
327 2180 484 2246 crudelius
499 2203 595 2265 quam
608 2181 737 2246 Poenus
752 2181 851 2248 hostis
869 2182 1006 2266 perdidit
1024 2204 1079 2247 vos

94 2291 127 2338 10
143 2273 362 2358 prodideritis?
396 2274 440 2340 ibi
463 2279 620 2358 quaeratis
643 2275 746 2341 socios
771 2296 898 2352 censeo,
925 2275 980 2340 uhi
999 2273 1094 2362 Saga]

144 2368 248 2433 clades
266 2369 375 2455 ignota
393 2379 454 2447 est,
479 2369 632 2455 Hispanis
652 2368 775 2455 populis
795 2369 876 2433 sicut
894 2369 1044 2455 lugubre,
1067 2371 1094 2434 ia

144 2461 234 2548 signe
262 2464 484 2528 documentum
508 2462 644 2548 Sagunti
670 2465 778 2528 ruinae
804 2472 910 2540 amnt,
938 2486 978 2528 ne
1005 2466 1076 2548 quis

94 2566 123 2612 11
143 2554 308 2622 Romanae
324 2566 378 2621 aut
396 2557 537 2620 societati
556 2557 709 2620 confidat?
739 2558 814 2622 inde
831 2557 988 2642 extemplo
1007 2559 1092 2623 abire

143 2649 204 2714 bus
218 2649 444 2715 Volcianorum
461 2649 540 2714 iussi
559 2649 599 2714 ab
617 2651 703 2715 nullo
721 2651 833 2716 deinde
852 2653 985 2717 concilio
999 2652 1094 2738 Hispa

86 2761 110 2769 ··
142 2742 329 2828 benigniora
346 2743 442 2808 verba
459 2743 566 2808 tulere.
603 2745 646 2809 ita
663 2746 854 2829 nequiquam
870 2756 1040 2832 peragrata
1057 2746 1094 2812 ff

142 2835 196 2899 nia
212 2836 246 2899 in
265 2833 402 2901 Galliam
420 2847 590 2902 transeunt.

111 2949 123 2993 1
207 2928 290 2994 XX.
326 2928 367 2993 In
388 2930 426 2995 iis
449 2953 532 2996 nova
550 2931 758 3016 terribilisque
776 2933 896 3018 species
915 2934 985 2999 visa
1003 2946 1068 3012 est,
1090 2962 1094 2994 a

143 3022 255 3087 armati
274 3058 316 3070 -
337 3024 382 3088 ita
403 3047 471 3089 mos
494 3026 598 3111 gentis
622 3035 748 3092 erat-
766 3026 800 3091 in
823 3028 989 3092 concilium
1012 3051 1094 3095 vene

109 3136 124 3184 2
143 3138 218 3182 oum·
229 3117 334 3183 verbis
350 3119 533 3185 extollentes
546 3119 679 3207 gloriam
694 3120 901 3205 virtutemque
914 3123 1026 3207 populi
1041 3124 1094 3188 Ra

142 3234 181 3277 ao
197 3213 446 3299 magnitudinem
464 3214 588 3300 imperii
604 3216 771 3301 petissent,
789 3237 830 3280 ne
847 3214 956 3281 Poeno
975 3217 1093 3282 bellum

141 3305 203 3370 liae
225 3306 370 3371 inferenti
391 3328 448 3392 per
469 3330 562 3394 agros
586 3308 742 3393 urbesque
766 3330 840 3375 suas
862 3311 1029 3375 transitum
1056 3313 1094 3376 da

109 3418 124 3466 3
142 3407 248 3464 tantus
271 3422 343 3464 cum
360 3401 486 3466 fremitu
505 3403 587 3469 risus
606 3403 719 3468 dicitur
736 3413 837 3481 ortus,
856 3415 891 3469 ut
904 3405 958 3470 rix
973 3429 992 3470 a
1010 3407 1094 3493 magi

108 3515 126 3562 4
143 3492 229 3559 tibus
245 3495 482 3580 maiorilmsque
496 3506 573 3562 natu
591 3498 740 3563 iuventus
756 3499 925 3566 sedaretur.
962 3500 1044 3565 adeo
1063 3510 1094 3564 st

141 3588 361 3673 inpudensque
386 3590 556 3674 postulatio
582 3592 651 3657 visa
677 3602 739 3670 est,
766 3615 909 3672 censere,
936 3616 979 3660 ne
999 3595 1032 3659 in
1051 3595 1094 3659 Its

142 3681 360 3748 hansmittant·
372 3680 458 3749 Galli
475 3684 608 3764 bellurn,
626 3686 715 3770 ipsos
731 3686 767 3751 idi
781 3687 943 3755 advertere
961 3689 995 3754 in
1013 3712 1049 3754 se
1067 3713 1094 3776 aq

108 3795 125 3842 5
143 3795 204 3858 que
222 3798 299 3842 suos
316 3798 373 3863 pro
392 3778 502 3844 ahenis
520 3780 722 3865 populandos·
740 3781 873 3848 obicere.
915 3785 1023 3850 sedato
1048 3794 1094 3849 tar

142 3866 269 3935 fremitu
290 3893 478 3958 responsum
499 3872 612 3960 legatis
636 3882 698 3953 est,
725 3897 827 3961 neque
844 3876 1062 3945 Romanorum
1084 3880 1095 3944 i

101 3981 104 3987 ·
142 3963 288 4030 meritum
305 3988 376 4034 esse
392 3990 496 4054 neque
515 3967 824 4055 Carthaginiensium
841 3973 1000 4052 iniuriam,
1028 3975 1072 4040 ob
