2528 4514
144 231 208 297 378
367 240 486 298 LIBER
503 241 630 312 XXVII,
648 241 691 298 47.
705 240 750 298 48.
771 242 950 314 [amabil]

143 401 222 467 lium
247 398 387 465 venisset
403 399 621 483 Romanisque
648 399 761 465 eadem
787 399 853 465 iam
877 399 993 467 fortune
1010 398 1099 465 iultrb
1135 431 1138 469 r

108 517 125 564 8
144 518 226 581 quae
247 493 281 558 in
302 492 462 579 Hispania
484 503 580 558 esset.
623 492 783 559 interdum
804 493 926 563 litteras
946 517 1010 561 suas
1023 493 1100 563 adan
1133 553 1134 557 ,

143 615 208 657 non
224 588 409 677 pervenisse
427 588 554 653 credere
572 587 819 675 interceptisque
832 592 861 656 ts
875 587 1102 657 consulentiae
1136 626 1138 655 ;

143 683 384 771 opprimendum
402 681 610 748 adcelerasse.
641 681 691 748 his
710 683 824 749 anxius
839 683 922 749 curis
935 681 1048 750 extinctis
1062 706 1106 759 ιι
1130 693 1132 701 “

143 780 205 844 bus
228 777 337 864 vigilia
357 775 460 863 prima
481 775 556 842 dato
583 774 689 862 signo,
716 787 752 842 ut
774 777 862 843 taciti
885 801 960 844 vasa
978 799 1009 843 oo

108 893 125 939 9
147 872 239 958 signa
264 871 339 936 ferri
364 869 467 935 iussit.
509 869 544 934 in
570 868 778 956 trepidatione
805 883 838 938 et
863 883 1006 939 nocturno
1031 898 1075 925 ιιιιι
1104 909 1108 938 ·,
1137 904 1138 940 ;

145 967 242 1032 duces
267 988 381 1053 parum
405 964 525 1029 intente
551 963 724 1043 adservati,
756 966 837 1032 alter
862 965 897 1032 in
923 963 1056 1033 destinuit
1076 1001 1078 1008 ι

145 1071 219 1129 ante
237 1061 341 1126 animo
358 1059 487 1125 latebris
507 1058 663 1138 subsedit,
688 1059 767 1125 alter
782 1082 842 1146 per
859 1060 943 1127 vada
957 1070 1022 1126 nota
1038 1083 1050 1113 ιι
1134 1140 1137 1144 Α

142 1179 215 1221 rum
239 1155 359 1220 flumen
384 1152 530 1219 tranavit.
574 1152 620 1218 ita
647 1154 808 1221 desertum
834 1156 876 1221 ab
902 1155 1023 1221 ducibus
1045 1184 1081 1232 χι
1106 1169 1107 1172 ’

143 1250 244 1337 primo
261 1270 319 1336 per
337 1270 431 1334 agros
445 1247 579 1334 palatur,
597 1247 737 1332 fessique
751 1249 872 1332 aliquot
884 1271 991 1315 somno
1002 1269 1032 1314 ac
1047 1276 1072 1323 ἰ,

145 1354 289 1409 sternunt
316 1364 448 1429 corpora
478 1341 600 1428 passim
630 1352 725 1428 atque
756 1343 968 1427 infrequentia
992 1342 1080 1408 re'uv

95 1455 126 1503 ro
146 1437 248 1524 signa.
291 1435 477 1501 Hasdrubal
503 1435 579 1500 dum
604 1436 661 1501 lux
687 1436 772 1503 viam
797 1438 990 1515 ostenderet,
1018 1459 1112 1515 »ιιιιιιι

145 1531 237 1618 signa
259 1530 341 1596 ferre
362 1530 464 1608 iubet,
491 1539 524 1593 et
545 1551 603 1616 per
624 1530 757 1596 tortuosi
781 1530 884 1596 amnis
909 1531 993 1596 sinus
1007 1529 1100 1607 flexo

146 1623 245 1710 (cum)
265 1646 403 1690 errorem
420 1623 552 1689 volvens
569 1621 656 1688 haud
673 1623 807 1689 multum
820 1624 988 1711 prooessit,
1003 1621 1047 1688 ubi
1061 1652 1080 1677 ι

93 1739 125 1786 11
145 1718 201 1784 lux
226 1717 392 1784 transitum
419 1726 632 1804 opportunum
653 1718 846 1784 ostendisset
872 1718 1053 1784 transiturus.
1096 1755 1098 1758 ⁴

109 1862 116 1877 .
145 1834 232 1891 cum,
251 1823 404 1896 quantum
420 1834 507 1877 mare
526 1811 732 1890 abscedebat,
750 1823 838 1879 tanto
853 1812 1011 1879 altioribus
1027 1840 1046 1867 ιι
1056 1839 1065 1865 ιι
1078 1837 1100 1860 ιιι

145 1906 229 1970 tibus
248 1927 374 1970 amnem
389 1905 467 1992 ripis
484 1928 550 1970 non
566 1905 723 1971 inveniret
740 1907 833 1985 vada,
851 1907 937 1972 diem
955 1904 1064 1973 terendo
1084 1931 1092 1942 ι

145 1999 224 2063 tium
243 1998 330 2063 dedit
347 2000 388 2063 ad
404 1999 636 2084 insequendum
654 2022 725 2065 sese
743 1999 838 2067 hosti.

112 2115 125 2160 1
210 2090 455 2161 XXXXVIII.
503 2094 589 2160 Nero
606 2093 744 2181 primum
766 2095 943 2161 cumomni
963 2092 1076 2178 equitatu
1107 2172 1114 2191 ·

107 2207 126 2254 a
145 2186 245 2266 venit,
266 2186 401 2253 Porcius
420 2187 534 2252 deinde
552 2189 720 2255 adsecutus
740 2210 812 2253 oum
829 2188 894 2254 levi
912 2199 1059 2255 armatura
1084 2196 1115 2262 t!

143 2305 216 2347 cum
233 2282 355 2349 fessum
374 2304 489 2368 agmen
507 2294 671 2368 carperent
688 2284 730 2349 ab
748 2283 835 2349 omni
857 2295 947 2372 parte
964 2280 1115 2348 mausum

143 2398 205 2460 que
222 2388 255 2442 et
271 2376 335 2441 iam
353 2376 471 2442 omisso
489 2375 615 2454 itinere,
635 2377 721 2460 quod
738 2377 834 2463 fugae
852 2377 955 2443 simile
973 2386 1041 2452 erat,
1058 2398 1103 2427 ιιι

143 2470 255 2536 metari
279 2469 408 2535 Poenus
442 2469 475 2533 in
505 2469 625 2535 tumulo
658 2493 752 2558 super
777 2470 917 2536 fluminis
942 2471 1033 2557 ripam
1053 2459 1114 2531 velt

104 2583 124 2631 ε
143 2565 271 2631 advenit
280 2565 395 2631 Livius
412 2565 555 2652 peditum
573 2566 718 2632 omnibus
736 2565 836 2655 copiis
853 2590 920 2633 non
936 2553 1116 2661 itinerisutb

143 2660 201 2725 sed
215 2660 256 2724 ad
270 2659 500 2725 conserendum
513 2660 672 2745 extemplo
686 2660 842 2745 proelium
854 2658 1013 2726 instructis
1024 2660 1112 2722 arno*

106 2771 125 2815 4
143 2775 214 2835 que.
251 2753 309 2818 sed
325 2747 381 2818 ubi
398 2753 499 2818 omnis
515 2753 623 2839 copias
641 2754 872 2821 coniunxerunt
885 2756 1053 2837 derectaque
1064 2756 1111 2809 Μ

142 2855 206 2923 est,
226 2843 379 2910 Claudius
395 2847 506 2912 dextro
519 2846 553 2911 in
567 2868 678 2925 cornu,
695 2847 810 2913 Livius
829 2849 870 2914 ab
889 2847 1013 2914 sinistro
1025 2848 1118 2931 puts*

106 2937 282 3017 einstruit,
308 2939 413 3005 media
440 2939 524 3006 acies
549 2941 687 3026 praetori
712 2942 830 3006 tuenda
857 2942 942 3009 data.
988 2918 1110 3035 Htulss}ld

141 3031 261 3098 omissa
278 3033 451 3099 munitione
474 3044 648 3100 castrorum
669 3047 839 3120 postquam
860 3015 1109 3122 pugnandumn&
1136 3042 1138 3069 ²

140 3126 175 3190 in
196 3126 299 3213 prima
320 3126 388 3193 acie
410 3137 483 3192 ante
507 3126 599 3213 signa
620 3128 805 3215 elephantos
828 3129 986 3208 conlocat,
1010 3124 1108 3191 aa*

139 3221 232 3286 laevo
250 3220 284 3284 in
301 3241 399 3285 cornu
422 3221 573 3287 adversus
593 3219 763 3286 Claudium
781 3220 895 3288 Gallos
917 3219 1045 3310 opponit,
1061 3194 1107 3274 ld
1135 3232 1138 3239 '

142 3324 265 3380 tantum
282 3313 320 3378 iis
338 3313 455 3392 fidens,
482 3325 634 3398 quantum
652 3316 692 3381 ab
710 3315 801 3383 hoste
820 3316 924 3382 timeri
941 3340 994 3382 eos
1010 3299 1106 3379 ,natu

105 3408 210 3493 eipse
232 3409 377 3474 dextrum
401 3429 498 3473 cornu
521 3409 673 3475 adversus
695 3409 746 3475 M.
763 3408 896 3474 Livium
919 3410 977 3477 sibi
998 3387 1106 3487 atqucll'
1135 3487 1138 3492 Ι

143 3501 250 3587 spanis
268 3513 343 3568 —et
364 3502 410 3566 ibi
430 3503 566 3567 maxime
589 3504 622 3567 in
639 3513 746 3569 vetere
763 3503 863 3569 milite
886 3527 975 3592 spem
991 3490 1105 3567 babebtl'

109 3613 123 3658 r
144 3594 287 3680 sumpsit.
331 3594 470 3682 Ligures
493 3595 527 3661 in
549 3596 652 3662 medio
674 3608 750 3683 post
770 3597 956 3684 elephantos
977 3560 1105 3683 posititlll

140 3687 265 3776 longior
291 3711 387 3775 quam
411 3690 504 3757 latior
526 3690 610 3757 acies
632 3702 714 3758 erat:
742 3690 854 3758 Gallos
877 3657 1104 3786 promineant⁰1⁹

105 3800 123 3848 8
141 3785 279 3869 tegebat.
323 3806 362 3848 ea
378 3784 481 3863 frons,
502 3808 595 3870 quam
612 3787 753 3875 Hispani
771 3787 935 3864 tenebant,
953 3805 1017 3851 oum
1028 3768 1103 3839 ,mnu

140 3877 358 3943 Romanorum
384 3900 482 3946 cornu
506 3882 676 3960 concurrit3
713 3883 825 3948 dextra
846 3880 948 3948 omnis
968 3876 1035 3945 sciet
1053 3859 1104 3923 ⁰¹³⁸

141 3968 296 4053 proelium
314 3973 454 4043 eminens
473 3977 633 4043 cessabat:
661 3976 750 4044 collis
775 3976 940 4065 oppositus
961 3954 1102 4041 armbtirll
