2528 4514
140 255 204 321 372
364 262 480 318 arnna
497 258 625 330 xxva,
643 258 686 314 ιι.
699 258 743 313 ιι.
763 258 949 329 [suase]

140 423 275 489 militum
292 420 402 487 tertiae
415 418 551 506 legionis
566 415 605 483 C.
614 415 833 482 Aurunculeio
846 415 986 502 inperat,
1003 414 1144 503 utequites

140 516 275 603 legionis
293 525 411 599 quanto
430 513 567 579 maximo
585 511 705 597 impetu
721 509 825 597 possit
840 509 875 574 in
892 509 1020 575 hostem
1035 509 1147 575 emittat:

92 633 124 680 ro
141 611 186 676 ita
211 631 362 696 pecorum
387 609 482 675 modo
508 605 735 692 incompositos
762 615 829 671 toto
854 603 981 691 passim
1005 626 1041 671 se
1061 624 1149 689 campo

141 705 278 781 fudisse,
304 715 340 768 ut
362 703 460 768 sterni
482 703 646 785 obterique
667 699 855 787 priusquam
879 699 1074 766 instruantur
1096 720 1151 786 poe

144 799 216 865 sint

110 915 123 960 1
207 890 401 956 XXXXII.
436 889 586 955 Nondum
599 887 764 954 Hannibal
781 910 800 955 e
817 888 932 953 castris
952 888 1087 966 exierat,
1102 908 1152 951 cun

142 985 351 1072 pugnantium
382 983 552 1049 clamorem
582 983 711 1048 audivit.
755 983 862 1066 itaque
889 981 1017 1048 excitus
1045 980 1154 1047 turmula

108 1080 257 1166 suaptim
279 1079 321 1143 ad
342 1078 467 1143 hostem
490 1077 597 1163 copias
620 1077 697 1163 agit.
740 1076 805 1141 iam
825 1076 949 1163 primos
968 1086 1153 1163 occupaverat

143 1183 290 1257 equester
307 1183 416 1249 terror,
440 1171 582 1257 peditum
600 1170 696 1236 etiam
713 1170 816 1257 prima
832 1169 920 1256 legio
939 1181 974 1235 et
995 1170 1104 1237 dextra
1120 1168 1154 1233 als

142 1267 297 1354 proelium
314 1266 428 1331 inibat:
454 1265 656 1351 incompositi
672 1264 796 1344 hostes,
819 1275 856 1329 ιιι
872 1285 1037 1350 quemque
1054 1276 1104 1330 aut
1115 1285 1154 1351 pe·

108 1386 124 1433 3
144 1361 200 1425 diti
218 1372 272 1426 aut
291 1360 387 1444 equiti
405 1382 498 1424 casus
516 1359 644 1438 obtulit,
661 1359 707 1424 ita
724 1369 895 1425 conserunt
911 1381 1043 1425 manus.
1067 1355 1154 1424 mestit

142 1478 251 1542 pugna
277 1454 427 1519 subsidiis
455 1464 487 1517 et
512 1453 764 1539 procurrentium
791 1452 832 1518 ad
858 1463 1026 1519 certamen
1049 1470 1153 1519 numero

143 1560 290 1635 augetur3
317 1547 565 1634 pugnantisque‚
593 1548 679 1631 quod
704 1547 767 1612 nisi
788 1547 822 1611 in
843 1557 954 1614 vetere
980 1547 1153 1615 exercitae

143 1643 216 1707 duci
238 1642 339 1708 veteri
358 1643 423 1706 hau
443 1641 582 1720 facilest,
609 1641 690 1706 inter
713 1641 882 1707 tumultum
904 1663 945 1707 ac
962 1638 1153 1709 teneremin-

109 1760 127 1806 4
144 1736 312 1801 struxisset
319 1735 493 1814 Hannibal,
506 1735 540 1798 ni
554 1735 731 1800 cohortium
744 1756 781 1800 ac
794 1735 1034 1822 manipulorum
1045 1736 1153 1801 decursu

142 1852 200 1915 per
218 1829 307 1894 collis
326 1829 445 1894 clamor
463 1830 503 1894 ab
521 1839 610 1915 tergo
630 1828 757 1895 auditus
774 1840 910 1907 metum,
928 1852 971 1895 ue
989 1826 1153 1896 interclude·

111 1948 125 1995 5
144 1932 252 1986 rentur
273 1923 401 2000 eastris,
428 1923 599 1989 iniecisset.
642 1922 717 1987 inde
738 1943 840 2009 pavor
865 1921 1017 1989 incussus
1044 1934 1075 1988 et
1096 1922 1153 2006 hg!

142 2015 264 2102 passim
281 2015 351 2080 fieri
367 2027 480 2102 coepta
497 2026 556 2081 est
600 2015 766 2101 minorque
783 2016 898 2082 caedes
917 2017 997 2097 fuit,
1016 2017 1087 2101 quia
1099 2036 1152 2101 pro·

143 2109 302 2195 pinquitas
334 2120 509 2175 castrorum
539 2110 717 2175 breviorem
751 2111 862 2197 fugam
896 2111 1056 2198 perculsis
1087 2106 1175 2175 fecit.

111 2203 265 2287 aequites
288 2204 373 2269 enim
396 2215 485 2289 tergo
507 2204 728 2282 inhaerebant3
756 2204 790 2268 in
812 2215 1000 2271 transversa
1016 2201 1152 2271 latentia

144 2307 293 2362 vaserant
323 2297 469 2363 cohortes
502 2298 649 2363 secundis
677 2298 809 2363 collibus
837 2298 889 2363 via
916 2299 1007 2364 nuda
1032 2320 1068 2365 ac
1090 2292 1152 2362 [adl

112 2395 357 2459 tdecurrentes.
403 2406 509 2459 tamen
536 2417 632 2480 supra
658 2405 728 2461 octo
755 2394 843 2459 milia
870 2395 1039 2461 hominum
1062 2393 1177 2467 occita-

144 2512 240 2574 supra
263 2488 455 2574 septingenti
477 2488 575 2574 capti,
600 2488 692 2575 sigua
713 2489 861 2554 militaria
877 2513 999 2556 novem
1017 2491 1153 2576 adempta

144 2582 304 2667 elephanti
325 2583 434 2659 etiam,
458 2604 592 2665 quorum
609 2583 715 2648 nullus
733 2607 811 2649 usus
828 2583 862 2648 in
878 2585 1051 2671 repentina
1069 2605 1105 2649 ac
1120 2592 1154 2645 ιι-

110 2690 125 2737 8
144 2677 313 2741 multuaria
329 2698 439 2763 pugna
457 2677 575 2755 fuerat,
595 2687 742 2760 quattuor
759 2678 870 2755 occisi,
890 2679 955 2744 duo
971 2679 1066 2767 capti.
1093 2676 1154 2742 aa

144 2770 334 2855 quingentos
351 2771 569 2836 Romanorum
592 2772 811 2855 sociorumque
829 2772 970 2839 victores
989 2773 1153 2839 cecideruut·

143 2873 271 2948 postero
299 2864 349 2928 die
374 2864 505 2930 Poenus
532 2865 665 2948 quievit3
695 2865 861 2930 Romanus
888 2865 923 2930 in
951 2866 1055 2932 aciem
1078 2861 1153 2951 copi!

144 2958 246 3024 ductis
266 2970 436 3045 postquam
452 2960 611 3024 neminem
629 2961 722 3046 sigua
739 2971 848 3026 contra
861 2961 980 3027 efferre
996 2962 1086 3039 vidit,
1100 2978 1152 3039 spe

142 3053 186 3118 lia
205 3053 269 3140 legi
292 3076 459 3120 caesorum
480 3055 619 3119 hostium
641 3065 674 3119 et
695 3077 825 3120 suorum
849 3076 989 3142 corpora
1006 3048 1151 3122 amauit

109 3169 124 3215 a
143 3171 241 3211 unum
260 3148 412 3256 sepeliri
403 3148 506 3213 1ussit.
537 3148 611 3214 inde
629 3148 868 3232 insequentibus
887 3150 1050 3216 continuis
1066 3145 1150 3212 datu

144 3243 288 3325 aliquot
280 3242 454 3308 rtainstitit
470 3242 625 3328 portis‚u
626 3254 750 3329 tprope
763 3242 922 3307 inferre
896 3267 995 3331 srgna
1013 3244 1149 3311 villetella

94 3358 125 3404 10
144 3336 416 3401 donecHannibal
431 3336 523 3400 tertia
540 3336 649 3422 vigilia
666 3337 784 3402 crebris
802 3337 932 3423 ignibus
952 3330 1146 3405 tabernaculis

143 3452 218 3511 quc,
237 3451 319 3513 quac
330 3454 410 3538 pars
429 3442 605 3495 castrorum
623 3431 664 3495 ad
682 3430 783 3496 hostis
797 3434 969 3517 vergebat,
989 3422 1144 3499 etNumit'r

142 3524 267 3607 paucis,
285 3523 390 3606 quiin
407 3525 491 3589 vallo
509 3525 671 3609 portisque
686 3547 720 3589 se
736 3536 787 3590 ost
774 3526 956 3605 t,enderent
975 3525 1085 3592 relictis
1095 3538 1143 3608 prb

93 3630 123 3674 11
143 3616 207 3680 fect
195 3627 245 3680 tus
255 3618 407 3703 Apuliam
420 3629 475 3704 pet
476 3641 528 3683 ere
542 3618 589 3682 int
577 3618 686 3684 tendit.
712 3619 769 3683 ubi
781 3619 905 3698 inluxit,
925 3619 1078 3686 successit
1087 3610 1141 3681 vell

142 3710 288 3774 Romana
306 3712 389 3777 acies
409 3724 439 3777 et
452 3713 608 3778 Numidae
627 3737 668 3777 ex
686 3714 863 3800 composito
881 3713 1140 3813 paulisperinpn

143 3804 182 3869 tis
202 3828 236 3870 se
255 3807 400 3915 valloque
418 3819 617 3874 ostentavere
635 3809 842 3893 frustratique
860 3811 1055 3894 aliquamdiu
1070 3798 1139 3871 host

93 3918 124 3964 12
144 3898 206 3961 cita
187 3900 246 3963 atis
279 3902 368 4009 equis
399 3926 515 4011 agmen
547 3926 676 3970 suorum
706 3903 935 3989 adsequuntur.
984 3900 1086 3970 consul
1104 3886 1139 3959 ull
1175 3902 1186 3983 ]

146 3990 248 4054 silent
227 4002 304 4056 trum
322 3995 355 4058 in
373 4008 442 4061 eost
442 3997 536 4062 riset
553 4020 593 4063 ne
610 4019 731 4083 paucos
750 3999 892 4082 quidem,
914 4020 971 4083 qm
961 3990 1138 4086 primatus
1177 3992 1186 4024 ⁵
