2566 4538
147 208 212 274 518
379 213 496 268 manu
512 212 612 281 nunt,
630 209 724 264 suaa
743 209 927 278 [suanm]

148 398 221 439 cnm
239 374 323 436 viam
340 368 530 455 elephantis,
556 388 597 430 ne
614 366 844 443 obtererentur,
869 365 1039 443 sciissent,
1066 365 1101 431 in
1123 391 1180 432 an·

149 468 251 552 cipitis
270 466 312 528 ad
328 465 425 527 ictum
441 461 598 543 utrimque
614 458 812 522 coniciebant
827 458 953 536 hastas,
975 480 1038 522 nec
1054 459 1121 544 pila
1137 459 1176 524 ab

99 585 130 632 16
149 558 364 644 antesignanis
383 556 565 629 cessabant,
591 554 693 617 donec
712 551 853 634 undique
872 551 1089 616 incidentibus
1106 552 1174 616 telis

148 653 252 718 exacti
277 674 317 713 ex
333 650 480 713 Romana
505 646 572 709 acie
597 645 630 707 hi
655 666 780 727 quoque
805 644 840 707 in
861 666 921 709 suo
943 645 1058 709 dextro
1079 667 1172 708 comu

148 748 235 830 ipsos
246 740 557 827 Carthaginiensium
573 738 694 821 equites
711 738 746 800 in
763 737 874 822 fugam
890 748 1066 802 vertenmt
1091 737 1170 802 Lae-

148 839 210 901 lius
228 846 263 899 ut
280 837 422 899 turbatos
440 833 519 896 sidit
535 832 651 907 hostis,
668 831 789 895 addidit
805 831 961 917 peruulsis
979 842 1134 896 tenorem.

115 957 130 1002 1
212 928 405 992 XXXIIIL
464 926 633 1008 Utrimque
667 925 786 988 nudata
819 925 924 1007 equite
960 936 1031 988 erat
1054 923 1160 988 Punica

149 1023 248 1098 acies,
266 1043 339 1084 cum
355 1020 454 1106 pedes
473 1019 643 1094 concurrit,
661 1041 721 1082 nec
738 1041 795 1104 spe
812 1040 872 1082 nec
888 1018 1011 1083 viribus
1028 1018 1090 1081 iam
1103 1041 1158 1104 par.

149 1116 191 1180 ad
207 1115 269 1179 boc
286 1113 372 1177 dictu
389 1136 501 1198 parva,
520 1112 577 1175 sed
593 1134 711 1196 magna
726 1111 838 1174 eadem
855 1111 889 1174 in
904 1133 941 1174 re
954 1111 1093 1196 gerenda
1103 1133 1156 1175 mo

147 1217 268 1272 menta:
295 1228 472 1291 congruens
491 1204 608 1268 clamor
625 1226 645 1267 a
656 1203 809 1268 Romanis
827 1226 928 1286 eoque
945 1203 1048 1269 maior
1063 1214 1094 1269 et
1107 1216 1153 1267 ter·
1194 1284 1197 1299 Ι

146 1301 280 1377 nbilior,
304 1301 451 1366 dissonae
468 1299 546 1375 illis,
572 1314 608 1362 ut
623 1298 765 1384 gentium
782 1297 952 1361 multarum
969 1298 1151 1384 discrepanti·
1194 1308 1197 1357 t

113 1398 208 1466 obus
233 1395 364 1480 linguis,
399 1415 510 1471 voces;
548 1415 657 1478 pugna
680 1393 827 1457 Romana
852 1392 975 1457 stabilis
1001 1405 1035 1459 et
1059 1403 1150 1458 suoct

149 1510 306 1552 armorum
326 1488 466 1572 pondere
487 1485 735 1551 incumbentium
755 1486 789 1549 in
810 1485 949 1562 hostem,
976 1484 1149 1551 concursatio

114 1605 129 1651 3
149 1596 181 1645 et
201 1580 351 1645 velocitas
373 1580 459 1644 illinc
480 1581 579 1645 maior
600 1602 695 1663 quam
712 1579 771 1644 vis.
813 1579 910 1665 igitur
930 1580 1033 1665 primo
1053 1580 1150 1665 impetu

147 1673 305 1759 extemplo
323 1697 450 1738 movere
467 1674 537 1738 loco
554 1673 693 1738 hostium
706 1672 805 1738 aciem
813 1673 962 1738 Romani.
993 1673 1043 1738 ala
1060 1671 1150 1738 deinde

147 1779 180 1832 et
195 1769 333 1832 umbone
350 1768 529 1853 pulsantes,
547 1767 581 1830 in
598 1778 772 1832 summotos
785 1767 888 1853 gradu
899 1767 1014 1844 inlato,
1033 1767 1151 1851 aliquan

112 1874 214 1929 atum
232 1861 314 1946 spati
332 1861 418 1925 velut
439 1861 525 1926 nullo
546 1861 713 1926 resistente
734 1860 906 1938 incessere,
933 1862 1112 1948 urgentibus
1128 1869 1151 1922 ct
1187 1930 1191 1937 Ι

147 1952 328 2017 novissimis
344 1953 479 2037 primos,
500 1964 536 2017 ut
554 1954 652 2019 semel
669 1966 788 2018 motam
804 1955 905 2020 aciem
923 1977 1066 2033 sensere,
1086 1950 1153 2038 quod

114 2072 129 2116 a
147 2048 252 2132 ipsum
269 2047 335 2111 vim
351 2071 500 2134 maguam
517 2050 558 2112 ad
574 2049 756 2135 pellendum
768 2048 894 2114 hostem
907 2050 1054 2114 addebat
1087 2044 1154 2133 apud

146 2139 247 2206 bostis
265 2140 425 2206 auxiliaris
447 2143 587 2207 cedentis
611 2142 751 2208 secunda
771 2143 869 2220 acies,
894 2142 972 2207 Afri
989 2153 1021 2207 et
1038 2140 1155 2208 cuda

145 2235 325 2320 ginienses,
344 2236 424 2300 adeo
440 2259 505 2301 non
523 2237 734 2314 sustinebant,
752 2249 789 2303 nt
805 2249 915 2302 contra
931 2238 1043 2314 etiam,
1064 2259 1103 2302 ne
1116 2256 1156 2299 re·

146 2329 286 2393 sistentia
312 2330 513 2416 pertinaciter
537 2330 657 2416 primos
684 2332 844 2396 caedendo
870 2331 912 2394 ad
936 2354 973 2395 se
994 2329 1159 2418 perveniret

112 2447 128 2492 o
146 2425 262 2501 bostis,
286 2425 402 2510 pedem
418 2426 581 2490 referrent
624 2426 721 2511 igitur
737 2425 904 2490 auxiliares
922 2437 1015 2511 terga
1031 2426 1107 2489 dant
1119 2445 1159 2488 re

144 2527 259 2602 pente,
294 2527 327 2582 et
351 2518 385 2582 in
412 2541 487 2583 suos
515 2519 598 2583 versi
623 2519 739 2604 partim
767 2520 913 2605 refugere
937 2518 974 2582 in
1000 2519 1160 2584 secundun

145 2612 260 2689 aciem,
284 2614 401 2697 partim
416 2636 481 2678 non
498 2613 684 2699 recipientes
703 2613 848 2691 caedere,
873 2624 911 2678 ut
931 2624 965 2678 et
985 2614 1084 2700 paulo
1100 2621 1162 2678 ante

111 2727 208 2771 anon
229 2705 329 2770 adiuti
350 2719 383 2771 et
404 2721 479 2771 tunc
501 2707 632 2772 exclusi.
676 2717 708 2771 et
726 2728 826 2794 prope
848 2707 912 2772 duo
932 2707 1000 2771 iam
1016 2707 1165 2794 permixta

144 2798 264 2881 proelia
285 2812 388 2876 erant,
415 2822 487 2864 cum
505 2799 786 2886 Carthaginienses
809 2799 903 2864 simul
923 2821 999 2864 cum
1016 2801 1164 2877 hostrbus,

110 2911 126 2955 8
146 2891 238 2954 simul
256 2913 328 2954 cum
346 2894 412 2957 suis
431 2906 619 2980 cogerentur
635 2919 748 2960 manus
766 2916 942 2960 conserere.
982 2918 1051 2960 non
1069 2908 1167 2960 tamen

143 2984 189 3047 ita
213 2985 376 3068 perculsos
402 2987 561 3071 iratosque
587 2988 621 3052 in
643 2989 742 3053 aciem
764 2988 920 3074 accipere,
948 2988 1008 3052 sed
1032 2987 1167 3054 densatis

143 3077 305 3143 ordinibus
322 3079 356 3142 in
373 3101 491 3144 cornua
503 3103 700 3166 vacuumque
713 3082 797 3146 circa
814 3103 961 3168 campum
976 3094 1070 3147 extra
1082 3103 1167 3170 proo-

142 3170 219 3234 linm
236 3171 351 3250 eicere,
378 3196 419 3238 ne
436 3175 552 3259 pavido
571 3176 664 3262 suga,
691 3175 873 3239 vulneribus
895 3175 997 3240 milite
1016 3176 1168 3242 sinceram

109 3285 124 3329 9
143 3272 175 3326 et
190 3263 347 3350 integram
365 3267 464 3330 aciem
481 3268 659 3333 miscerent.
703 3280 842 3333 ceterum
864 3279 954 3334 tanta
971 3280 1100 3356 strages
1116 3269 1169 3335 bo-

142 3356 262 3420 minum
283 3381 504 3443 armorumque
526 3360 645 3439 locum,
671 3360 705 3426 in
727 3384 788 3445 quo
812 3371 965 3427 steterant
981 3363 1082 3448 paulo
1100 3371 1168 3427 ante

143 3450 324 3528 auxiliares,
361 3454 586 3539 compleverat,
621 3466 657 3519 nt
690 3479 789 3543 prope
823 3455 983 3520 difficilior
1020 3457 1167 3522 unnsims

92 3563 124 3609 10
142 3555 240 3621 esset,
259 3567 353 3628 quam
369 3568 428 3633 per
445 3549 602 3613 confertos
616 3550 725 3613 hostes
739 3550 850 3614 fiterat
886 3549 995 3633 itaque
1010 3550 1066 3634 qui
1079 3548 1168 3637 primi

141 3651 238 3717 erant,
248 3638 364 3704 hastati
376 3663 433 3726 per
446 3642 588 3708 cumulos
602 3662 768 3728 corporum
781 3665 1004 3727 armorumque
1019 3655 1052 3709 et
1065 3645 1169 3708 tabem

141 3734 303 3819 sanguinis
322 3757 385 3818 qua
402 3738 534 3820 quisque
550 3747 675 3823 poterat
695 3748 862 3821 sequentes
881 3737 1010 3802 hostem
1028 3748 1062 3803 et
1080 3738 1167 3824 signa

140 3837 172 3887 et
188 3827 314 3892 ordines
333 3829 551 3895 confuderunt.
577 3831 755 3916 principum
772 3853 896 3914 quoque
915 3831 1012 3917 signa
1024 3828 1167 3896 fluctuari

91 3937 121 3982 11
140 3931 307 4005 coeperant
328 3945 442 4008 vagam
464 3935 536 3988 ante
559 3946 594 3989 se
616 3925 773 3989 cernendo
795 3924 905 3988 aciem.
951 3925 1041 4008 quod
1060 3922 1166 4009 Scipio

23 4224 91 4240 ᾧ
