<?xml version="1.0" encoding="UTF-8"?>
<!DOCTYPE html PUBLIC "-//W3C//DTD XHTML 1.0 Transitional//EN"
    "http://www.w3.org/TR/xhtml1/DTD/xhtml1-transitional.dtd">
<html xmlns="http://www.w3.org/1999/xhtml" xml:lang="en" lang="en">
 <head>
  <title>
</title>
<meta http-equiv="Content-Type" content="text/html;charset=utf-8" />
  <meta name='ocr-system' content='tesseract 3.04.00' />
  <meta name='ocr-capabilities' content='ocr_page ocr_carea ocr_par ocr_line ocrx_word'/>
</head>
<body>
  <div class='ocr_page' id='page_1' title='image "./titiliviaburbec00weisgoog_0406.png"; bbox 0 0 2528 4514; ppageno 0'>
   <div class='ocr_carea' id='block_1_1' title="bbox 152 235 972 317">
    <p class='ocr_par' dir='ltr' id='par_1_1' title="bbox 152 235 972 317">
     <span class='ocr_line' id='line_1_1' title="bbox 152 235 972 317; baseline -0.004 -17"><span class='ocrx_word' id='word_1_1' title='bbox 152 235 218 301; x_wconf 83' lang='grc'>284</span> <span class='ocrx_word' id='word_1_2' title='bbox 380 245 496 299; x_wconf 84' lang='lat' dir='ltr'><strong>LIBER</strong></span> <span class='ocrx_word' id='word_1_3' title='bbox 514 242 628 313; x_wconf 82' lang='lat' dir='ltr'>XXVI,</span> <span class='ocrx_word' id='word_1_4' title='bbox 648 243 744 298; x_wconf 82' lang='grc'><strong>16.17.</strong></span> <span class='ocrx_word' id='word_1_5' title='bbox 766 246 840 310; x_wconf 83' lang='lat' dir='ltr'>[au.</span> <span class='ocrx_word' id='word_1_6' title='bbox 852 241 952 310; x_wconf 79' lang='lat' dir='ltr'>a543]</span> <span class='ocrx_word' id='word_1_7' title='bbox 970 313 972 317; x_wconf 6' lang='grc' dir='ltr'><strong>ἲ</strong></span> 
     </span>
    </p>
   </div>
   <div class='ocr_carea' id='block_1_2' title="bbox 92 399 1192 4064">
    <p class='ocr_par' dir='ltr' id='par_1_2' title="bbox 151 399 1161 577">
     <span class='ocr_line' id='line_1_2' title="bbox 151 399 1159 488; baseline -0.001 -19"><span class='ocrx_word' id='word_1_8' title='bbox 151 426 293 480; x_wconf 82' lang='lat' dir='ltr'>versum,</span> <span class='ocrx_word' id='word_1_9' title='bbox 321 402 487 467; x_wconf 90' lang='lat' dir='ltr'>multitudo</span> <span class='ocrx_word' id='word_1_10' title='bbox 510 401 626 466; x_wconf 78' lang='lat' dir='ltr'>civium</span> <span class='ocrx_word' id='word_1_11' title='bbox 648 399 800 484; x_wconf 88' lang='lat' dir='ltr'>dissipata</span> <span class='ocrx_word' id='word_1_12' title='bbox 821 400 854 463; x_wconf 93' lang='lat' dir='ltr'>in</span> <span class='ocrx_word' id='word_1_13' title='bbox 876 399 998 464; x_wconf 88' lang='lat' dir='ltr'>nullam</span> <span class='ocrx_word' id='word_1_14' title='bbox 1021 423 1104 488; x_wconf 88' lang='lat' dir='ltr'>spem</span> <span class='ocrx_word' id='word_1_15' title='bbox 1124 425 1159 468; x_wconf 88' lang='lat' dir='ltr'>re·</span> 
     </span>
     <span class='ocr_line' id='line_1_3' title="bbox 152 493 1161 577; baseline -0.002 -14"><span class='ocrx_word' id='word_1_16' title='bbox 152 498 251 576; x_wconf 87' lang='lat' dir='ltr'>ditus,</span> <span class='ocrx_word' id='word_1_17' title='bbox 278 518 342 561; x_wconf 90' lang='lat' dir='ltr'>non</span> <span class='ocrx_word' id='word_1_18' title='bbox 365 495 518 560; x_wconf 89' lang='lat' dir='ltr'>saevitum</span> <span class='ocrx_word' id='word_1_19' title='bbox 539 493 692 558; x_wconf 91' lang='lat' dir='ltr'>incendiis</span> <span class='ocrx_word' id='word_1_20' title='bbox 713 494 875 577; x_wconf 89' lang='lat' dir='ltr'>ruinisque</span> <span class='ocrx_word' id='word_1_21' title='bbox 896 493 931 557; x_wconf 92' lang='lat' dir='ltr'>in</span> <span class='ocrx_word' id='word_1_22' title='bbox 954 501 1038 559; x_wconf 84' lang='lat' dir='ltr'>tecta</span> <span class='ocrx_word' id='word_1_23' title='bbox 1057 495 1161 561; x_wconf 71' lang='lat' dir='ltr'>innexa</span> 
     </span>
    </p>

    <p class='ocr_par' dir='ltr' id='par_1_3' title="bbox 100 587 1161 862">
     <span class='ocr_line' id='line_1_4' title="bbox 100 587 1160 674; baseline -0.001 -18"><span class='ocrx_word' id='word_1_24' title='bbox 100 615 133 662; x_wconf 82' lang='lat'>12</span> <span class='ocrx_word' id='word_1_25' title='bbox 152 612 319 674; x_wconf 89' lang='lat' dir='ltr'>murosque</span> <span class='ocrx_word' id='word_1_26' title='bbox 338 599 369 654; x_wconf 89' lang='lat' dir='ltr'>et</span> <span class='ocrx_word' id='word_1_27' title='bbox 387 611 459 654; x_wconf 91' lang='lat' dir='ltr'>cum</span> <span class='ocrx_word' id='word_1_28' title='bbox 478 589 687 653; x_wconf 89' lang='lat' dir='ltr'>emolumento</span> <span class='ocrx_word' id='word_1_29' title='bbox 704 587 847 671; x_wconf 88' lang='lat' dir='ltr'>quaesita</span> <span class='ocrx_word' id='word_1_30' title='bbox 864 587 962 652; x_wconf 88' lang='lat' dir='ltr'>etiam</span> <span class='ocrx_word' id='word_1_31' title='bbox 980 589 1065 674; x_wconf 91' lang='lat' dir='ltr'>apud</span> <span class='ocrx_word' id='word_1_32' title='bbox 1082 590 1160 655; x_wconf 85' lang='lat' dir='ltr'>socios</span> 
     </span>
     <span class='ocr_line' id='line_1_5' title="bbox 151 680 1161 770; baseline -0.002 -20"><span class='ocrx_word' id='word_1_33' title='bbox 151 685 287 751; x_wconf 81' lang='lat' dir='ltr'>lenitatis</span> <span class='ocrx_word' id='word_1_34' title='bbox 306 684 426 770; x_wconf 89' lang='lat' dir='ltr'>species</span> <span class='ocrx_word' id='word_1_35' title='bbox 444 682 655 747; x_wconf 81' lang='lat' dir='ltr'>incolumitate</span> <span class='ocrx_word' id='word_1_36' title='bbox 674 681 760 746; x_wconf 88' lang='lat' dir='ltr'>urbis</span> <span class='ocrx_word' id='word_1_37' title='bbox 778 680 997 747; x_wconf 82' lang='lat' dir='ltr'>nobilissimae</span> <span class='ocrx_word' id='word_1_38' title='bbox 1016 683 1161 769; x_wconf 77' lang='lat' dir='ltr'>opulentis</span> 
     </span>
     <span class='ocr_line' id='line_1_6' title="bbox 154 774 1161 862; baseline -0.002 -19"><span class='ocrx_word' id='word_1_39' title='bbox 154 780 325 862; x_wconf 89' lang='lat' dir='ltr'>simaeque,</span> <span class='ocrx_word' id='word_1_40' title='bbox 345 777 434 843; x_wconf 86' lang='lat' dir='ltr'>euius</span> <span class='ocrx_word' id='word_1_41' title='bbox 452 776 549 842; x_wconf 90' lang='lat' dir='ltr'>ruinis</span> <span class='ocrx_word' id='word_1_42' title='bbox 568 776 669 840; x_wconf 91' lang='lat' dir='ltr'>omnis</span> <span class='ocrx_word' id='word_1_43' title='bbox 685 774 874 860; x_wconf 79' lang='lat' dir='ltr'>Campania,</span> <span class='ocrx_word' id='word_1_44' title='bbox 894 797 1008 841; x_wconf 87' lang='lat' dir='ltr'>omnes</span> <span class='ocrx_word' id='word_1_45' title='bbox 1027 777 1081 861; x_wconf 87' lang='lat' dir='ltr'>qui</span> <span class='ocrx_word' id='word_1_46' title='bbox 1089 775 1161 843; x_wconf 85' lang='lat' dir='ltr'>Can·</span> 
     </span>
    </p>

    <p class='ocr_par' dir='ltr' id='par_1_4' title="bbox 103 869 1161 1240">
     <span class='ocr_line' id='line_1_7' title="bbox 103 869 1158 960; baseline -0.002 -21"><span class='ocrx_word' id='word_1_47' title='bbox 103 897 134 944; x_wconf 86' lang='lat'>13</span> <span class='ocrx_word' id='word_1_48' title='bbox 152 874 278 960; x_wconf 87' lang='lat' dir='ltr'>paniam</span> <span class='ocrx_word' id='word_1_49' title='bbox 297 873 378 937; x_wconf 91' lang='lat' dir='ltr'>circa</span> <span class='ocrx_word' id='word_1_50' title='bbox 396 871 540 936; x_wconf 89' lang='lat' dir='ltr'>accolunt</span> <span class='ocrx_word' id='word_1_51' title='bbox 556 870 664 956; x_wconf 90' lang='lat' dir='ltr'>populi</span> <span class='ocrx_word' id='word_1_52' title='bbox 681 869 923 956; x_wconf 82' lang='lat' dir='ltr'>ingemuissent:</span> <span class='ocrx_word' id='word_1_53' title='bbox 953 870 1158 937; x_wconf 74' lang='lat' dir='ltr'>confessica-</span> 
     </span>
     <span class='ocr_line' id='line_1_8' title="bbox 152 965 1159 1054; baseline 0 -21"><span class='ocrx_word' id='word_1_54' title='bbox 152 991 262 1054; x_wconf 89' lang='lat' dir='ltr'>pressa</span> <span class='ocrx_word' id='word_1_55' title='bbox 278 967 377 1044; x_wconf 90' lang='lat' dir='ltr'>hosti,</span> <span class='ocrx_word' id='word_1_56' title='bbox 396 976 513 1050; x_wconf 88' lang='lat' dir='ltr'>quanta</span> <span class='ocrx_word' id='word_1_57' title='bbox 529 966 578 1030; x_wconf 85' lang='lat' dir='ltr'>ris</span> <span class='ocrx_word' id='word_1_58' title='bbox 595 965 789 1030; x_wconf 87' lang='lat' dir='ltr'>inRomanis</span> <span class='ocrx_word' id='word_1_59' title='bbox 803 965 843 1029; x_wconf 90' lang='lat' dir='ltr'>ad</span> <span class='ocrx_word' id='word_1_60' title='bbox 856 967 1057 1050; x_wconf 87' lang='lat' dir='ltr'>expetendas</span> <span class='ocrx_word' id='word_1_61' title='bbox 1070 988 1159 1052; x_wconf 77' lang='lat' dir='ltr'>paens</span> 
     </span>
     <span class='ocr_line' id='line_1_9' title="bbox 152 1058 1161 1143; baseline 0 -16"><span class='ocrx_word' id='word_1_62' title='bbox 152 1062 192 1127; x_wconf 89' lang='lat' dir='ltr'>ab</span> <span class='ocrx_word' id='word_1_63' title='bbox 214 1060 391 1133; x_wconf 89' lang='lat' dir='ltr'>infidelibus</span> <span class='ocrx_word' id='word_1_64' title='bbox 420 1061 512 1125; x_wconf 88' lang='lat' dir='ltr'>sociis</span> <span class='ocrx_word' id='word_1_65' title='bbox 539 1071 570 1124; x_wconf 93' lang='lat' dir='ltr'>et</span> <span class='ocrx_word' id='word_1_66' title='bbox 595 1081 691 1143; x_wconf 89' lang='lat' dir='ltr'>quam</span> <span class='ocrx_word' id='word_1_67' title='bbox 716 1059 794 1123; x_wconf 92' lang='lat' dir='ltr'>nihil</span> <span class='ocrx_word' id='word_1_68' title='bbox 815 1059 848 1123; x_wconf 93' lang='lat' dir='ltr'>in</span> <span class='ocrx_word' id='word_1_69' title='bbox 864 1058 1054 1126; x_wconf 84' lang='lat' dir='ltr'>Hannibale</span> <span class='ocrx_word' id='word_1_70' title='bbox 1080 1061 1161 1126; x_wconf 76' lang='lat' dir='ltr'>anuli</span> 
     </span>
     <span class='ocr_line' id='line_1_10' title="bbox 151 1154 776 1240; baseline -0.006 -19"><span class='ocrx_word' id='word_1_71' title='bbox 151 1157 192 1221; x_wconf 90' lang='lat' dir='ltr'>ad</span> <span class='ocrx_word' id='word_1_72' title='bbox 209 1168 351 1240; x_wconf 85' lang='lat' dir='ltr'>receptos</span> <span class='ocrx_word' id='word_1_73' title='bbox 369 1155 402 1219; x_wconf 92' lang='lat' dir='ltr'>in</span> <span class='ocrx_word' id='word_1_74' title='bbox 419 1154 515 1219; x_wconf 90' lang='lat' dir='ltr'>fidem</span> <span class='ocrx_word' id='word_1_75' title='bbox 533 1155 665 1218; x_wconf 92' lang='lat' dir='ltr'>tuendos</span> <span class='ocrx_word' id='word_1_76' title='bbox 684 1164 776 1218; x_wconf 90' lang='lat' dir='ltr'>esset.</span> 
     </span>
    </p>

    <p class='ocr_par' dir='ltr' id='par_1_5' title="bbox 118 1247 1163 1711">
     <span class='ocr_line' id='line_1_11' title="bbox 118 1247 1161 1337; baseline -0.002 -20"><span class='ocrx_word' id='word_1_77' title='bbox 118 1273 131 1317; x_wconf 95' lang='lat'>1</span> <span class='ocrx_word' id='word_1_78' title='bbox 213 1248 327 1314; x_wconf 90' lang='lat' dir='ltr'>XVII.</span> <span class='ocrx_word' id='word_1_79' title='bbox 377 1249 513 1315; x_wconf 89' lang='lat' dir='ltr'>Romani</span> <span class='ocrx_word' id='word_1_80' title='bbox 534 1258 638 1333; x_wconf 85' lang='lat' dir='ltr'>patres</span> <span class='ocrx_word' id='word_1_81' title='bbox 664 1247 833 1332; x_wconf 83' lang='lat' dir='ltr'>perfuncti,</span> <span class='ocrx_word' id='word_1_82' title='bbox 861 1249 948 1332; x_wconf 90' lang='lat' dir='ltr'>quod</span> <span class='ocrx_word' id='word_1_83' title='bbox 975 1251 1020 1314; x_wconf 89' lang='lat' dir='ltr'>ad</span> <span class='ocrx_word' id='word_1_84' title='bbox 1043 1248 1161 1337; x_wconf 84' lang='lat' dir='ltr'>Capuan</span> 
     </span>
     <span class='ocr_line' id='line_1_12' title="bbox 152 1341 1161 1428; baseline 0.002 -19"><span class='ocrx_word' id='word_1_85' title='bbox 152 1343 316 1422; x_wconf 83' lang='lat' dir='ltr'>attinebat,</span> <span class='ocrx_word' id='word_1_86' title='bbox 340 1365 415 1408; x_wconf 88' lang='lat' dir='ltr'>cura</span> <span class='ocrx_word' id='word_1_87' title='bbox 434 1341 471 1408; x_wconf 95' lang='lat' dir='ltr'>C.</span> <span class='ocrx_word' id='word_1_88' title='bbox 490 1341 608 1407; x_wconf 90' lang='lat' dir='ltr'>Neroni</span> <span class='ocrx_word' id='word_1_89' title='bbox 626 1362 665 1406; x_wconf 87' lang='lat' dir='ltr'>ex</span> <span class='ocrx_word' id='word_1_90' title='bbox 683 1342 722 1405; x_wconf 91' lang='lat' dir='ltr'>iis</span> <span class='ocrx_word' id='word_1_91' title='bbox 740 1341 863 1406; x_wconf 90' lang='lat' dir='ltr'>duabus</span> <span class='ocrx_word' id='word_1_92' title='bbox 880 1343 1079 1428; x_wconf 85' lang='lat' dir='ltr'>legionibus,</span> <span class='ocrx_word' id='word_1_93' title='bbox 1102 1365 1161 1428; x_wconf 75' lang='lat' dir='ltr'>qus</span> 
     </span>
     <span class='ocr_line' id='line_1_13' title="bbox 151 1435 1161 1523; baseline 0 -21"><span class='ocrx_word' id='word_1_94' title='bbox 151 1439 192 1503; x_wconf 89' lang='lat' dir='ltr'>ad</span> <span class='ocrx_word' id='word_1_95' title='bbox 219 1436 364 1523; x_wconf 87' lang='lat' dir='ltr'>Capuam</span> <span class='ocrx_word' id='word_1_96' title='bbox 389 1435 560 1514; x_wconf 85' lang='lat' dir='ltr'>habuerat,</span> <span class='ocrx_word' id='word_1_97' title='bbox 597 1457 654 1500; x_wconf 87' lang='lat' dir='ltr'>sex</span> <span class='ocrx_word' id='word_1_98' title='bbox 684 1435 770 1500; x_wconf 90' lang='lat' dir='ltr'>milia</span> <span class='ocrx_word' id='word_1_99' title='bbox 795 1437 938 1520; x_wconf 90' lang='lat' dir='ltr'>peditum</span> <span class='ocrx_word' id='word_1_100' title='bbox 969 1449 1004 1502; x_wconf 92' lang='lat' dir='ltr'>et</span> <span class='ocrx_word' id='word_1_101' title='bbox 1032 1447 1161 1504; x_wconf 80' lang='lat' dir='ltr'>trecentos</span> 
     </span>
     <span class='ocr_line' id='line_1_14' title="bbox 151 1530 1163 1618; baseline 0.004 -22"><span class='ocrx_word' id='word_1_102' title='bbox 151 1532 286 1615; x_wconf 84' lang='lat' dir='ltr'>equites,</span> <span class='ocrx_word' id='word_1_103' title='bbox 305 1553 384 1616; x_wconf 91' lang='lat' dir='ltr'>quos</span> <span class='ocrx_word' id='word_1_104' title='bbox 402 1531 470 1616; x_wconf 89' lang='lat' dir='ltr'>ipse</span> <span class='ocrx_word' id='word_1_105' title='bbox 488 1530 631 1616; x_wconf 87' lang='lat' dir='ltr'>legisset,</span> <span class='ocrx_word' id='word_1_106' title='bbox 659 1538 691 1594; x_wconf 91' lang='lat' dir='ltr'>et</span> <span class='ocrx_word' id='word_1_107' title='bbox 709 1531 829 1595; x_wconf 80' lang='lat' dir='ltr'>sooidm</span> <span class='ocrx_word' id='word_1_108' title='bbox 845 1531 958 1596; x_wconf 87' lang='lat' dir='ltr'>Latini</span> <span class='ocrx_word' id='word_1_109' title='bbox 974 1534 1110 1599; x_wconf 89' lang='lat' dir='ltr'>nominis</span> <span class='ocrx_word' id='word_1_110' title='bbox 1122 1554 1163 1618; x_wconf 81' lang='lat' dir='ltr'>ps·</span> 
     </span>
     <span class='ocr_line' id='line_1_15' title="bbox 151 1625 1159 1711; baseline 0 -20"><span class='ocrx_word' id='word_1_111' title='bbox 151 1628 250 1691; x_wconf 91' lang='lat' dir='ltr'>ditum</span> <span class='ocrx_word' id='word_1_112' title='bbox 269 1648 432 1691; x_wconf 91' lang='lat' dir='ltr'>numerum</span> <span class='ocrx_word' id='word_1_113' title='bbox 450 1647 559 1711; x_wconf 90' lang='lat' dir='ltr'>parem</span> <span class='ocrx_word' id='word_1_114' title='bbox 581 1634 611 1689; x_wconf 90' lang='lat' dir='ltr'>et</span> <span class='ocrx_word' id='word_1_115' title='bbox 633 1625 829 1711; x_wconf 87' lang='lat' dir='ltr'>octingentos</span> <span class='ocrx_word' id='word_1_116' title='bbox 852 1626 975 1710; x_wconf 92' lang='lat' dir='ltr'>equites</span> <span class='ocrx_word' id='word_1_117' title='bbox 1000 1628 1159 1694; x_wconf 89' lang='lat' dir='ltr'>decernunt.</span> 
     </span>
    </p>

    <p class='ocr_par' dir='ltr' id='par_1_6' title="bbox 116 1719 1162 1994">
     <span class='ocr_line' id='line_1_16' title="bbox 116 1719 1162 1804; baseline 0.001 -19"><span class='ocrx_word' id='word_1_118' title='bbox 116 1741 131 1786; x_wconf 78' lang='grc' dir='ltr'>ι</span> <span class='ocrx_word' id='word_1_119' title='bbox 151 1743 224 1785; x_wconf 90' lang='lat' dir='ltr'>eum</span> <span class='ocrx_word' id='word_1_120' title='bbox 248 1721 417 1785; x_wconf 88' lang='lat' dir='ltr'>exercitum</span> <span class='ocrx_word' id='word_1_121' title='bbox 434 1719 576 1784; x_wconf 84' lang='lat' dir='ltr'>Puteolis</span> <span class='ocrx_word' id='word_1_122' title='bbox 599 1720 631 1782; x_wconf 94' lang='lat' dir='ltr'>in</span> <span class='ocrx_word' id='word_1_123' title='bbox 652 1742 749 1784; x_wconf 86' lang='lat' dir='ltr'>naves</span> <span class='ocrx_word' id='word_1_124' title='bbox 771 1720 943 1804; x_wconf 90' lang='lat' dir='ltr'>inpositum</span> <span class='ocrx_word' id='word_1_125' title='bbox 965 1721 1055 1789; x_wconf 90' lang='lat' dir='ltr'>Nero</span> <span class='ocrx_word' id='word_1_126' title='bbox 1074 1721 1162 1787; x_wconf 85' lang='lat' dir='ltr'>inlli-</span> 
     </span>
     <span class='ocr_line' id='line_1_17' title="bbox 152 1813 1160 1900; baseline 0.004 -22"><span class='ocrx_word' id='word_1_127' title='bbox 152 1816 292 1900; x_wconf 86' lang='lat' dir='ltr'>spaniam</span> <span class='ocrx_word' id='word_1_128' title='bbox 311 1815 540 1898; x_wconf 90' lang='lat' dir='ltr'>transportavit.</span> <span class='ocrx_word' id='word_1_129' title='bbox 577 1837 649 1878; x_wconf 91' lang='lat' dir='ltr'>cum</span> <span class='ocrx_word' id='word_1_130' title='bbox 663 1813 872 1879; x_wconf 82' lang='lat' dir='ltr'>Tarraconem</span> <span class='ocrx_word' id='word_1_131' title='bbox 890 1815 1031 1883; x_wconf 86' lang='lat' dir='ltr'>navibus</span> <span class='ocrx_word' id='word_1_132' title='bbox 1048 1817 1160 1882; x_wconf 58' lang='lat' dir='ltr'>veniam</span> 
     </span>
     <span class='ocr_line' id='line_1_18' title="bbox 152 1907 1159 1994; baseline 0.004 -24"><span class='ocrx_word' id='word_1_133' title='bbox 152 1908 364 1992; x_wconf 85' lang='lat' dir='ltr'>expositisque</span> <span class='ocrx_word' id='word_1_134' title='bbox 390 1907 435 1971; x_wconf 92' lang='lat' dir='ltr'>ibi</span> <span class='ocrx_word' id='word_1_135' title='bbox 457 1909 555 1992; x_wconf 92' lang='lat' dir='ltr'>copiis</span> <span class='ocrx_word' id='word_1_136' title='bbox 578 1917 609 1972; x_wconf 90' lang='lat' dir='ltr'>et</span> <span class='ocrx_word' id='word_1_137' title='bbox 630 1908 762 1973; x_wconf 90' lang='lat' dir='ltr'>navibus</span> <span class='ocrx_word' id='word_1_138' title='bbox 787 1908 950 1974; x_wconf 90' lang='lat' dir='ltr'>subductis</span> <span class='ocrx_word' id='word_1_139' title='bbox 979 1912 1082 1976; x_wconf 91' lang='lat' dir='ltr'>socios</span> <span class='ocrx_word' id='word_1_140' title='bbox 1102 1931 1159 1994; x_wconf 78' lang='lat' dir='ltr'>quo</span> 
     </span>
    </p>

    <p class='ocr_par' dir='ltr' id='par_1_7' title="bbox 116 2001 1158 2166">
     <span class='ocr_line' id='line_1_19' title="bbox 116 2001 1158 2091; baseline 0.008 -27"><span class='ocrx_word' id='word_1_141' title='bbox 116 2022 212 2084; x_wconf 83' lang='lat' dir='ltr'>aque</span> <span class='ocrx_word' id='word_1_142' title='bbox 234 2001 354 2066; x_wconf 89' lang='lat' dir='ltr'>navalis</span> <span class='ocrx_word' id='word_1_143' title='bbox 376 2002 583 2072; x_wconf 87' lang='lat' dir='ltr'>multitudinis</span> <span class='ocrx_word' id='word_1_144' title='bbox 606 2004 768 2090; x_wconf 85' lang='lat' dir='ltr'>augendae</span> <span class='ocrx_word' id='word_1_145' title='bbox 794 2025 891 2069; x_wconf 89' lang='lat' dir='ltr'>eausa</span> <span class='ocrx_word' id='word_1_146' title='bbox 913 2016 1084 2084; x_wconf 86' lang='lat' dir='ltr'>armasset,</span> <span class='ocrx_word' id='word_1_147' title='bbox 1105 2026 1158 2091; x_wconf 66' lang='lat' dir='ltr'>par</span> 
     </span>
     <span class='ocr_line' id='line_1_20' title="bbox 150 2095 1156 2166; baseline 0.003 -8"><span class='ocrx_word' id='word_1_148' title='bbox 150 2095 252 2159; x_wconf 85' lang='lat' dir='ltr'>fectus</span> <span class='ocrx_word' id='word_1_149' title='bbox 279 2097 320 2160; x_wconf 89' lang='lat' dir='ltr'>ad</span> <span class='ocrx_word' id='word_1_150' title='bbox 336 2095 492 2161; x_wconf 90' lang='lat' dir='ltr'>Hiberum</span> <span class='ocrx_word' id='word_1_151' title='bbox 518 2097 635 2162; x_wconf 87' lang='lat' dir='ltr'>flumen</span> <span class='ocrx_word' id='word_1_152' title='bbox 661 2098 831 2163; x_wconf 86' lang='lat' dir='ltr'>exercitum</span> <span class='ocrx_word' id='word_1_153' title='bbox 858 2098 897 2163; x_wconf 89' lang='lat' dir='ltr'>ab</span> <span class='ocrx_word' id='word_1_154' title='bbox 921 2099 972 2164; x_wconf 85' lang='lat' dir='ltr'>Ti.</span> <span class='ocrx_word' id='word_1_155' title='bbox 992 2099 1156 2166; x_wconf 86' lang='lat' dir='ltr'>Fonteioet</span> 
     </span>
    </p>

    <p class='ocr_par' dir='ltr' id='par_1_8' title="bbox 115 2187 1154 2369">
     <span class='ocr_line' id='line_1_21' title="bbox 115 2187 1153 2277; baseline 0.003 -23"><span class='ocrx_word' id='word_1_156' title='bbox 115 2187 273 2254; x_wconf 75' lang='lat' dir='ltr'>tMareio</span> <span class='ocrx_word' id='word_1_157' title='bbox 301 2191 428 2275; x_wconf 89' lang='lat' dir='ltr'>accepit.</span> <span class='ocrx_word' id='word_1_158' title='bbox 473 2191 546 2255; x_wconf 90' lang='lat' dir='ltr'>iude</span> <span class='ocrx_word' id='word_1_159' title='bbox 571 2192 675 2277; x_wconf 88' lang='lat' dir='ltr'>pergit</span> <span class='ocrx_word' id='word_1_160' title='bbox 701 2193 741 2256; x_wconf 92' lang='lat' dir='ltr'>ad</span> <span class='ocrx_word' id='word_1_161' title='bbox 767 2192 866 2258; x_wconf 89' lang='lat' dir='ltr'>hostis</span> <span class='ocrx_word' id='word_1_162' title='bbox 892 2193 948 2257; x_wconf 90' lang='lat' dir='ltr'>ire.</span> <span class='ocrx_word' id='word_1_163' title='bbox 995 2190 1153 2259; x_wconf 81' lang='lat' dir='ltr'>Hasdrubal</span> 
     </span>
     <span class='ocr_line' id='line_1_22' title="bbox 148 2282 1154 2369; baseline 0.002 -21"><span class='ocrx_word' id='word_1_164' title='bbox 148 2282 338 2348; x_wconf 84' lang='lat' dir='ltr'>Hamilcaris</span> <span class='ocrx_word' id='word_1_165' title='bbox 357 2285 397 2348; x_wconf 88' lang='lat' dir='ltr'>ad</span> <span class='ocrx_word' id='word_1_166' title='bbox 410 2285 552 2369; x_wconf 87' lang='lat' dir='ltr'>Lapides</span> <span class='ocrx_word' id='word_1_167' title='bbox 571 2296 654 2349; x_wconf 87' lang='lat' dir='ltr'>atros</span> <span class='ocrx_word' id='word_1_168' title='bbox 673 2295 775 2350; x_wconf 88' lang='lat' dir='ltr'>castra</span> <span class='ocrx_word' id='word_1_169' title='bbox 792 2285 942 2351; x_wconf 87' lang='lat' dir='ltr'>habebat:</span> <span class='ocrx_word' id='word_1_170' title='bbox 960 2287 996 2350; x_wconf 90' lang='lat' dir='ltr'>in</span> <span class='ocrx_word' id='word_1_171' title='bbox 1010 2285 1154 2353; x_wconf 82' lang='lat' dir='ltr'>Ausetanis</span> 
     </span>
    </p>

    <p class='ocr_par' dir='ltr' id='par_1_9' title="bbox 114 2377 1152 2748">
     <span class='ocr_line' id='line_1_23' title="bbox 114 2377 1152 2465; baseline -0.004 -20"><span class='ocrx_word' id='word_1_172' title='bbox 114 2377 282 2445; x_wconf 82' lang='lat' dir='ltr'>a1sloeus</span> <span class='ocrx_word' id='word_1_173' title='bbox 305 2387 352 2442; x_wconf 91' lang='lat' dir='ltr'>est</span> <span class='ocrx_word' id='word_1_174' title='bbox 374 2379 454 2442; x_wconf 90' lang='lat' dir='ltr'>inter</span> <span class='ocrx_word' id='word_1_175' title='bbox 476 2379 591 2462; x_wconf 87' lang='lat' dir='ltr'>oppida</span> <span class='ocrx_word' id='word_1_176' title='bbox 613 2379 769 2465; x_wconf 86' lang='lat' dir='ltr'>Iliturgim</span> <span class='ocrx_word' id='word_1_177' title='bbox 792 2388 823 2443; x_wconf 93' lang='lat' dir='ltr'>et</span> <span class='ocrx_word' id='word_1_178' title='bbox 840 2379 941 2444; x_wconf 89' lang='lat' dir='ltr'>Ment</span> <span class='ocrx_word' id='word_1_179' title='bbox 920 2391 1044 2447; x_wconf 83' lang='lat' dir='ltr'>trssam</span> <span class='ocrx_word' id='word_1_180' title='bbox 1084 2380 1152 2445; x_wconf 83' lang='lat' dir='ltr'>huius</span> 
     </span>
     <span class='ocr_line' id='line_1_24' title="bbox 149 2469 1150 2581; baseline 0 -45"><span class='ocrx_word' id='word_1_181' title='bbox 149 2472 246 2536; x_wconf 88' lang='lat' dir='ltr'>saltus</span> <span class='ocrx_word' id='word_1_182' title='bbox 268 2471 377 2536; x_wconf 86' lang='lat' dir='ltr'>fauces</span> <span class='ocrx_word' id='word_1_183' title='bbox 399 2471 482 2536; x_wconf 91' lang='lat' dir='ltr'>Nero</span> <span class='ocrx_word' id='word_1_184' title='bbox 503 2469 644 2581; x_wconf 79' lang='lat' dir='ltr'>[insedit.</span> <span class='ocrx_word' id='word_1_185' title='bbox 623 2473 863 2539; x_wconf 89' lang='lat' dir='ltr'>tHasdrubal</span> <span class='ocrx_word' id='word_1_186' title='bbox 856 2473 1005 2567; x_wconf 90' lang='lat' dir='ltr'>cum]</span> <span class='ocrx_word' id='word_1_187' title='bbox 994 2500 1030 2539; x_wconf 92' lang='grc' dir='ltr'>ιιι</span> <span class='ocrx_word' id='word_1_188' title='bbox 1047 2485 1150 2540; x_wconf 82' lang='lat' dir='ltr'>artora</span> 
     </span>
     <span class='ocr_line' id='line_1_25' title="bbox 149 2554 1148 2651; baseline -0.002 -22"><span class='ocrx_word' id='word_1_189' title='bbox 149 2574 245 2641; x_wconf 91' lang='lat' dir='ltr'>esset,</span> <span class='ocrx_word' id='word_1_190' title='bbox 265 2566 501 2630; x_wconf 83' lang='lat' dir='ltr'>caduceatorem</span> <span class='ocrx_word' id='word_1_191' title='bbox 519 2566 604 2629; x_wconf 87' lang='lat' dir='ltr'>misit</span> <span class='ocrx_word' id='word_1_192' title='bbox 608 2567 691 2650; x_wconf 89' lang='lat' dir='ltr'>,qui</span> <span class='ocrx_word' id='word_1_193' title='bbox 708 2567 822 2651; x_wconf 90' lang='lat' dir='ltr'>promit</span> <span class='ocrx_word' id='word_1_194' title='bbox 823 2554 914 2646; x_wconf 79' lang='lat' dir='ltr'>teret,</span> <span class='ocrx_word' id='word_1_195' title='bbox 935 2592 962 2633; x_wconf 79' lang='lat' dir='ltr'>si</span> <span class='ocrx_word' id='word_1_196' title='bbox 953 2569 1148 2634; x_wconf 83' lang='lat' dir='ltr'>indemisaus</span> 
     </span>
     <span class='ocr_line' id='line_1_26' title="bbox 147 2658 1147 2774; baseline 0.008 -52"><span class='ocrx_word' id='word_1_197' title='bbox 147 2658 241 2736; x_wconf 84' lang='lat' dir='ltr'>foret,</span> <span class='ocrx_word' id='word_1_198' title='bbox 275 2681 308 2722; x_wconf 94' lang='lat' dir='ltr'>se</span> <span class='ocrx_word' id='word_1_199' title='bbox 335 2681 459 2724; x_wconf 92' lang='lat' dir='ltr'>omnem</span> <span class='ocrx_word' id='word_1_200' title='bbox 487 2661 657 2724; x_wconf 88' lang='lat' dir='ltr'>exercitum</span> <span class='ocrx_word' id='word_1_201' title='bbox 684 2683 723 2725; x_wconf 89' lang='lat' dir='ltr'>ex</span> <span class='ocrx_word' id='word_1_202' title='bbox 749 2661 905 2747; x_wconf 88' lang='lat' dir='ltr'>Hispania</span> <span class='ocrx_word' id='word_1_203' title='bbox 932 2664 1147 2774; x_wconf 68' lang='lat' dir='ltr'>deportaturum</span> 
     </span>
    </p>

    <p class='ocr_par' dir='ltr' id='par_1_10' title="bbox 114 2753 1192 3125">
     <span class='ocr_line' id='line_1_27' title="bbox 114 2753 1146 2841; baseline 0.003 -28"><span class='ocrx_word' id='word_1_204' title='bbox 114 2773 243 2833; x_wconf 79' lang='lat' dir='ltr'>aquam</span> <span class='ocrx_word' id='word_1_205' title='bbox 268 2772 335 2815; x_wconf 92' lang='lat' dir='ltr'>rem</span> <span class='ocrx_word' id='word_1_206' title='bbox 361 2773 432 2816; x_wconf 90' lang='lat' dir='ltr'>cum</span> <span class='ocrx_word' id='word_1_207' title='bbox 457 2753 540 2818; x_wconf 91' lang='lat' dir='ltr'>laeto</span> <span class='ocrx_word' id='word_1_208' title='bbox 563 2755 666 2819; x_wconf 91' lang='lat' dir='ltr'>animo</span> <span class='ocrx_word' id='word_1_209' title='bbox 690 2755 850 2820; x_wconf 87' lang='lat' dir='ltr'>Romanus</span> <span class='ocrx_word' id='word_1_210' title='bbox 878 2757 1067 2841; x_wconf 89' lang='lat' dir='ltr'>accepisset,</span> <span class='ocrx_word' id='word_1_211' title='bbox 1090 2754 1146 2819; x_wconf 85' lang='lat' dir='ltr'>dieu</span> 
     </span>
     <span class='ocr_line' id='line_1_28' title="bbox 147 2845 1144 2938; baseline 0.008 -31"><span class='ocrx_word' id='word_1_212' title='bbox 147 2854 307 2930; x_wconf 89' lang='lat' dir='ltr'>posterum</span> <span class='ocrx_word' id='word_1_213' title='bbox 325 2845 508 2912; x_wconf 84' lang='lat' dir='ltr'>Hasdrubal</span> <span class='ocrx_word' id='word_1_214' title='bbox 527 2850 690 2932; x_wconf 90' lang='lat' dir='ltr'>conloquio</span> <span class='ocrx_word' id='word_1_215' title='bbox 707 2860 761 2935; x_wconf 91' lang='lat' dir='ltr'>pet</span> <span class='ocrx_word' id='word_1_216' title='bbox 762 2851 830 2928; x_wconf 91' lang='lat' dir='ltr'>ivit,</span> <span class='ocrx_word' id='word_1_217' title='bbox 853 2851 1072 2938; x_wconf 87' lang='lat' dir='ltr'>ut(Romam)</span> <span class='ocrx_word' id='word_1_218' title='bbox 1084 2851 1144 2935; x_wconf 76' lang='lat' dir='ltr'>lega</span> 
     </span>
     <span class='ocr_line' id='line_1_29' title="bbox 148 2939 1191 3032; baseline 0.004 -30"><span class='ocrx_word' id='word_1_219' title='bbox 148 2939 378 3004; x_wconf 89' lang='lat' dir='ltr'>conscriberent</span> <span class='ocrx_word' id='word_1_220' title='bbox 367 2949 417 3004; x_wconf 91' lang='lat' dir='ltr'>tur</span> <span class='ocrx_word' id='word_1_221' title='bbox 438 2943 476 3006; x_wconf 94' lang='lat' dir='ltr'>de</span> <span class='ocrx_word' id='word_1_222' title='bbox 499 2944 656 3010; x_wconf 90' lang='lat' dir='ltr'>tradendis</span> <span class='ocrx_word' id='word_1_223' title='bbox 681 2945 804 3010; x_wconf 87' lang='lat' dir='ltr'>arcibus</span> <span class='ocrx_word' id='word_1_224' title='bbox 827 2945 954 3010; x_wconf 92' lang='lat' dir='ltr'>urbium</span> <span class='ocrx_word' id='word_1_225' title='bbox 977 2948 1086 3032; x_wconf 90' lang='lat' dir='ltr'>dieque</span> <span class='ocrx_word' id='word_1_226' title='bbox 1103 2952 1144 3008; x_wconf 77' lang='lat' dir='ltr'>sta·</span> <span class='ocrx_word' id='word_1_227' title='bbox 1180 2966 1191 2993; x_wconf 93' lang='grc'>-·</span> 
     </span>
     <span class='ocr_line' id='line_1_30' title="bbox 147 3033 1192 3125; baseline 0.008 -30"><span class='ocrx_word' id='word_1_228' title='bbox 147 3033 276 3110; x_wconf 89' lang='lat' dir='ltr'>tuenda,</span> <span class='ocrx_word' id='word_1_229' title='bbox 304 3035 345 3097; x_wconf 89' lang='lat' dir='ltr'>ad</span> <span class='ocrx_word' id='word_1_230' title='bbox 371 3057 465 3118; x_wconf 87' lang='lat' dir='ltr'>quam</span> <span class='ocrx_word' id='word_1_231' title='bbox 490 3038 646 3121; x_wconf 89' lang='lat' dir='ltr'>praesidia</span> <span class='ocrx_word' id='word_1_232' title='bbox 672 3039 899 3103; x_wconf 88' lang='lat' dir='ltr'>deducerentur</span> <span class='ocrx_word' id='word_1_233' title='bbox 926 3061 1048 3125; x_wconf 86' lang='lat' dir='ltr'>suaque</span> <span class='ocrx_word' id='word_1_234' title='bbox 1071 3034 1143 3104; x_wconf 65' lang='lat' dir='ltr'>omni</span> <span class='ocrx_word' id='word_1_235' title='bbox 1178 3083 1192 3122; x_wconf 85' lang='lat'>·;</span> 
     </span>
    </p>

    <p class='ocr_par' dir='ltr' id='par_1_11' title="bbox 113 3126 1192 3407">
     <span class='ocr_line' id='line_1_31' title="bbox 113 3126 1143 3218; baseline 0.001 -26"><span class='ocrx_word' id='word_1_236' title='bbox 113 3147 127 3192; x_wconf 79' lang='grc' dir='ltr'>ι</span> <span class='ocrx_word' id='word_1_237' title='bbox 147 3126 214 3190; x_wconf 89' lang='lat' dir='ltr'>sine</span> <span class='ocrx_word' id='word_1_238' title='bbox 232 3126 342 3192; x_wconf 83' lang='lat' dir='ltr'>fraude</span> <span class='ocrx_word' id='word_1_239' title='bbox 360 3128 461 3193; x_wconf 92' lang='lat' dir='ltr'>Poeni</span> <span class='ocrx_word' id='word_1_240' title='bbox 480 3132 686 3216; x_wconf 88' lang='lat' dir='ltr'>deportarent.</span> <span class='ocrx_word' id='word_1_241' title='bbox 727 3132 812 3214; x_wconf 92' lang='lat' dir='ltr'>quod</span> <span class='ocrx_word' id='word_1_242' title='bbox 829 3131 884 3196; x_wconf 84' lang='lat' dir='ltr'>ubi</span> <span class='ocrx_word' id='word_1_243' title='bbox 901 3132 1089 3218; x_wconf 84' lang='lat' dir='ltr'>impetrarit,</span> <span class='ocrx_word' id='word_1_244' title='bbox 1108 3149 1143 3193; x_wconf 82' lang='lat' dir='ltr'>cx·</span> 
     </span>
     <span class='ocr_line' id='line_1_32' title="bbox 146 3220 1192 3314; baseline 0.011 -30"><span class='ocrx_word' id='word_1_245' title='bbox 146 3220 262 3306; x_wconf 90' lang='lat' dir='ltr'>templo</span> <span class='ocrx_word' id='word_1_246' title='bbox 283 3223 392 3306; x_wconf 90' lang='lat' dir='ltr'>primis</span> <span class='ocrx_word' id='word_1_247' title='bbox 416 3225 552 3289; x_wconf 90' lang='lat' dir='ltr'>tenebris</span> <span class='ocrx_word' id='word_1_248' title='bbox 576 3236 668 3308; x_wconf 89' lang='lat' dir='ltr'>atque</span> <span class='ocrx_word' id='word_1_249' title='bbox 691 3226 762 3289; x_wconf 87' lang='lat' dir='ltr'>inde</span> <span class='ocrx_word' id='word_1_250' title='bbox 785 3235 850 3290; x_wconf 91' lang='lat' dir='ltr'>tota</span> <span class='ocrx_word' id='word_1_251' title='bbox 867 3238 975 3306; x_wconf 90' lang='lat' dir='ltr'>nocte,</span> <span class='ocrx_word' id='word_1_252' title='bbox 1005 3228 1143 3314; x_wconf 67' lang='lat' dir='ltr'>quodgn·</span> <span class='ocrx_word' id='word_1_253' title='bbox 1180 3271 1192 3307; x_wconf 84' lang='lat'>-·.</span> 
     </span>
     <span class='ocr_line' id='line_1_33' title="bbox 144 3315 1192 3407; baseline 0.01 -29"><span class='ocrx_word' id='word_1_254' title='bbox 144 3315 309 3379; x_wconf 79' lang='lat' dir='ltr'>vissimum</span> <span class='ocrx_word' id='word_1_255' title='bbox 336 3317 490 3382; x_wconf 86' lang='lat' dir='ltr'>exercitus</span> <span class='ocrx_word' id='word_1_256' title='bbox 518 3328 597 3396; x_wconf 90' lang='lat' dir='ltr'>erat,</span> <span class='ocrx_word' id='word_1_257' title='bbox 632 3318 816 3404; x_wconf 87' lang='lat' dir='ltr'>Hasdrubal</span> <span class='ocrx_word' id='word_1_258' title='bbox 841 3341 1043 3407; x_wconf 89' lang='lat' dir='ltr'>quacumque</span> <span class='ocrx_word' id='word_1_259' title='bbox 1065 3320 1142 3407; x_wconf 70' lang='lat' dir='ltr'>possa</span> <span class='ocrx_word' id='word_1_260' title='bbox 1181 3340 1192 3402; x_wconf 76' lang='grc' dir='ltr'>ξ</span> 
     </span>
    </p>

    <p class='ocr_par' dir='ltr' id='par_1_12' title="bbox 111 3409 1192 3689">
     <span class='ocr_line' id='line_1_34' title="bbox 111 3409 1192 3498; baseline 0.008 -24"><span class='ocrx_word' id='word_1_261' title='bbox 111 3427 127 3474; x_wconf 89' lang='lat'>8</span> <span class='ocrx_word' id='word_1_262' title='bbox 146 3409 279 3473; x_wconf 89' lang='lat' dir='ltr'>evadere</span> <span class='ocrx_word' id='word_1_263' title='bbox 298 3410 378 3474; x_wconf 90' lang='lat' dir='ltr'>saltu</span> <span class='ocrx_word' id='word_1_264' title='bbox 396 3411 497 3477; x_wconf 91' lang='lat' dir='ltr'>iussit.</span> <span class='ocrx_word' id='word_1_265' title='bbox 542 3414 615 3477; x_wconf 90' lang='lat' dir='ltr'>data</span> <span class='ocrx_word' id='word_1_266' title='bbox 638 3414 746 3478; x_wconf 91' lang='lat' dir='ltr'>sedulo</span> <span class='ocrx_word' id='word_1_267' title='bbox 769 3423 945 3498; x_wconf 91' lang='lat' dir='ltr'>operaest,</span> <span class='ocrx_word' id='word_1_268' title='bbox 972 3411 1143 3480; x_wconf 75' lang='lat' dir='ltr'>aemulis</span> <span class='ocrx_word' id='word_1_269' title='bbox 1183 3458 1192 3483; x_wconf 67' lang='grc' dir='ltr'>ι</span> 
     </span>
     <span class='ocr_line' id='line_1_35' title="bbox 144 3500 1143 3592; baseline 0.001 -27"><span class='ocrx_word' id='word_1_270' title='bbox 144 3512 235 3568; x_wconf 90' lang='lat' dir='ltr'>nocte</span> <span class='ocrx_word' id='word_1_271' title='bbox 262 3504 393 3583; x_wconf 87' lang='lat' dir='ltr'>exirent,</span> <span class='ocrx_word' id='word_1_272' title='bbox 424 3516 460 3570; x_wconf 89' lang='lat' dir='ltr'>ut</span> <span class='ocrx_word' id='word_1_273' title='bbox 485 3506 555 3592; x_wconf 90' lang='lat' dir='ltr'>ipsa</span> <span class='ocrx_word' id='word_1_274' title='bbox 580 3509 721 3591; x_wconf 89' lang='lat' dir='ltr'>paucitas</span> <span class='ocrx_word' id='word_1_275' title='bbox 749 3530 820 3572; x_wconf 92' lang='lat' dir='ltr'>cum</span> <span class='ocrx_word' id='word_1_276' title='bbox 842 3509 883 3572; x_wconf 91' lang='lat' dir='ltr'>ad</span> <span class='ocrx_word' id='word_1_277' title='bbox 904 3508 1031 3575; x_wconf 91' lang='lat' dir='ltr'>hostem</span> <span class='ocrx_word' id='word_1_278' title='bbox 1052 3500 1143 3574; x_wconf 79' lang='lat' dir='ltr'>silentia</span> 
     </span>
     <span class='ocr_line' id='line_1_36' title="bbox 143 3597 1190 3689; baseline 0.005 -28"><span class='ocrx_word' id='word_1_279' title='bbox 143 3597 392 3664; x_wconf 86' lang='lat' dir='ltr'>fallendumt</span> <span class='ocrx_word' id='word_1_280' title='bbox 338 3624 378 3686; x_wconf 87' lang='lat' dir='ltr'>ap</span> <span class='ocrx_word' id='word_1_281' title='bbox 381 3601 454 3680; x_wconf 92' lang='lat' dir='ltr'>tior,</span> <span class='ocrx_word' id='word_1_282' title='bbox 481 3611 547 3665; x_wconf 91' lang='lat' dir='ltr'>tum</span> <span class='ocrx_word' id='word_1_283' title='bbox 571 3603 612 3666; x_wconf 90' lang='lat' dir='ltr'>ad</span> <span class='ocrx_word' id='word_1_284' title='bbox 638 3603 834 3668; x_wconf 88' lang='lat' dir='ltr'>evadendum</span> <span class='ocrx_word' id='word_1_285' title='bbox 855 3626 913 3689; x_wconf 90' lang='lat' dir='ltr'>per</span> <span class='ocrx_word' id='word_1_286' title='bbox 936 3615 1021 3670; x_wconf 88' lang='lat' dir='ltr'>artas</span> <span class='ocrx_word' id='word_1_287' title='bbox 1046 3598 1141 3670; x_wconf 73' lang='lat' dir='ltr'>semibt</span> <span class='ocrx_word' id='word_1_288' title='bbox 1183 3600 1190 3679; x_wconf 70' lang='lat'><em>]</em></span> 
     </span>
    </p>

    <p class='ocr_par' dir='ltr' id='par_1_13' title="bbox 109 3692 1192 3970">
     <span class='ocr_line' id='line_1_37' title="bbox 109 3692 1192 3781; baseline 0.003 -25"><span class='ocrx_word' id='word_1_289' title='bbox 109 3710 124 3756; x_wconf 82' lang='lat'>9</span> <span class='ocrx_word' id='word_1_290' title='bbox 144 3715 181 3757; x_wconf 87' lang='lat' dir='ltr'>aa</span> <span class='ocrx_word' id='word_1_291' title='bbox 199 3692 335 3758; x_wconf 88' lang='lat' dir='ltr'>difficilis</span> <span class='ocrx_word' id='word_1_292' title='bbox 355 3705 446 3759; x_wconf 87' lang='lat' dir='ltr'>esset.</span> <span class='ocrx_word' id='word_1_293' title='bbox 491 3706 565 3760; x_wconf 87' lang='lat' dir='ltr'>vent</span> <span class='ocrx_word' id='word_1_294' title='bbox 567 3720 620 3760; x_wconf 90' lang='lat' dir='ltr'>um</span> <span class='ocrx_word' id='word_1_295' title='bbox 642 3697 818 3781; x_wconf 89' lang='lat' dir='ltr'>insequenti</span> <span class='ocrx_word' id='word_1_296' title='bbox 840 3698 891 3762; x_wconf 94' lang='lat' dir='ltr'>die</span> <span class='ocrx_word' id='word_1_297' title='bbox 915 3699 956 3763; x_wconf 91' lang='lat' dir='ltr'>ad</span> <span class='ocrx_word' id='word_1_298' title='bbox 974 3693 1140 3780; x_wconf 71' lang='lat' dir='ltr'>conloquium</span> <span class='ocrx_word' id='word_1_299' title='bbox 1182 3696 1192 3772; x_wconf 60' lang='lat' dir='ltr'>-j</span> 
     </span>
     <span class='ocr_line' id='line_1_38' title="bbox 144 3787 1192 3878; baseline 0.009 -29"><span class='ocrx_word' id='word_1_300' title='bbox 144 3795 205 3863; x_wconf 84' lang='lat' dir='ltr'>est3</span> <span class='ocrx_word' id='word_1_301' title='bbox 238 3788 294 3851; x_wconf 91' lang='lat' dir='ltr'>sed</span> <span class='ocrx_word' id='word_1_302' title='bbox 315 3787 471 3871; x_wconf 93' lang='lat' dir='ltr'>loquendo</span> <span class='ocrx_word' id='word_1_303' title='bbox 493 3789 583 3874; x_wconf 88' lang='lat' dir='ltr'>plura</span> <span class='ocrx_word' id='word_1_304' title='bbox 607 3789 832 3874; x_wconf 88' lang='lat' dir='ltr'>scribendoque</span> <span class='ocrx_word' id='word_1_305' title='bbox 855 3792 963 3857; x_wconf 90' lang='lat' dir='ltr'>dedita</span> <span class='ocrx_word' id='word_1_306' title='bbox 979 3814 1070 3878; x_wconf 86' lang='lat' dir='ltr'>opera</span> <span class='ocrx_word' id='word_1_307' title='bbox 1083 3800 1138 3870; x_wconf 56' lang='grc' dir='ltr'>(ιω</span> <span class='ocrx_word' id='word_1_308' title='bbox 1190 3840 1192 3849; x_wconf 82' lang='lat'>·</span> 
     </span>
     <span class='ocr_line' id='line_1_39' title="bbox 142 3878 1192 3970; baseline 0.012 -30"><span class='ocrx_word' id='word_1_309' title='bbox 142 3878 176 3940; x_wconf 89' lang='lat' dir='ltr'>iu</span> <span class='ocrx_word' id='word_1_310' title='bbox 202 3901 267 3943; x_wconf 91' lang='lat' dir='ltr'>rem</span> <span class='ocrx_word' id='word_1_311' title='bbox 293 3904 357 3945; x_wconf 93' lang='lat' dir='ltr'>non</span> <span class='ocrx_word' id='word_1_312' title='bbox 380 3892 484 3947; x_wconf 88' lang='lat' dir='ltr'>essent</span> <span class='ocrx_word' id='word_1_313' title='bbox 506 3885 556 3948; x_wconf 92' lang='lat' dir='ltr'>die</span> <span class='ocrx_word' id='word_1_314' title='bbox 578 3893 777 3968; x_wconf 88' lang='lat' dir='ltr'>consumpto,</span> <span class='ocrx_word' id='word_1_315' title='bbox 805 3885 838 3948; x_wconf 94' lang='lat' dir='ltr'>in</span> <span class='ocrx_word' id='word_1_316' title='bbox 859 3895 1021 3970; x_wconf 90' lang='lat' dir='ltr'>posterum</span> <span class='ocrx_word' id='word_1_317' title='bbox 1042 3883 1137 3949; x_wconf 72' lang='lat' dir='ltr'>datm</span> <span class='ocrx_word' id='word_1_318' title='bbox 1189 3918 1192 3953; x_wconf 77' lang='lat' dir='ltr'><em>z</em></span> 
     </span>
    </p>

    <p class='ocr_par' dir='ltr' id='par_1_14' title="bbox 92 3965 1191 4064">
     <span class='ocr_line' id='line_1_40' title="bbox 92 3965 1191 4064; baseline 0.005 -26.083"><span class='ocrx_word' id='word_1_319' title='bbox 92 3991 126 4038; x_wconf 87' lang='lat'>10</span> <span class='ocrx_word' id='word_1_320' title='bbox 92 3980 201 4038; x_wconf 86' lang='lat' dir='ltr'>rest.</span> <span class='ocrx_word' id='word_1_321' title='bbox 180 3972 356 4040; x_wconf 90' lang='lat' dir='ltr'>taddita&#39;</span> <span class='ocrx_word' id='word_1_322' title='bbox 347 3999 516 4062; x_wconf 77' lang='lat' dir='ltr'>insequens</span> <span class='ocrx_word' id='word_1_323' title='bbox 534 4001 597 4043; x_wconf 85' lang='lat' dir='ltr'>nox</span> <span class='ocrx_word' id='word_1_324' title='bbox 611 3977 746 4064; x_wconf 88' lang='lat' dir='ltr'>spatium</span> <span class='ocrx_word' id='word_1_325' title='bbox 760 3979 845 4043; x_wconf 90' lang='lat' dir='ltr'>dedit</span> <span class='ocrx_word' id='word_1_326' title='bbox 865 3989 895 4044; x_wconf 91' lang='lat' dir='ltr'>et</span> <span class='ocrx_word' id='word_1_327' title='bbox 912 3981 991 4046; x_wconf 79' lang='lat' dir='ltr'>alios</span> <span class='ocrx_word' id='word_1_328' title='bbox 1001 3965 1135 4045; x_wconf 76' lang='lat' dir='ltr'>enatent</span> <span class='ocrx_word' id='word_1_329' title='bbox 1188 4038 1191 4043; x_wconf 92' lang='lat'>.</span> 
     </span>
    </p>
   </div>
   <div class='ocr_carea' id='block_1_3' title="bbox 0 0 1268 4514">
    <p class='ocr_par' dir='ltr' id='par_1_15' title="bbox 0 0 1268 4514">
     <span class='ocr_line' id='line_1_41' title="bbox 0 0 1268 4514; baseline 0 7"><span class='ocrx_word' id='word_1_330' title='bbox 0 0 1268 4514; x_wconf 95' lang='lat' dir='ltr'> </span> 
     </span>
    </p>
   </div>
  </div>
 </body>
</html>
