2528 4530
307 284 425 340 uranu
442 283 582 353 xxvm,
602 283 645 337 12.
656 282 699 338 13.
720 285 757 351 [a.
770 281 799 337 c.
811 283 874 351 sos]
1038 271 1101 336 397

80 448 130 514 rlia
148 469 251 523 arma,
270 443 323 508 alii
339 442 433 519 ritus,
453 441 514 506 alia
533 462 637 518 sacra,
657 440 710 505 alii
726 462 826 527 prope
844 440 896 505 dei
914 450 1036 519 essent,
1058 440 1103 506 ita
1120 465 1137 510 4

80 542 208 627 quodam
229 560 293 603 uno
316 535 442 601 vinculo
465 533 660 620 copulaverit
682 556 752 613 eos,
780 545 816 598 ut
836 535 924 600 nulla
944 556 1004 601 nec
1020 535 1103 601 inter

80 659 156 724 ‚psos
178 655 240 698 nec
262 632 416 698 adversus
440 629 554 694 ducem
581 629 693 694 seditio
716 628 868 707 extiterit,
896 651 968 694 cum
994 640 1027 694 et
1046 652 1135 715 pes

80 728 162 797 :unia
178 749 277 814 saepe
294 727 329 790 in
346 723 538 811 stipendium
555 733 588 788 et
605 733 799 788 commeatus
816 723 851 788 in
868 723 1008 789 hostium
1026 747 1102 811 agro

80 827 211 902 leesset,
248 843 382 907 quorum
408 817 516 905 inopia
540 818 644 905 priore
669 817 792 883 Punico
819 817 904 884 bello
930 820 1031 885 multa
1055 820 1104 883 in-

80 919 167 984 fanda
193 917 275 982 inter
302 916 399 980 duces
429 912 608 996 militesque
640 912 811 979 commissa
841 912 975 980 fuerant.
1029 925 1137 1002 posto

80 1010 284 1078 Hasdrubalis
311 1031 386 1074 vero
414 1008 587 1072 exercitum
613 1028 686 1071 cum
713 1007 807 1084 duce,
834 1007 1005 1090 inquibus
1028 1032 1103 1095 spes

80 1105 172 1172 omnis
195 1103 335 1192 reposita
356 1101 506 1168 victoriae
528 1101 646 1179 fuerat,
679 1100 817 1166 deletum
844 1100 1048 1187 cedendoque
1070 1104 1104 1167 in

80 1200 223 1288 ungulum
244 1197 405 1263 Bruttium
427 1207 532 1261 cetera
549 1196 643 1262 Italia
665 1217 866 1274 concessum,
898 1195 950 1260 oui
970 1219 1036 1261 non
1058 1197 1105 1260 vi-

80 1297 183 1361 deatur
205 1293 347 1359 mirabile
369 1292 491 1357 nullum
517 1303 639 1358 motum
659 1292 828 1357 incastris
855 1292 994 1356 factum?
1028 1314 1135 1360 nam?

80 1390 114 1454 ad
131 1400 236 1455 cetera
252 1389 286 1452 id
304 1408 429 1471 quoque
448 1396 640 1466 accesserat,
667 1396 761 1451 utne
780 1386 885 1451 alendi
904 1387 1031 1470 quidem
1049 1409 1105 1452 ex-

80 1484 187 1549 ercitus
214 1482 277 1548 nisi
302 1505 343 1548 ex
359 1481 485 1546 Bruttio
513 1503 590 1566 agro
618 1503 692 1567 spes
715 1492 815 1559 esset,
831 1481 912 1575 Nqui,
938 1493 975 1545 ut
1001 1482 1103 1547 omnis

80 1577 245 1655 coleretur,
280 1577 414 1662 exiguus
445 1587 552 1640 tamen
583 1586 670 1641 tanto
699 1576 812 1641 alendo
843 1576 995 1643 exercitui
1021 1588 1103 1655 erat3

80 1684 140 1737 tum
155 1694 307 1758 magnam
323 1681 447 1757 partem
463 1669 635 1734 iuventutis
654 1671 847 1736 abstractam
865 1696 885 1737 a
902 1672 989 1736 cultu
1012 1694 1105 1758 agro-
1122 1689 1138 1736 8

80 1790 143 1832 rum
159 1766 279 1832 bellum
296 1774 507 1850 occupaverat
529 1775 562 1829 et
584 1786 654 1830 mos
672 1764 749 1830 vitio
772 1765 868 1830 etiam
884 1765 999 1831 insitus
1017 1767 1105 1852 genti

80 1885 129 1949 per
153 1860 319 1927 latrocinia
343 1858 488 1924 militiam
515 1859 693 1925 exercendi.
745 1860 868 1926 neceb
895 1861 989 1926 domo
1017 1861 1137 1946 quic-u

80 1978 168 2040 quam
194 1955 376 2020 mittebatur
403 1954 443 2018 de
464 1953 624 2039 Hispania
649 1955 815 2020 retinenda
841 1956 997 2034 sollicitis,
1025 1966 1105 2021 tam-

80 2073 169 2136 quam
186 2050 293 2117 omnia
309 2071 463 2135 prospera
479 2048 512 2112 in
530 2048 625 2113 Italia
643 2060 760 2114 essent.
800 2096 804 2104 ·
997 2042 1000 2047 ⁴

134 2146 176 2210 In
192 2142 353 2230 Hispania
373 2165 425 2207 res
449 2142 586 2226 quadam
608 2165 649 2206 ex
669 2153 759 2228 parte
777 2144 911 2207 eandem
929 2145 1102 2222 ¹fortunam,
1125 2165 1155 2212 10

80 2242 209 2326 quadam
226 2240 321 2326 longe
339 2238 498 2324 disparem
516 2237 692 2301 habebant:
711 2238 859 2315 eandem,
883 2239 967 2320 quod
984 2239 1104 2323 proelio

80 2335 146 2400 victi
165 2333 447 2420 Carthaginienses
467 2332 547 2396 duce
570 2330 688 2396 amisso
709 2331 744 2394 in
765 2331 909 2395 ultimam
926 2331 1104 2416 Hispaniae

80 2453 160 2496 oram
176 2451 279 2513 usque
298 2428 339 2492 ad
356 2449 511 2493 oceanum
523 2424 679 2512 compulsi
693 2436 796 2502 erant,
815 2425 975 2511 disparem
988 2435 1102 2503 autem,
1124 2447 1154 2492 11

80 2525 157 2609 quod
178 2522 339 2608 Hispania
363 2544 429 2586 non
455 2543 551 2605 quam
576 2520 670 2585 Italia
696 2519 806 2597 modo,
834 2521 892 2584 sed
918 2541 1013 2602 quam
1038 2519 1105 2585 ulla

80 2642 145 2705 pars
173 2628 328 2682 terrarum
352 2616 436 2682 bello
462 2615 640 2702 reparando
667 2614 769 2701 aptior
791 2625 859 2679 erat
879 2614 1022 2680 locorum
1048 2613 1105 2678 ho-

80 2713 255 2796 minumque
280 2710 427 2798 ingeniis.
479 2710 586 2793 itaque
611 2731 688 2796 ergo
714 2709 817 2796 prima
842 2708 997 2776 Romanis
1027 2708 1105 2773 inita
1125 2727 1155 2774 12

80 2807 319 2894 provinciarum,
351 2827 433 2890 quae
460 2805 588 2890 quidem
613 2805 803 2870 continentis
831 2805 908 2884 sint,
944 2815 1106 2891 postrema

80 2901 228 2979 ›mnium,
254 2911 364 2966 nostra
390 2901 518 2965 demum
544 2910 660 2978 aetate,
688 2901 787 2965 ductu
814 2900 1018 2988 auspicioque
1035 2900 1106 2964 Au·

80 2995 159 3084 gusti
182 2994 332 3061 Caesaris
357 2995 535 3082 perdomita
556 3005 614 3061 est.
662 2995 707 3060 ibi
730 3005 797 3059 tum
819 2994 1005 3061 Hasdrubal
1029 2992 1104 3059 Gis·
1124 3013 1155 3060 13

80 3092 181 3178 qonis,
210 3089 366 3155 maximus
385 3088 642 3174 clarissimusque
663 3113 702 3157 eo
720 3091 805 3155 bello
828 3090 1002 3154 secundum
1023 3089 1105 3153 Bar-

80 3187 161 3252 cinos
181 3185 261 3262 dux,
287 3207 454 3271 regressus
472 3185 514 3249 ab
533 3182 693 3263 Gadibus,
715 3183 890 3249 rebellandi
909 3205 998 3268 spem
1017 3181 1105 3245 adiu-

80 3291 168 3347 uante
187 3279 331 3365 Magone
348 3278 540 3344 Hamilcaris
558 3280 637 3357 filio,
666 3278 831 3344 dilectibus
849 3300 907 3365 per
924 3275 1104 3341 ulteriorem

80 3374 266 3462 Hispaniam
283 3373 399 3439 habitis
418 3375 459 3438 ad
477 3372 705 3460 quinquaginta
726 3372 814 3438 milia
830 3371 985 3460 peditum,
1014 3379 1104 3454 quat·

80 3493 143 3536 uor
160 3467 250 3533 milia
267 3478 299 3533 et
317 3469 505 3554 quingentos
524 3468 646 3552 equites
665 3467 807 3533 armavit.
849 3468 888 3532 de
906 3464 1104 3550 equestribus
1125 3484 1157 3530 14

80 3563 172 3652 *opiis
192 3563 291 3628 ferme
309 3562 392 3628 inter
408 3575 552 3630 auctores
571 3563 726 3642 convenit,
745 3563 887 3650 peditum
905 3561 1106 3648 septuaginta

80 3659 158 3725 uilia
182 3657 313 3742 quidam
338 3659 476 3723 adducta
501 3659 543 3723 ad
566 3656 699 3745 Silpiam
724 3659 837 3724 urbem
864 3658 1014 3723 scribunt.
1058 3655 1104 3720 ibi
1124 3673 1155 3721 15

80 3776 170 3843 ruper
197 3774 327 3840 campos
353 3753 491 3840 patentis
521 3753 584 3818 duo
611 3753 708 3817 duces
724 3752 827 3818 Poeni
853 3761 892 3818 ea
917 3762 1036 3829 mente,
1064 3772 1104 3815 ne

80 3851 286 3916 letrectarent
304 3861 476 3926 certamen,
495 3847 708 3913 considerunt.

135 3942 240 4008 XIII.
294 3940 417 4031 Scipio,
445 3965 519 4008 oum
544 3944 586 4008 ad
611 3964 685 4007 eum
709 3940 797 4005 fama
822 3941 901 4005 tanti
932 3940 1138 4027 comparatil

80 4036 231 4106 rxercitus
248 4036 370 4125 perlata
387 4048 486 4118 esset,
508 4058 611 4123 nsque
629 4034 783 4102 Romanis
801 4034 979 4121 legionibus
998 4044 1105 4100 tantae
