2528 4514
144 261 208 328 370
365 269 483 325 LIBER
499 268 626 339 XXVII,
644 267 686 323 39.
698 268 743 323 40.
762 270 839 337 [au.
850 284 875 324 c.
883 266 948 338 547]

111 429 295 496 transitus
310 427 378 494 eius
396 437 483 492 tantu
503 448 560 512 spe
579 448 637 491 sua
654 425 864 492 celeriorem
854 448 920 491 ram
936 436 1104 493 moventem
1115 449 1142 493 er

94 549 128 598 ιι
143 522 284 590 hibernis
298 520 504 599 continuerat,
524 519 640 606 quippe
654 530 865 607 reputantem,
884 543 951 586 non
964 521 1171 607 solumqmn

143 619 231 683 lenta
241 615 368 681 urbium
381 613 574 703 oppugnatio
589 624 684 693 esset,
703 625 753 680 set
765 614 862 680 etiam
875 636 974 700 quam
982 614 1149 703 ipsefiusbt

144 712 279 776 eandem
300 708 387 773 illam
409 708 565 774 coloniam
587 709 629 773 ab
646 707 766 773 Trebia
786 707 888 774 victor
907 731 1076 797 regressus
1093 723 1151 776 ten-

168 814 278 869 tasset.

112 925 125 970 1
144 827 167 890 p
209 894 367 961 XXXX.
396 893 554 962 Consules
568 895 702 961 diversis
716 895 881 963 itineribus
895 897 1037 984 profecti
1048 899 1087 964 ab
1097 898 1153 965 nto

145 992 232 1057 velut
253 991 287 1056 in
309 992 372 1056 duo
393 990 512 1077 pariter
532 989 618 1056 bella
639 990 858 1057 distenderant
882 1013 979 1058 curas
1006 993 1154 1071 hominurn,

146 1086 240 1152 simul
256 1085 503 1163 recordantium,
522 1106 601 1169 quas
614 1085 735 1172 primus
751 1086 908 1152 adventus
922 1085 1154 1154 Hannibalisin-

112 1205 127 1252 2
146 1180 271 1246 tulisset
286 1178 399 1245 Italiae
422 1179 535 1257 cladis,
559 1178 653 1243 simul
671 1200 743 1243 cum
759 1179 815 1244 illa
831 1191 969 1266 angeret
986 1203 1077 1261 cura,
1097 1202 1153 1266 quor

143 1287 210 1340 tam
235 1273 389 1361 propitios
414 1273 486 1338 urbi
512 1284 606 1356 atque
631 1272 764 1359 imperio
790 1272 859 1340 fore
885 1274 983 1354 deos,
1010 1286 1050 1341 ιιι
1068 1275 1154 1343 eodm

144 1379 287 1454 tempore
303 1366 473 1450 utrubique
488 1387 541 1431 res
558 1366 687 1453 publiea
699 1389 851 1454 prospere
864 1369 1054 1454 gereretur?
1077 1368 1155 1435 udlut

146 1462 281 1527 adversa
303 1461 450 1526 secundis
472 1460 639 1547 pensando
658 1483 727 1526 rem
748 1461 840 1526 adid
858 1472 987 1550 tempus
1007 1473 1154 1529 extractae

112 1579 126 1627 3
145 1578 231 1622 esse:
267 1576 341 1620 cum
360 1554 394 1619 in
411 1553 506 1620 Italia
523 1554 565 1619 ad
581 1554 837 1621 Trasumennum
855 1568 889 1622 et
906 1554 1044 1624 Cannas
1059 1554 1154 1645 praeti-

144 1650 279 1736 pitasset
302 1649 451 1716 Romana
475 1671 542 1727 res,
572 1671 726 1737 prospera
750 1650 835 1716 bella
859 1650 893 1715 in
919 1651 1083 1739 Hispania
1099 1660 1155 1739 ἰιι

110 1769 127 1814 4
144 1743 268 1830 lapsam
286 1765 358 1808 eam
375 1743 530 1821 erexisse3
548 1753 674 1830 postea,
694 1765 767 1809 cum
780 1743 814 1810 in
826 1744 993 1831 Hispania
1005 1746 1069 1813 alia
1084 1764 1155 1831 supe

146 1838 240 1902 aliam
262 1837 369 1902 clades
392 1837 515 1903 duobus
534 1837 671 1924 egregiis
690 1838 823 1904 ducibus
842 1839 970 1905 amissis
991 1841 1073 1907 duos
1088 1858 1155 1906 ere·

145 1931 226 1996 citus
244 1954 285 1997 ex
300 1942 391 2017 purte
409 1933 560 2010 delesset,
579 1933 679 1998 multa
695 1933 836 1999 secunda
848 1934 882 1999 in
893 1935 995 2001 Italia
1008 1935 1154 2019 Siciliaque

112 2049 128 2095 5
145 2035 237 2112 gesta
255 2037 437 2111 quassatam
453 2050 522 2093 rem
538 2027 700 2113 publicam
717 2026 895 2113 excepisse3
915 2040 950 2094 et
961 2029 1071 2116 ipsum
1081 2029 1155 2095 intur·

146 2119 263 2185 vallum
279 2119 341 2186 loci
359 2122 443 2205 quod
460 2122 494 2186 in
511 2121 630 2187 ultimis
652 2132 806 2188 terrarum
823 2122 886 2188 oris
906 2122 1046 2190 alterum
1061 2122 1154 2191 belm

112 2225 315 2301 egereretur,
343 2214 480 2302 spatium
506 2216 632 2282 dedisse
660 2217 701 2281 ad
729 2217 967 2304 respirandum
1006 2239 1088 2285 nunu
1108 2216 1155 2281 dut

144 2309 229 2373 bella
248 2309 282 2373 in
298 2309 425 2374 Italiam
448 2322 590 2396 accepta,
619 2309 681 2376 duo
705 2311 900 2376 celeberrimi
922 2312 1064 2379 nominis
1080 2311 1154 2377 ducet

146 2402 347 2469 circumstare
369 2405 482 2468 urbem
503 2404 681 2471 Romanam
705 2416 737 2470 et
759 2428 857 2470 unum
882 2404 918 2470 in
944 2407 1055 2473 locum
1079 2416 1163 2473 ιοιιιιΙ

144 2497 274 2582 periculi
291 2498 422 2576 molem,
442 2520 535 2563 omne
554 2521 634 2565 onus
652 2498 844 2566 incubuisse.
888 2500 946 2584 qui
964 2524 1076 2568 eorum
1090 2498 1155 2589 prist

144 2591 287 2670 vicisset,
314 2593 396 2657 intra
416 2613 536 2679 paucos
560 2592 627 2658 dies
651 2603 754 2659 castra
776 2615 850 2659 cum
866 2594 969 2662 altero
988 2596 1154 2663 iunctum

112 2687 282 2753 stertebat
308 2697 340 2750 et
365 2686 528 2772 proximus
556 2710 656 2753 annus
682 2687 825 2773 lugubris
853 2688 993 2755 duorum
1016 2688 1153 2758 consulu

145 2778 319 2843 funeribus.

207 2870 271 2935 His
304 2871 388 2937 anxii
419 2873 503 2939 curis
530 2873 674 2940 homines
701 2873 907 2961 digredientis
937 2876 972 2942 in
999 2876 1152 2965 provincis

111 2965 291 3032 sconsules
317 2968 477 3056 prosecuti
504 2978 588 3034 sunt.
631 2969 801 3034 memoriae
827 2970 1025 3055 proditumst
1047 2971 1150 3059 plenum

144 3059 248 3124 adhuc
269 3061 334 3126 irae
356 3061 391 3126 in
413 3062 490 3128 civis
508 3062 557 3128 M.
575 3062 706 3127 Livium
727 3063 768 3128 ad
784 3063 905 3129 bellum
921 3066 1149 3150 proficiscerer

143 3154 283 3219 monenti
298 3154 339 3237 Q.
348 3155 464 3234 Fabio,
483 3179 523 3221 ne
536 3155 720 3242 priusquam
733 3179 834 3243 genus
848 3156 994 3225 hostium
1009 3162 1149 3265 cognosse

144 3258 262 3314 temere
275 3272 371 3313 manu
385 3261 564 3315 consereret
565 3250 801 3337 ,respondisse
818 3250 876 3315 ubi
887 3253 1032 3338 primum
1039 3249 1147 3319 hostin!

110 3363 124 3410 ι
144 3365 259 3427 agmen
274 3342 501 3430 conspexisset,
519 3354 743 3431 pugnaturum.
772 3366 845 3409 cum
859 3358 1074 3429 quaereretur,
1089 3358 1146 3459 qut*

144 3459 241 3502 causa
262 3438 434 3503 festinandi
456 3450 555 3516 esset,
583 3444 651 3504 ‘aut
672 3463 713 3504 ex
733 3439 825 3504 hoste
844 3441 1012 3527 egregiam
1028 3428 1145 3538 glorim’
1182 3500 1188 3509 .

142 3530 244 3615 inquit
263 3537 333 3596 ‘aut
350 3555 389 3597 ex
408 3532 529 3599 civibus
548 3532 638 3599 victis
657 3533 809 3620 gaudium
826 3534 978 3601 meritum
996 3521 1143 3611 certasti
1175 3610 1178 3615 Ι

143 3649 208 3692 non
224 3624 409 3704 honestum,
428 3626 571 3713 capiam?
1173 3704 1188 3719 h

91 3741 125 3787 ιο
205 3718 397 3804 Priusquam
424 3717 578 3787 Claudius
609 3721 759 3788 consul
750 3747 783 3787 ιιι
813 3722 1013 3835 provinciam
1042 3719 1141 3789 veniret
1183 3779 1188 3787 .

142 3835 199 3898 per
221 3824 396 3880 extremum
417 3815 514 3880 finem
535 3839 603 3903 agn
593 3815 782 3882 Larinatis
805 3818 1008 3885 ducentem
996 3842 1031 3884 ιιι
1047 3813 1140 3883 sulu-

142 3906 225 3970 tinos
244 3909 416 3974 exercitum
433 3909 648 3975 Hannibalem
667 3911 821 4020 expeditis
840 3913 1026 3980 cohortibus
1043 3911 1139 3977 adom
1175 3902 1180 3975 ἶ

144 3995 183 4063 Ο.
205 3999 364 4067 Hostilius
386 4003 564 4068 Tubulus
554 4005 764 4092 incomposito
787 4005 906 4092 agmini
929 4008 1090 4074 terribilem
1105 4009 1140 4063 ιι·
1173 4004 1188 4095 ,j
