2528 4530
239 206 242 211 ’
316 258 436 315 amm
452 260 550 333 xxv,
567 261 663 320 nas.
684 256 842 334 [aona
1039 256 1104 323 ιιι

91 419 228 482 custodum
245 426 460 505 transgressos
478 441 604 485 murum
621 421 810 508 expulsurus
828 422 919 504 foret,
937 445 1103 491 occurren-

88 509 151 576 tibus
165 511 300 596 pavidis,
319 512 434 576 tumult
421 522 488 578 tum
507 536 623 600 augere
642 537 697 581 eos
715 515 908 584 dictitanset
894 518 1044 585 tmaiora
1061 542 1099 585 ac
1118 533 1133 580 e

86 605 247 671 tenibihora
264 627 339 672 vero
357 606 494 686 adferre,
521 618 690 695 postquam
709 612 873 698 conspexit
895 612 1000 679 omnia
1018 613 1102 680 circa

81 697 213 786 Epipolas
242 700 337 767 armis
353 702 522 811 conpleta,
549 703 696 769 lacessito
665 712 791 769 tttan
791 728 846 771 um
873 705 964 773 hoste
989 708 1099 794 paucis
1120 720 1153 768 ro

80 794 233 861 missilibus
250 804 334 861 retro
351 795 385 860 in
398 795 615 862 Achradinam
632 819 747 884 agmen
766 801 933 879 convertit,
953 822 1019 867 non
1035 811 1102 868 tam

80 889 126 957 vin
142 888 439 974 multitudinemque
456 889 596 956 hostium
613 901 678 957 met
679 913 772 971 uens,
799 914 896 978 quam
912 917 954 961 ne
972 918 1036 981 qua
1051 896 1100 961 in·

80 983 175 1050 atina
192 983 280 1050 fraus
298 1005 356 1070 per
374 983 572 1050 occasionem
589 995 729 1053 oreretur
746 986 934 1073 clausasque
951 989 1034 1056 inter
1051 1000 1101 1054 ιιι-

80 1077 194 1145 nultum
211 1077 413 1143 Achradinae
431 1087 526 1164 atquc
542 1079 665 1145 insulae
681 1080 836 1146 inveniret
856 1092 973 1168 portas.
1009 1082 1098 1150 Mar·
1117 1097 1148 1144 11

80 1170 156 1239 tellus
185 1181 221 1236 ut
208 1171 371 1238 tmoenia
391 1171 554 1259 ingressus
582 1195 622 1238 ex
649 1174 862 1259 superioribus
884 1174 963 1241 locis
988 1175 1100 1242 urbem

80 1265 202 1333 tmuium
228 1265 328 1331 ferme
353 1265 408 1331 illa
438 1275 625 1353 tempestate
651 1267 895 1353 pulcherrimam
926 1268 1101 1336 subiectam

80 1359 157 1427 aulis
186 1357 284 1438 vidit,
320 1360 535 1427 inlacrimasse
566 1361 680 1427 dicitur
705 1363 819 1448 partim
849 1364 967 1451 gaudio
994 1373 1100 1431 tantae

80 1450 257 1542 perpetratae
279 1455 338 1533 rei,
365 1456 481 1542 partim
502 1465 628 1523 vetusta
648 1457 750 1544 gloria
772 1457 870 1524 urbis.
921 1457 1150 1528 Athenien-12

80 1547 145 1615 sium
158 1549 273 1616 elassis
293 1549 506 1615 demersaet
474 1558 506 1616 et
524 1550 614 1616 duo
603 1560 749 1639 mgentes
763 1552 881 1618 exercit
882 1575 919 1618 us
934 1575 1008 1618 cum
1021 1553 1100 1620 duo-

80 1639 124 1709 tu
137 1642 321 1709 clarissimis
340 1643 473 1711 ducibus
492 1644 586 1710 deleti
604 1643 809 1712 occurrebant
822 1655 853 1712 et
866 1655 913 1713 tot
930 1646 1099 1714 bellacum

80 1732 377 1825 Oruaginiensibus
396 1748 483 1805 tanto
506 1760 579 1804 cum
600 1738 780 1805 discrimine
801 1750 929 1827 gestae,
961 1750 1007 1807 tot
1033 1751 1150 1812 tumre

80 1832 200 1917 opulenti
222 1833 347 1919 tyranni
363 1855 533 1920 regesque,
560 1844 649 1921 praet
650 1856 684 1901 er
702 1844 823 1902 ceteros
840 1835 942 1902 Hiero
960 1858 1033 1901 cum
1050 1859 1100 1901 re-

80 1927 260 1992 centissimae
283 1929 452 1994 memoriae
473 1951 543 2007 rex,
568 1939 635 1995 tum
658 1939 731 1995 ante
753 1930 871 2009 omnia,
899 1952 980 2015 quae
998 1930 1098 1996 virtus

80 2018 291 2132 sifortunaque
306 2045 364 2088 sua
376 2022 518 2101 dederat,
537 2022 720 2089 beneficiis
711 2048 745 2088 ιιι
756 2024 909 2134 populum
918 2024 1099 2092 Romanum

80 2112 204 2204 hsignis.
250 2139 288 2182 ea
311 2139 383 2183 cum
405 2117 553 2183 universa
571 2128 768 2184 occurrerent
790 2119 895 2184 auimo
918 2116 1098 2204 subiretque
1118 2141 1151 2191 ιι

80 2211 225 2297 aginam,
260 2210 324 2276 iam
349 2211 403 2277 illa
428 2221 588 2278 momento
615 2210 711 2277 horae
738 2233 848 2277 arsura
870 2212 976 2277 omnia
1001 2222 1032 2278 et
1057 2213 1100 2278 ad

80 2306 181 2373 ireres
193 2305 276 2372 redit
263 2316 341 2384 tura,
359 2305 543 2392 priusquam
563 2306 654 2392 signa
670 2305 888 2371 Achradinam
905 2305 1097 2384 admoveret,
1117 2327 1150 2376 ιι

80 2399 231 2485 praemittit
253 2397 487 2486 Syracusanos,
515 2400 571 2484 qui
591 2401 673 2464 intra
693 2398 851 2484 praesidia
872 2398 1032 2476 Romana,
1063 2406 1099 2463 ut

80 2504 130 2561 ute
143 2494 266 2560 dictum
279 2505 337 2572 est,
355 2493 494 2573 fuerant,
513 2502 549 2559 ut
562 2492 709 2578 adloquio
723 2493 786 2558 leni
799 2491 985 2579 inpellerent
996 2490 1097 2557 hostis

80 2588 298 2657 tddedendam
316 2588 437 2655 urbem.

123 2682 240 2753 XXV.
269 2683 433 2749 Tenebant
442 2683 644 2749 Achradinae
653 2693 760 2770 portas
769 2703 940 2767 murosque
948 2701 1130 2750 maxume1

80 2776 259 2866 rauslugae,
277 2777 392 2863 quibus
407 2777 494 2843 nulla
508 2786 574 2843 erat
586 2800 643 2864 per
661 2776 860 2843 condiciones
878 2776 990 2843 veniae
1008 2797 1097 2864 spes3

80 2873 88 2939 i
103 2895 165 2941 uec
181 2872 270 2941 adire
287 2894 394 2938 muros
412 2894 472 2938 nec
489 2871 617 2957 adloqui
635 2893 827 2958 quemquam
848 2871 946 2958 passi.
990 2870 1098 2958 itaque
1115 2892 1130 2941 ι

80 2966 246 3045 lurcellus,
264 2978 433 3053 postquam
450 2967 612 3053 inceptum
628 2967 757 3031 inritum
774 2965 849 3045 fuit,
867 2966 908 3032 ad
920 2965 1099 3054 Euryalum

80 3062 151 3152 lgna
172 3061 284 3129 referri
305 3061 408 3126 iussit.
453 3062 593 3127 tumulus
616 3071 665 3128 est
686 3061 721 3127 in
743 3071 883 3127 extrema
903 3070 992 3147 parte
1010 3059 1097 3127 urbis

80 3178 171 3225 ersus
188 3179 211 3222 a
226 3156 306 3221 mari
323 3155 456 3240 viaeque
473 3156 641 3222 imminens
659 3155 772 3222 ferenti
788 3156 822 3221 in
839 3177 933 3241 agros
951 3153 1098 3221 mediter-

80 3272 219 3335 uneuque
235 3250 371 3329 insulae,
397 3251 620 3337 percommode
643 3250 723 3316 situs
742 3251 783 3315 ad
801 3260 995 3316 commeatus
1014 3247 1099 3314 exci-

80 3343 202 3413 iendos.
246 3354 390 3431 praeerat
406 3344 480 3410 huic
497 3345 563 3411 arci
578 3343 785 3411 Philodemus
797 3343 941 3431 Argivus
960 3341 1000 3408 ab
1018 3341 1098 3428 Epi·
1115 3359 1131 3408 3

80 3439 141 3526 yde
156 3438 341 3527 impositus3
368 3440 409 3506 ad
426 3462 521 3525 quem
538 3439 655 3505 missus
673 3463 693 3505 a
710 3437 862 3506 Marcello
881 3435 988 3516 Sosis,
1014 3459 1098 3503 uuus

80 3535 372 3603 :interfectoribus
389 3536 528 3623 tyranni,
555 3558 628 3602 cum
644 3536 741 3623 longo
764 3556 906 3601 sermone
924 3531 1032 3600 habito
1049 3532 1097 3597 di-

80 3639 146 3695 rtua
169 3651 227 3719 per
252 3629 487 3696 frustrationem
514 3640 613 3709 esset,
640 3640 688 3696 ret
675 3631 759 3697 ttulit
747 3628 943 3707 tMarcello,
971 3637 1096 3712 tempus

80 3746 134 3791 um
155 3724 198 3791 ad
219 3724 458 3791 deliberandum
481 3725 666 3813 sumpsisse.
715 3747 788 3791 cum
813 3724 842 3789 is
870 3723 953 3788 diem
979 3721 1019 3786 de
1045 3718 1132 3786 dieu

80 3818 216 3898 ifferret,
252 3820 328 3886 dum
354 3819 570 3906 Hippocrates
602 3829 697 3930 atque
721 3816 863 3883 Himilco
894 3816 1098 3883 admoverent

80 3924 178 3994 astra,
196 3914 354 4004 legiones,
373 3914 450 3981 haut
467 3913 598 3993 dubius,
622 3913 700 3981 siin
716 3934 822 3979 arcem
838 3910 1013 3997 accepisset
1030 3930 1096 3988 eos,

80 4009 158 4079 cleri
174 4009 357 4079 Romanum
379 4009 496 4077 exercit
496 4031 551 4076 um
571 4008 728 4077 inclusum
751 4006 849 4075 muris
871 4028 981 4093 posse,
1007 4002 1130 4071 utana

361 4143 363 4149 ·
869 4108 921 4161 16·
