2528 4514
343 246 459 300 Luna
477 245 591 317 xxm,
610 247 652 302 21.
665 248 707 303 22.
728 251 765 316 [a.
776 247 805 302 c.
815 249 877 317 211]
1067 236 1130 301 289

95 406 208 472 urbem
231 404 338 482 iniret,
365 404 398 467 in
419 414 525 469 monte
542 403 670 470 Albano
693 405 909 491 triumphavit3
936 407 1009 472 inde
1032 430 1130 474 ovans

95 499 230 564 multam
247 520 323 584 prae
342 514 382 562 se'
393 499 542 584 praedam
560 498 593 563 in
609 498 719 564 urbem
736 499 854 565 intulit:
873 523 945 565 cum
963 502 1130 568 simulacro
1150 527 1164 573 r

95 602 262 678 captarum
290 590 519 678 Syracusarum
554 592 728 678 catapultae
764 593 969 680 ballistaeque
1004 606 1035 661 et
1070 596 1131 662 alia

95 687 203 752 omnia
220 687 429 752 instrumenta
449 686 523 752 belli
540 686 604 752 lata
622 697 653 751 et
669 688 757 773 pacis
780 688 945 757 diuturnae
962 691 1129 779 regiaeque
1148 711 1164 760 8

95 782 277 867 opulentiae
295 790 490 859 ornamenta,
510 782 631 868 argenti
649 783 792 867 aerisque
809 783 974 850 fabrefacti
992 787 1051 864 vis,
1070 786 1131 851 alia

95 876 242 962 supellex
260 877 459 961 pretiosaque
476 877 573 941 vestis
592 886 623 941 et
641 875 739 941 multa
756 877 874 943 nobilia
892 879 996 966 signa,
1015 880 1130 965 quibus

94 971 177 1035 inter
203 971 321 1055 primas
341 968 494 1036 Graeciae
519 971 613 1061 urbes
634 969 811 1057 Syracusae
838 982 965 1039 ornatae
991 974 1129 1055 fuerant;

95 1063 238 1130 Punicae
257 1087 383 1148 quoque
400 1065 547 1130 victoriae
566 1066 693 1152 signum
711 1075 782 1131 octo
800 1067 886 1130 ducti
904 1067 1060 1153 elephanti
1066 1095 1075 1147 ;
1099 1080 1130 1134 et
1149 1091 1163 1138 9

99 1181 162 1223 non
177 1159 346 1224 minimum
363 1159 451 1223 fuere
469 1159 683 1244 spectaculum
701 1182 774 1224 cum
787 1160 910 1225 coronis
924 1161 1027 1227 aureis
1040 1183 1131 1248 prae·

98 1253 245 1317 cedentes
262 1251 352 1318 Sosis
368 1251 587 1338 Syracusanus
607 1264 637 1318 et
658 1252 820 1318 Moericus
843 1253 1022 1339 Hispanus,
1051 1276 1130 1339 quo-
1149 1279 1180 1325 10

98 1366 168 1410 rum
187 1347 286 1412 altero
305 1347 384 1411 duce
401 1356 554 1412 nocturno
575 1344 750 1433 Syracusas
768 1348 928 1414 introitum
946 1358 1026 1428 erat,
1053 1348 1130 1413 alter

98 1439 219 1504 Nasum
234 1441 382 1524 quodque
397 1440 442 1505 ibi
454 1441 603 1527 praesidii
616 1449 683 1506 erat
695 1442 883 1527 prodiderat.
912 1443 961 1508 his
975 1441 1129 1509 ambobus
1149 1468 1179 1513 11

101 1532 210 1600 civitas
229 1536 304 1600 data
318 1545 349 1599 et
366 1535 524 1621 quingena
541 1535 650 1623 iugera
668 1537 750 1624 agri,
770 1534 878 1602 Sosidi
894 1537 928 1602 in
945 1560 1021 1623 agm
1033 1535 1131 1624 Syra·

102 1648 231 1707 cusano,
250 1630 305 1713 qui
318 1639 372 1694 aut
385 1630 491 1716 regius
506 1640 562 1694 aut
576 1631 713 1696 hostium
730 1631 839 1717 populi
851 1631 988 1697 Romani
1005 1631 1128 1710 fuisset,

106 1733 133 1788 et
147 1725 243 1790 aedes
252 1723 430 1811 Syracusis
449 1726 539 1791 cuius
556 1726 650 1790 vellet
668 1748 790 1803 eorum,
810 1727 843 1790 in
866 1748 946 1811 quos
966 1726 1041 1792 belli
1062 1727 1128 1791 iure

107 1821 352 1885 anirnadversum
370 1830 468 1899 esset3
496 1819 639 1886 Moerico
658 1820 890 1906 Hispanisque,
918 1822 973 1906 qui
995 1843 1069 1902 oum
1091 1843 1128 1886 eo
1149 1843 1179 1890 12

110 1915 300 1993 transierant,
328 1914 403 1979 urbs
425 1936 564 2000 agerque
584 1915 618 1978 in
638 1913 746 1981 Sicilia
769 1937 808 1980 ex
830 1919 872 1995 is,
900 1915 955 2000 qui
976 1940 997 1981 a
1012 1915 1128 2002 populo

112 2002 243 2075 Romano
257 2009 457 2086 defecissent,
476 2010 563 2074 iussa
576 2009 652 2074 dari.
678 2010 713 2075 id
721 2008 769 2074 M.
781 2009 928 2075 Cornelio
946 2012 1128 2076 mandatum
1149 2033 1179 2079 13

113 2111 150 2183 ut,
171 2103 222 2169 ubi
241 2104 270 2168 ei
288 2104 459 2180 videretur,
477 2101 589 2168 urbem
607 2124 779 2190 agrumque
798 2104 844 2169 eis
863 2104 1065 2191 adsignaret.
1095 2104 1129 2169 in

108 2197 212 2262 eodem
230 2220 307 2284 agro
326 2196 497 2283 Belligeni,
520 2219 687 2282 perquem
704 2196 837 2262 inlectus
856 2198 896 2262 ad
914 2199 1128 2262 transitionem

105 2281 259 2359 Moericus
278 2303 357 2369 erat,
376 2291 605 2377 quadringenta
622 2291 731 2377 iugera
749 2291 817 2376 agri
835 2292 968 2356 decreta.

160 2387 240 2452 Post
265 2386 492 2471 profectionem
519 2408 559 2450 ex
582 2383 692 2450 Sicilia
708 2383 852 2449 Marcelli
869 2383 992 2449 Punica
1017 2384 1180 2453 classis14

95 2492 167 2545 octo
195 2480 281 2545 milia
306 2481 461 2565 peditum,
489 2480 548 2544 tria
570 2479 779 2544 Numidarum
805 2478 945 2562 equitum
973 2478 1126 2564 exposuit.

95 2572 138 2639 nd
155 2598 210 2641 eos
228 2574 412 2661 Murgentia
430 2585 461 2639 et
478 2572 660 2661 Erge[tium
678 2573 773 2639 urbes
792 2571 960 2659 defecere]
1001 2582 1127 2638 secutae

95 2659 305 2734 defectionem
321 2691 428 2734 earum
441 2668 552 2754 Hybla
570 2677 601 2732 et
614 2667 756 2756 Magella
774 2677 847 2732 sunt
863 2667 1128 2754 ignobilioresquc

95 2764 252 2839 quaedam
274 2763 364 2828 aliae.
409 2773 440 2827 et
461 2763 617 2828 Numidae
638 2761 798 2848 praefecto
816 2761 955 2828 Muttine
977 2763 1052 2849 vagi
1072 2784 1128 2848 per
1147 2784 1179 2831 15

95 2855 194 2924 totam
217 2857 359 2924 Siciliam
386 2859 542 2923 sociorum
567 2858 687 2944 populi
701 2858 839 2924 Romani
864 2880 959 2946 agros
985 2857 1126 2924 urebant.

95 2954 292 3038 superhaec
315 2952 469 3017 exercitus
488 2953 651 3018 Romanus
673 2954 785 3031 iratus,
813 2954 926 3038 partim
949 2953 1034 3036 quod
1056 2973 1179 3019 cum1c

95 3034 282 3133 iluperatore
300 3070 364 3112 non
382 3049 531 3113 devectus
545 3070 590 3113 ex
606 3049 769 3134 provincia
786 3058 884 3125 esset,
911 3047 1026 3132 partim
1043 3047 1129 3129 quod

95 3127 131 3203 '¹11
148 3143 270 3228 oppidis
289 3141 453 3208 hibernare
470 3142 558 3207 vetiti
576 3153 672 3220 erant,
693 3143 783 3229 segni
795 3140 1007 3226 fungebantur
1019 3137 1128 3203 rodida

95 3237 261 3331 plagisque
283 3237 329 3301 eis
352 3245 460 3301 auctor
477 3236 518 3300 ad
541 3236 726 3301 seditionem
748 3257 843 3320 quam
865 3233 989 3299 animus
1011 3233 1126 3298 deerat.

95 3337 177 3394 mter
202 3331 259 3395 has
287 3329 488 3394 difficultates
514 3328 561 3393 M.
590 3328 756 3394 Cornelius
782 3338 907 3414 praetor
937 3336 968 3391 et
993 3325 1127 3390 militum
1148 3348 1177 3393 11

95 3424 217 3489 ¹{nimos
235 3447 320 3489 nunc
338 3423 542 3502 consolando,
560 3445 644 3489 nunc
662 3423 846 3510 castigando
865 3420 986 3487 sedavit
1004 3430 1035 3485 et
1053 3420 1128 3485 civi-

95 3514 183 3612 }ates'
195 3519 296 3584 omnis
315 3541 396 3602 quae
414 3518 593 3584 defecerant
614 3519 647 3583 in
665 3519 819 3584 dicionem
837 3516 957 3602 redegit
975 3524 1068 3598 atque
1087 3536 1126 3578 ex

95 3602 138 3676 lis
149 3611 362 3700 Murgentiam
375 3612 544 3698 Hispanis,
564 3613 678 3696 quibus
696 3612 771 3678 urbs
790 3632 926 3698 agerque
944 3607 1125 3685 debebatur,

95 3716 140 3772 ex
157 3721 283 3774 senatus
303 3708 447 3774 consulto
466 3707 615 3773 attribuit.

160 3805 278 3869 XXII.
316 3803 472 3870 Consules
491 3827 564 3870 cum
582 3805 674 3871 ambo
692 3803 843 3891 Apuliam
860 3803 1054 3889 provinciam
1070 3802 1126 3868 ha·
1147 3825 1158 3868 1

95 3881 204 3964 berent
222 3899 389 3983 minusque
406 3900 469 3964 iam
487 3901 612 3965 terroris
627 3900 775 3966 aPoenis
794 3909 825 3965 et
837 3898 1018 3964 Hannibale
1032 3908 1124 3975 esset,

95 3994 196 4058 sortia
216 3994 295 4058 iussi
307 3993 458 4079 Apuliam
468 3992 751 4079 Macedoniamque
768 3993 955 4081 provincias.
985 3991 1125 4079 Sulpicio

150 4095 197 4137 liri
212 4095 255 4138 cot.
268 4094 294 4137 ll.
917 4096 952 4148 ’19
