2528 4514
142 254 207 320 472
352 262 470 320 LIBER
487 260 642 330 XXVIIII,
660 260 702 316 28.
713 260 755 316 29.
776 263 814 330 [a.
824 277 852 314 u.
865 276 888 314 c.
898 258 965 330 650]

93 447 123 494 11
144 424 297 491 ciderunt.
324 423 388 488 iam
406 422 490 488 enim
501 419 608 508 Scipio
627 419 730 485 classe
737 419 870 486 Uticam
887 418 990 485 missa
1006 418 1071 508 ipse
1085 418 1146 487 hand

143 519 188 586 ita
205 520 340 584 multum
360 540 549 609 progressus
568 515 683 582 amari
701 515 841 581 tumulos
858 515 1025 601 proximos
1041 528 1147 606 ceperat,

146 615 267 700 equites
294 624 326 680 et
351 615 385 678 in
412 611 599 678 stationibus
626 609 704 676 locis
731 609 856 676 idoneis
882 622 1039 698 posuerat
1064 624 1093 679 et
1111 634 1149 700 ptr

147 732 241 795 agros
259 709 389 773 miserat
406 706 602 794 praedatum.
1196 760 1199 765 .

113 825 124 869 1
210 801 397 869 XXVIIII.
433 800 480 864 Hi
498 822 570 865 cum
589 797 848 886 CarthaginIensi
865 799 1013 884 equitatu
1028 801 1152 887 proelium

147 917 219 961 oum
241 896 488 971 commisissent,
515 915 634 981 paucos
657 894 690 957 ln
706 893 778 980 ipso
797 894 987 973 certamine,
1014 894 1154 982 plerosquo

147 982 307 1069 fugientes
329 981 502 1068 persecuti,
527 981 560 1044 in
583 980 697 1063 quibus
719 980 919 1065 praefectum
941 1001 1069 1066 quoque
1088 983 1155 1045 Hm·

3 1140 6 1145 .
114 1103 129 1149 2
148 1099 278 1155 nonem,
295 1077 435 1141 nobilem
451 1075 612 1151 iuvenem,
636 1074 828 1140 occiderunt,
873 1072 988 1162 Scipio
1006 1097 1070 1141 non
1085 1095 1155 1161 agros

146 1174 242 1239 modo
265 1170 348 1236 circa
369 1169 520 1247 vastavit,
553 1170 610 1235 sed
631 1171 743 1235 urbem
764 1170 859 1236 etiam
881 1170 1064 1257 proximam
1082 1168 1159 1235 Afro-

84 1272 89 1294 '
114 1292 129 1339 a
146 1290 218 1332 rum
237 1265 314 1331 satis
333 1265 514 1351 opulentam
533 1264 631 1350 cepit,
657 1263 712 1328 ubi
733 1274 859 1350 praeter
876 1274 1002 1341 cetera,
1030 1286 1104 1348 qnae
1117 1286 1159 1328 cr·

148 1362 266 1447 templo
283 1360 317 1425 in
334 1383 433 1426 naves
453 1358 612 1424 onerarias
635 1359 784 1445 imposita
804 1358 971 1443 missaque
989 1359 1026 1423 in
1043 1358 1160 1424 Siciliam

148 1464 252 1533 erant,
278 1465 350 1520 octo
376 1453 463 1519 milia
488 1453 659 1519 liberorum
687 1475 915 1538 servorumque
941 1454 1083 1541 capitum
1104 1462 1159 1518 mnt

114 1559 251 1635 coapta.
303 1547 495 1614 laetissimus
522 1559 629 1613 tamen
656 1548 802 1614 omnibus
832 1548 865 1613 in
893 1548 1161 1637 principiorem

149 1644 361 1730 gerendarum
379 1644 533 1708 adventus
551 1641 828 1721 fuitMasinissae;
846 1664 944 1725 quern
963 1644 1094 1728 quidam
1107 1664 1161 1708 cun

149 1737 293 1802 ducentis
311 1737 397 1802 haud
415 1737 550 1824 amplius
569 1737 737 1821 equitibus,
754 1736 898 1824 plerique
916 1759 994 1803 curn
1012 1740 1106 1805 duum
1118 1737 1163 1802 mi·

116 1853 131 1899 5
149 1831 227 1895 lium
244 1831 385 1915 equitatu
402 1832 531 1897 tradunt
548 1833 684 1897 venisse.
720 1841 859 1897 ceterum
876 1853 953 1897 cum
971 1833 1069 1922 longe
1083 1830 1164 1899 mmi-

149 1947 220 1988 mus
239 1924 379 1989 omnium
397 1926 509 1991 aetatis
528 1948 604 1993 suae
620 1948 733 2013 regum
750 1926 802 1990 hic
818 1927 930 2006 fuerit,
948 1927 1165 2015 plurimumque

149 2040 217 2082 rem
233 2018 414 2084 Romanam
434 2020 563 2097 iuverit,
590 2043 704 2107 operae
726 2020 862 2106 pretium
884 2020 1018 2087 videtur
1034 2022 1165 2089 excedere

149 2113 280 2198 paulum
302 2113 344 2190 ad
366 2115 589 2192 enarrandum,
617 2136 712 2198 quarn
734 2115 822 2212 varia
842 2114 978 2181 fortuna
999 2140 1077 2182 usus
1094 2114 1164 2181 sitin

152 2208 323 2274 amittendo
341 2210 619 2296 recuperandoque
637 2221 768 2295 paterno
786 2232 897 2297 regno.

118 2324 131 2370 6
214 2303 365 2368 Militanti
388 2327 445 2389 pro
465 2302 781 2390 Carthaginiensibus
803 2304 837 2367 in
857 2304 1027 2392 Hispania
1047 2301 1164 2393 patarei

150 2398 295 2462 moritur:
333 2397 433 2463 Galae
460 2421 576 2462 nomen
603 2410 679 2462 erat.
722 2421 855 2484 regnum
880 2399 922 2464 ad
944 2400 1080 2466 fratrem
1099 2396 1162 2484 regit

152 2490 312 2557 Oesalcen
329 2492 540 2577 pergrandem
562 2502 638 2555 natu
655 2492 742 2556 -ita
761 2515 833 2557 mos
855 2493 945 2578 apud
962 2494 1115 2560 Numidas
1128 2508 1163 2557 ert

119 2606 177 2650 7-
194 2585 348 2671 pervenit.
404 2585 489 2650 haud
515 2587 614 2651 multo
640 2598 714 2672 post
739 2585 878 2652 Oesalce
905 2609 1040 2673 quoque
1064 2597 1160 2653 mortno
1197 2648 1199 2667 ,

151 2681 251 2743 maior
268 2703 308 2743 ex
326 2680 449 2744 duobus
468 2679 539 2743 filiis
559 2680 626 2744 eius
646 2678 806 2767 Capussa,
824 2703 925 2766 puero
950 2683 1117 2749 admodum
1129 2677 1161 2743 d
1194 2728 1197 2743 ,

117 2787 233 2850 atero,
259 2783 425 2858 paternum
447 2773 613 2859 imperium
635 2775 765 2861 accepit.
810 2786 956 2841 ceterum
984 2799 1059 2843 cnm
1082 2772 1159 2860 mugit
1190 2816 1199 2865 ἒ

151 2866 218 2929 iure
241 2866 344 2951 gentis
366 2890 461 2951 quam
484 2869 667 2934 auctoritate
693 2869 774 2934 inter
796 2892 873 2935 suos
896 2882 955 2936 aut
983 2873 1100 2938 viribus
1120 2869 1159 2934 olr
1189 2916 1199 2959 ,

151 2960 264 3024 tineret
280 2984 427 3047 regnum,
451 2962 554 3027 extitit
572 2963 699 3046 quidam
715 2964 932 3030 Mazaetullus
952 2968 1093 3044 nomine,
1114 2983 1157 3028 non
1188 2977 1199 3055 ξ1

151 3053 272 3116 alienus
291 3055 444 3139 sanguine
462 3057 601 3142 regibus,
620 3057 758 3122 familiae
777 3080 903 3144 semper
920 3058 1073 3127 inimicae
1089 3055 1156 3124 acdt
1188 3068 1199 3149 ᾗ

147 3145 281 3232 imperio
309 3148 396 3214 varia
421 3149 547 3214 fortuna
574 3173 646 3214 cum
672 3151 711 3216 iis
738 3151 792 3235 qui
814 3162 883 3216 tum
905 3154 1094 3220 obtinebant
1110 3170 1156 3215 cu·
1188 3180 1199 3243 3

114 3260 128 3306 9
149 3243 254 3307 tantis.
282 3242 309 3305 is
327 3241 489 3307 concitatis
504 3245 723 3329 popularibus,
742 3246 828 3332 apud
840 3268 923 3330 quos
938 3249 1063 3315 invidia
1073 3264 1155 3332 regum
1196 3278 1199 3285 ·

147 3356 284 3420 magnae
311 3337 505 3402 auctoritatis
532 3349 612 3416 erat,
644 3339 756 3405 castris
782 3339 890 3426 palam
912 3343 1032 3428 positis
1055 3344 1155 3408 dcscer
1189 3382 1199 3431 3

97 3447 129 3493 10
148 3427 222 3491 dere
240 3450 350 3513 regern
366 3429 399 3494 in
418 3430 517 3496 aciem
536 3455 572 3497 ac
591 3433 740 3499 dimicare
758 3434 798 3499 de
815 3457 917 3520 regno
938 3437 1056 3524 coegit
1090 3436 1154 3499 ina
1190 3465 1199 3525 ς

144 3520 266 3605 proelio
277 3520 426 3608 Capussa
443 3547 515 3590 cum
533 3528 639 3593 multis
654 3527 832 3615 principum
845 3529 979 3610 cecidit3
998 3554 1076 3619 gens
1087 3528 1154 3593 Mar
1190 3572 1199 3619 ᾖ

146 3614 299 3679 sulicrum
316 3618 418 3682 omnis
437 3620 470 3684 in
488 3621 645 3686 dicionem
658 3623 889 3709 imperiumque
897 3623 1087 3690 Mazaetulli
1102 3642 1152 3687 cor
1191 3645 1199 3714 q

93 3728 124 3774 11
145 3707 251 3772 cessit.
296 3710 385 3795 regio
411 3723 517 3778 tamen
543 3716 671 3782 nomine
694 3716 846 3781 abstinuit
868 3729 1098 3801 contentusque
1113 3734 1150 3777 nt
1192 3761 1199 3806 ,Ὺ

142 3801 228 3866 mine
246 3804 370 3870 modico
389 3809 499 3874 tutoris
522 3833 656 3896 puerum
673 3811 895 3890 Lacumazen,
923 3812 980 3898 qui
1001 3811 1102 3898 stirpis
1115 3826 1148 3871 rt
1193 3832 1198 3898 j,

91 3912 124 3959 12
143 3894 214 3978 giae
228 3910 401 3983 supererat,
419 3924 530 3987 regem
543 3906 691 3991 appellat.
724 3904 1026 3994 Carthaginiensem
1040 3902 1147 3973 noblen
1193 3950 1199 3993 :

142 3988 307 4070 feminam,
327 3997 443 4062 sororis
462 3998 559 4064 filiam
568 4001 776 4081 Hannibalis,
795 4024 878 4087 quae
890 4003 1036 4091 proxime
1045 3990 1144 4069 Oesdt
1195 4044 1199 4084 ς
