2528 4514
139 194 204 269 152
369 208 486 266 amau
504 207 621 278 xxm,
639 207 681 262 ar,
695 207 739 262 aa.
759 209 796 276 [a.
805 224 833 263 u.
843 224 867 264 ο.
876 207 944 279 aaa]

103 395 120 445 a
139 372 291 439 adversus
313 368 451 455 ligneam
473 367 634 454 ingentem
656 366 815 431 admotam
841 365 913 432 urbi
939 365 1030 431 aliam
1052 375 1069 429 tr

138 490 178 533 ex
195 466 266 551 ipso
288 484 378 527 muro
400 461 548 526 excitavit
570 460 680 526 consul
697 460 875 538 Romanus,
904 460 1057 544 aliquanto

138 582 221 637 rem,
244 557 319 642 quia
335 578 425 620 muro
444 555 521 620 satis
538 577 595 641 per
612 577 647 620 se
665 554 728 620 alto
747 552 896 620 subiectis
914 553 1026 619 validis
1044 576 1069 618 st

105 675 196 743 apro
215 654 283 719 solo
300 675 377 717 usus
398 663 473 717 erat.
512 651 586 715 inde
603 651 740 736 primum
759 650 844 715 saxis
864 649 1055 733 sudibusque

140 750 213 816 teris
229 746 402 813 missilibus
415 755 663 832 propugnatores
677 744 803 809 moenia
816 753 911 829 atque
920 743 1031 809 urbem
1043 754 1069 807 tu

104 868 123 914 4
140 858 203 923 tur,
222 851 395 930 postremo,
418 839 474 904 ubi
490 840 704 925 promovendo
723 838 903 904 adiunctam
921 861 1012 904 muro
1030 837 1069 902 vi<

140 951 271 1017 turrem,
298 934 421 1003 facibus
445 933 626 1000 ardentibus
653 934 822 1020 plurimum
850 933 944 999 simul
967 935 1069 1021 ignem

107 1057 122 1104 s
139 1035 288 1100 iecerunt.
325 1053 388 1114 quo
405 1029 549 1094 incendio
568 1028 689 1114 trepida
707 1037 898 1094 armatorum
917 1028 1069 1093 multitud

140 1131 180 1194 de
198 1138 282 1193 turre
300 1148 370 1191 sese
387 1123 618 1211 praecipitaret,
647 1123 768 1208 eruptio
791 1146 831 1189 ex
853 1123 970 1209 oppido
989 1124 1069 1188 simu

140 1224 200 1289 bus
218 1221 315 1308 portis
335 1220 483 1284 stationes
502 1219 640 1282 hostium
657 1217 739 1281 fudit
756 1218 942 1304 fugavitque
960 1218 994 1282 in
1012 1228 1069 1283 cast

107 1339 122 1386 c
141 1339 178 1384 oo
196 1316 247 1381 die
266 1315 397 1381 obsesso
422 1335 517 1397 quam
535 1311 691 1377 obsidenti
709 1312 840 1377 similior
858 1322 943 1377 esset
960 1311 1069 1377 Poenu

141 1412 225 1478 mille
256 1408 386 1475 trecenti
420 1406 729 1493 Carthaginiensium
759 1407 844 1472 caesi
870 1417 901 1471 et
927 1407 1069 1472 undesex

140 1507 206 1572 vivi
233 1506 329 1590 capti,
359 1503 414 1587 qui
441 1503 524 1567 circa
549 1524 656 1566 muros
685 1511 716 1566 et
740 1501 775 1565 in
802 1501 989 1567 stationibus
1017 1503 1069 1567 solt

140 1600 345 1687 neglegenter
367 1607 511 1684 agentes,
539 1619 611 1661 cum
633 1595 711 1660 nihil
736 1596 841 1661 minus
863 1618 959 1680 quam
983 1607 1069 1683 erupt

109 1695 335 1771 stimuissent,
372 1714 412 1756 ex
442 1691 602 1776 inproviso
641 1691 785 1777 oppressi
810 1691 945 1756 fuerant.
1001 1688 1069 1757 Gra

141 1790 325 1876 priusquam
347 1808 382 1852 se
399 1786 506 1850 hostes
530 1785 571 1850 ab
588 1786 750 1871 repentino
767 1808 883 1872 pavore
906 1786 1069 1873 colligerer

1 1873 3 1876 ’
107 1903 123 1950 8
142 1883 246 1969 ceptui
265 1882 391 1967 signum
409 1879 550 1944 deditae
568 1902 642 1945 suos
660 1881 864 1946 intramuros
883 1882 1011 1966 recepit.
1052 1905 1069 1968 p

142 1977 193 2042 die
210 1974 387 2053 Hannibal,
414 1973 532 2038 laetum
556 1976 694 2040 secunda
715 1997 749 2040 re
773 1975 934 2040 consulem
956 1976 1069 2062 iusto}

143 2081 231 2136 ratus
259 2078 463 2146 certaturum,
500 2069 600 2134 aciem
630 2069 712 2134 intra
738 2080 841 2135 castra
872 2079 966 2153 atque
993 2071 1069 2136 urbe

111 2165 266 2231 astruxit.
311 2174 463 2242 ceterum,
489 2173 656 2250 postquam
684 2163 841 2229 neminem
868 2165 989 2229 moveri
1016 2165 1058 2231 ab

144 2261 287 2345 custodia
312 2257 398 2325 urbis
425 2259 503 2323 vidit
528 2280 587 2323 nec
617 2259 770 2323 committi
796 2259 964 2344 quicquam
996 2269 1069 2325 tems

144 2355 224 2440 spei,
244 2356 284 2419 ad
303 2354 409 2419 Tifata
426 2355 507 2419 redit
523 2353 640 2419 infecta
657 2377 700 2418 re.

93 2466 126 2515 10
209 2449 334 2534 Quibus
353 2450 464 2515 diebus
484 2447 606 2514 Cumae
624 2448 772 2514 liberatae
791 2459 865 2516 sunt
883 2449 1059 2528 obsidione,

144 2545 254 2611 diebus
274 2556 305 2610 et
322 2545 355 2609 in
371 2545 514 2610 Lucanis
532 2545 573 2609 ad
592 2540 803 2609 Grumentum
822 2544 872 2608 Ti.
889 2542 1069 2631 Sempronii

144 2640 260 2727 Longo
287 2661 462 2726 cognomen
489 2649 568 2717 erat,
605 2662 675 2704 oum
702 2638 860 2704 Hannone
886 2639 997 2705 Poeno
1028 2663 1069 2727 pr·

94 2752 124 2799 11
144 2743 275 2819 pugnat.
321 2756 415 2818 supra
438 2735 500 2798 duo
523 2734 609 2799 milia
630 2734 793 2798 hominum
815 2735 943 2812 occidit,
971 2744 1003 2800 et
1025 2737 1070 2800 du

144 2828 304 2914 octoginta
329 2829 442 2894 milites
470 2829 588 2908 amisit,
616 2830 707 2916 sigua
733 2829 878 2893 militaria
900 2830 941 2893 ad
967 2831 1069 2913 quadr

144 2945 243 2986 unum
275 2923 366 3008 cepit.
417 2925 528 3009 pulsus
559 2923 674 2990 finibus
704 2924 846 2989 Lucanis
873 2923 992 2989 Hanno
1028 2944 1069 2990 ret

94 3034 126 3083 12
145 3016 285 3081 Bruttios
305 3039 375 3082 sese
392 3019 509 3105 recipit.
554 3029 643 3084 etex
660 3017 804 3103 Hirpinis
824 3019 940 3104 oppida
958 3019 1031 3095 tria,
1061 3042 1069 3083 ‹

144 3111 261 3197 populo
283 3111 427 3178 Romano
450 3115 640 3191 defecerant,
668 3115 700 3177 vi
721 3122 847 3199 recepta
868 3136 926 3198 per
946 3113 995 3178 M.
1014 3114 1069 3180 Va

145 3215 329 3290 praetorem,
348 3205 547 3287 Vercellium,
566 3207 769 3285 Vescellium,
790 3206 965 3286 sicilicum,
985 3218 1016 3273 et
1035 3233 1069 3274 at

145 3299 329 3366 defectionis
357 3303 458 3367 securi
483 3304 633 3389 percussi.
683 3325 777 3387 supra
803 3303 941 3387 quinque
967 3303 1056 3368 milia

95 3412 127 3460 13
146 3416 256 3459 vorum
284 3393 343 3460 sub
369 3396 461 3461 hasta
486 3398 661 3475 venierunt3
692 3397 809 3483 praeda
830 3397 892 3463 alia
913 3397 1006 3462 militi
1028 3421 1069 3463 co

146 3489 364 3573 exercitusque
382 3491 549 3556 Luceriam
567 3493 724 3557 reductus.

113 3605 126 3650 1
210 3583 416 3650 XXXVIII.
458 3585 547 3649 Dum
563 3586 641 3651 hacc
659 3587 691 3650 in
709 3586 850 3651 Lucanis
869 3598 963 3671 atque
982 3587 1015 3651 in
1033 3586 1069 3651 H

146 3687 310 3762 geruntur,
329 3680 466 3763 quinque
485 3703 594 3759 naves,
614 3703 694 3765 quae
712 3680 927 3746 Macedonum
946 3682 1069 3764 atque]

76 3859 79 3864 Ι
146 3795 215 3836 rum
234 3783 341 3858 captos
360 3774 480 3860 legatos
498 3775 632 3840 Romam
649 3775 829 3860 portabant,
849 3775 888 3839 ab
908 3798 1023 3861 supero
1042 3800 1069 3839 m

111 3865 281 3933 2inferum
309 3867 535 3934 circumvectae
560 3892 657 3956 prope
685 3892 810 3935 omnem
836 3868 947 3934 Italiae
969 3893 1069 3949 oram,

144 3967 268 4045 praeter
282 3958 401 4026 Cumas
421 3963 498 4028 velis
516 3963 670 4029 ferrentur
687 3987 789 4048 neque
806 3963 945 4028 hostium
961 3987 1003 4028 an
1022 3987 1069 4030 sot
