2528 4530
206 242 269 309 180
458 250 577 308 LIBER
593 249 724 322 XXIIII,
741 249 785 307 1e.
804 252 843 322 [e
853 266 881 308 u
891 250 991 323 eblo]

204 413 295 479 militr
312 431 466 478 concesse
482 422 545 487 est3
563 418 597 475 et
607 429 706 495 pecus
719 417 887 496 exceptum
900 419 964 489 eet,
982 410 1070 496 quod
1082 411 1168 477 intre
1181 413 1249 481 dies

204 507 333 594 triginta
350 503 470 571 domini
488 503 720 590 cognovissent.

171 626 187 677 ε
271 599 355 667 Cum
372 596 492 683 praede
508 597 614 662 onusti
629 597 665 662 in
681 605 784 663 cestre
801 597 972 676 redissent,
993 608 1146 684 quattuor
1161 601 1247 668 milis

204 696 304 762 ferme
321 693 471 759 volonum
488 691 637 769 militum,
655 713 738 776 quse
751 704 971 780 pugnaverant
988 695 1119 782 orgum
1138 699 1245 765 necin

205 799 310 856 castre
324 788 507 872 inruperunt
524 784 632 864 simul,
659 795 747 851 metu
767 808 888 872 poenae
911 786 1024 854 collem
1040 788 1122 856 haut
1137 793 1242 877 pmoul

171 882 317 958 scestris
344 888 504 967 oeperunt
549 889 676 966 postero
699 881 751 947 die
771 902 829 966 per
850 880 994 948 tribunos
1014 884 1153 951 militum
1174 884 1238 954 inde

205 977 332 1044 deducti
345 975 493 1042 condono
504 974 640 1042 rnilitum
653 975 809 1040 advocate
818 998 837 1040 s
847 972 995 1042 Graccho
1007 980 1234 1064 superveniunt

171 1071 351 1143 cubicum
372 1068 544 1156 proconsul
565 1081 689 1136 veteres
711 1069 829 1135 milites
849 1071 1000 1156 primum,
1026 1084 1123 1159 prout
1140 1076 1233 1142 cuius-

205 1188 267 1250 que
293 1165 393 1230 virtus
420 1173 517 1248 etque
542 1185 639 1250 opere
663 1164 697 1228 in
720 1186 758 1229 es
780 1185 890 1249 pugna
910 1164 1030 1243 fueret,
1056 1167 1230 1237 militaribus

171 1282 186 1332 9
205 1259 296 1325 donis
314 1259 480 1336 doneoeet,
506 1267 596 1335 tune,
623 1257 710 1343 quod
731 1257 772 1322 ed
795 1257 925 1324 volones
947 1260 1107 1340 attineret,
1134 1284 1230 1329 omnes

205 1355 250 1421 sit
265 1352 359 1418 melle
376 1352 523 1418 leudntos
541 1375 561 1417 e
578 1374 612 1417 se
630 1352 745 1439 dignm
767 1351 992 1438 indignosque,
1019 1376 1117 1438 quem
1135 1378 1229 1441 quem-

204 1469 301 1533 quem
319 1469 357 1512 eo
375 1447 429 1512 die
445 1446 635 1532 castigatum
653 1467 734 1512 esse.
761 1446 848 1530 quod
865 1445 1141 1514 bonumfcustum
1152 1449 1228 1517 felix-

205 1565 266 1628 que
292 1543 338 1608 rei
364 1541 510 1629 publicae
536 1541 677 1627 ipsisque
704 1551 804 1620 esset,
831 1542 933 1607 omnis
956 1562 1011 1609 eos
1033 1542 1151 1610 liberos
1171 1564 1227 1611 esse

155 1659 188 1708 10
204 1637 323 1703 iubere.
367 1635 408 1700 ed
434 1656 531 1721 quem
555 1656 668 1701 vocem
694 1657 768 1700 cum
794 1635 912 1701 clemor
938 1635 1061 1724 ingenti
1084 1638 1226 1705 alacritate

206 1730 349 1798 sublatus
375 1738 461 1795 esset
481 1751 519 1794 sc
540 1751 626 1795 mmo
647 1729 793 1815 conplexi
813 1730 895 1796 inter
918 1751 954 1794 se
974 1731 1256 1819 gratulemurque„

205 1847 290 1891 nunc
307 1844 421 1889 manns
439 1823 480 1888 sd
502 1823 624 1889 caelum
642 1823 787 1891 tollentes
808 1823 893 1891 bone
914 1825 1023 1890 omnis
1041 1826 1160 1913 populo
1174 1808 1256 1945 ltcj

156 1942 187 1989 11
206 1940 301 1984 mano
315 1914 524 2002 Gracchoque
540 1917 603 2004 ipsi
619 1928 837 2004 precarentur,
859 1932 927 1984 turn
941 1915 1108 1986 Gracchus
1127 1921 1256 2007 ‘prim-s

205 2034 302 2096 quum
328 2033 437 2077 omnes
463 2011 530 2078 iure
555 2010 683 2078 libertas
714 2013 909 2098 aequasset,'
942 2013 1047 2097 inquit
1073 1996 1256 2103 ‘neminen'ii

155 2127 188 2176 12
205 2116 281 2171 note
299 2105 418 2172 strenui
435 2115 490 2171 eut
510 2106 618 2192 ignovi
640 2106 748 2174 militis
770 2116 899 2172 noteese
920 2107 1021 2186 volui3
1047 2130 1133 2175 nunc
1149 2106 1256 2193 exeo-{3

162 2194 169 2211 ¹
205 2200 271 2265 lute
291 2200 355 2265 iem
377 2200 440 2265 fide
461 2199 602 2287 publice,
628 2222 669 2266 ue
691 2201 861 2266 discrimen
887 2223 980 2268 omne
1005 2201 1132 2269 virtutis
1149 2202 1256 2311 iffi

205 2294 340 2380 viaeque
363 2304 485 2382 pereat,
516 2294 645 2360 nomine
669 2316 793 2374 eorum,
819 2295 874 2379 qui
900 2294 1090 2362 detractatae
1116 2314 1227 2384 pugnet

205 2410 362 2455 memores
381 2387 592 2456 secessionem
610 2389 705 2475 paulo
727 2399 800 2454 ente
822 2389 978 2469 fecerunt,
1004 2390 1116 2456 referri
1132 2391 1172 2457 sd
1184 2408 1245 2483 me·-

156 2504 187 2554 13
205 2482 321 2549 iubebo
340 2483 514 2568 citatosque
532 2483 674 2570 singulos
696 2484 764 2548 iure
785 2484 917 2550 iurando
938 2484 1081 2571 ndigsrn,
1108 2484 1169 2551 nisi
1186 2476 1229 2549 eri

205 2578 345 2644 morbus
362 2599 460 2644 ceusu
484 2578 556 2656 erit,
582 2600 647 2644 non
673 2577 763 2643 ahter
788 2599 884 2663 quum
910 2588 1031 2645 etentes
1058 2578 1165 2646 cibum
1181 2598 1237 2667 po.

205 2673 384 2756 tionemque
410 2673 515 2756 quoad
542 2672 697 2758 stipendia
722 2672 839 2739 facient
865 2683 1011 2759 capturos
1034 2696 1117 2741 esse.
1158 2674 1226 2740 hnc

206 2765 337 2829 multem
355 2766 399 2830 ite
416 2787 517 2850 ecquo
535 2767 640 2833 animo
657 2766 780 2846 feretis,
800 2768 827 2834 si
843 2768 1028 2855 reputabitis
1046 2768 1137 2836 nullu
1150 2770 1226 2858 ign

206 2859 277 2924 vise
293 2868 368 2923 nota
383 2858 500 2925 leviore
517 2882 576 2927 vos
594 2861 753 2949 designari
769 2862 930 2948 potuisse’.

156 2976 189 3023 14
273 2949 410 3040 Signum
426 2955 539 3021 deinde
557 2956 724 3042 colligendi
742 2958 936 3036 resededit,
955 2958 1136 3045 militesque
1150 2974 1223 3047 pm·

206 3048 280 3112 dnm
296 3058 456 3133 portantes
478 3061 671 3137 agentesque
691 3074 749 3138 per
769 3051 932 3118 lascivium
953 3074 991 3118 cc
1008 3054 1116 3119 iocum
1133 3048 1224 3119 italu-

156 3166 188 3212 15
206 3141 339 3209 dibundi
346 3142 566 3211 Beneventum
582 3146 712 3225 rediere,
731 3155 766 3211 ut
783 3144 824 3212 sb
842 3146 943 3233 epulis
961 3146 1079 3214 celebri
1095 3148 1222 3232 festum!

156 3259 187 3308 16
207 3237 257 3303 die
284 3238 377 3316 actis,
403 3261 467 3304 non
493 3262 533 3304 er
559 3241 626 3306 acie
650 3241 765 3307 reverti
790 3241 979 3308 viderentur.
1022 3234 1224 3310 Beneventi

207 3354 315 3399 omnes
334 3333 427 3399 turbe
443 3334 545 3399 effusa
563 3357 635 3400 cum
653 3334 778 3402 obviem
796 3337 838 3401 sd
859 3346 965 3423 portes
984 3337 1140 3417 exissent,
1163 3352 1224 3403 en-

155 3447 187 3494 17
204 3425 300 3510 plecti
325 3427 456 3507 milites,
482 3429 645 3516 gratulari,
672 3452 784 3496 vocare
806 3431 840 3496 in
860 3430 1043 3517 hospitium.
1089 3432 1225 3520 nepum

206 3521 351 3586 convivia
368 3522 514 3589 omnibus
532 3523 566 3588 in
582 3524 747 3611 propatulo
765 3524 891 3591 aedium
912 3524 1051 3593 fuerentz
1078 3527 1122 3592 nd
1139 3522 1226 3593 esin-

204 3614 347 3680 vitabunt
356 3613 600 3702 Gracchumque
615 3619 761 3699 orsbsnt,
779 3630 815 3685 ut
832 3620 952 3706 epulari
968 3620 1166 3706 permitteret
1178 3614 1227 3685 ni·

204 3708 323 3775 litibus.
368 3720 400 3776 st
418 3708 583 3779 Gracchus
600 3713 644 3779 ite
660 3715 815 3801 permisit,
842 3716 875 3780 in
891 3715 1019 3802 publico
1037 3716 1228 3803 epulum

156 3820 188 3871 ιε
206 3824 326 3870 omnes.
374 3816 449 3872 ante
470 3829 544 3874 suae
562 3808 696 3893 quisque
712 3809 797 3875 fores
814 3809 936 3896 prolate
953 3810 1070 3877 omnis.
1120 3802 1228 3898 pilleell

206 3907 261 3962 cut
281 3898 355 3964 lens
375 3899 448 3967 elba
469 3901 578 3969 velatis
601 3903 756 3989 capitibus
776 3905 908 3971 volones
929 3904 1049 3991 opulsti
1071 3914 1162 3984 sunt,
1185 3896 1231 3969 dt
1254 3970 1256 3981 ,

207 3991 410 4074 accubentes,
441 3995 494 4062 ulii
517 4006 648 4076 stantes,
681 3999 736 4084 qui
761 3998 855 4065 simul
885 3998 1107 4067 ministrubent
1133 3988 1256 4065 vemt-⁸·
