2528 4514
155 241 220 309 134
370 250 489 309 LIBER
505 249 623 321 XXIII,
642 250 766 307 19-21.
784 248 970 322 [anasse]

149 412 198 477 M.
211 409 363 477 Anicium
377 431 436 496 pro
449 409 612 488 militibus,
630 409 686 494 qui
695 406 829 475 Casilini
841 408 876 474 in
888 407 1038 495 praesidio
1048 407 1080 472 fu

149 515 259 572 votum
279 504 417 570 vovisse.
460 502 546 568 idom
568 503 676 570 titulus
699 502 799 568 tribus
821 503 924 590 signis
949 503 983 569 in
1005 502 1073 569 aede

150 610 246 665 tunae
262 597 374 684 positis
392 596 454 662 fuit
472 597 642 663 subiectus.

116 717 130 762 1
212 692 299 760 XX.
354 690 531 758 Casilinum
557 692 709 779 oppidum
739 691 898 757 redditum
926 689 1080 778 Campani

148 787 307 853 firmatum
331 786 600 873 septingentorum
622 786 756 850 militum
778 785 818 851 de
836 785 978 852 exercitu
994 785 1080 852 Hmn

147 881 319 968 praesidio,
345 902 386 946 ne
413 879 469 945 ubi
485 879 614 945 Poenus
640 880 714 944 inde
741 878 950 946 abscessisset
970 879 1080 946 Roman

114 984 337 1064 tpugnarent.
362 975 576 1042 Praenestinis
585 974 738 1041 militibus
749 984 877 1040 senatus
886 974 1080 1041 Romauusd

150 1070 341 1156 stipendium
367 1079 399 1135 et
430 1069 625 1154 quinquenni
655 1068 785 1134 militiae
811 1068 1010 1136 vacationem
1033 1069 1080 1134 det

149 1164 274 1230 civitate
302 1186 374 1229 cum
401 1164 593 1230 donarentur
618 1163 659 1229 ob
686 1163 849 1242 virtutem,
882 1185 950 1230 non
975 1174 1080 1229 mutas

112 1279 129 1326 a
147 1257 372 1324 Perusinorum
394 1280 487 1325 casus
511 1258 675 1324 obscurior
691 1257 778 1323 fama
799 1267 861 1336 est,
889 1258 944 1342 qui
967 1280 1027 1324 nec
1043 1259 1080 1344 ips

146 1364 349 1419 monumento
367 1353 432 1417 ullo
450 1362 499 1418 est
515 1353 697 1417 inlustratus
716 1373 775 1417 nec
793 1353 919 1417 decreto
937 1352 1080 1418 Romano:

112 1467 130 1513 4
211 1447 336 1513 Eodem
359 1455 500 1532 tempore
522 1446 697 1524 Petelinos,
725 1446 780 1530 qui
801 1447 857 1510 uui
879 1468 920 1510 ex
937 1445 1069 1511 Bruttiis

149 1552 254 1607 serant
278 1542 312 1606 in
338 1540 477 1606 amicitia
492 1540 651 1619 Romana,
679 1563 744 1605 non
771 1539 1051 1627 Carthaginienses
1075 1564 1080 1604 1

67 1641 69 1645 ’
147 1635 202 1719 qui
219 1636 382 1722 regionem
400 1634 596 1713 obtinebant,
624 1646 672 1700 set
689 1635 795 1699 Brutti
814 1656 940 1719 quoque
964 1636 1080 1700 ceteri<

86 1751 88 1754 ·
112 1739 256 1815 oparata
273 1729 314 1795 ab
332 1751 368 1795 se
386 1729 517 1794 consilia
534 1728 769 1816 oppugnabant.
808 1728 1013 1814 quibuscum
1031 1727 1080 1794 obs

147 1823 238 1888 malis
261 1823 426 1907 nequirent
443 1823 592 1901 Petelini,
618 1823 741 1909 legatos
763 1822 901 1889 Romam
924 1824 966 1888 ad
992 1846 1079 1910 praes

147 1917 319 2002 petendum
353 1909 515 1982 miserunt.
569 1938 704 2001 quorum
738 1939 848 2002 preces
878 1916 1080 2002 lacrimaeque

107 2033 111 2063 ·-
148 2019 279 2094 questus
307 2011 391 2075 euim
417 2010 551 2088 flebiles,
579 2033 652 2076 cum
679 2010 805 2076 sibimet
829 2011 892 2096 ipsi
919 2012 1079 2077 consulere

147 2114 239 2184 sunt,
277 2127 347 2172 sese
373 2105 408 2170 in
433 2104 589 2171 vestibulo
617 2106 721 2170 curiae
752 2105 1008 2192 profuderunt-
1024 2107 1080 2193 ingr

106 2221 128 2267 -o
146 2200 394 2266 misericordiam
410 2199 553 2286 patribus
572 2223 609 2265 ac
625 2200 743 2286 populo
765 2209 941 2265 moverunt.
988 2197 1080 2267 consul

146 2295 260 2360 iterum
278 2317 298 2360 a
314 2293 363 2359 M.
382 2292 520 2358 Aemilio
539 2303 682 2379 praetore
704 2303 810 2379 patres
829 2294 1080 2380 circumspectis·

145 2387 207 2454 bus
225 2389 349 2475 imperii
363 2388 482 2454 viribus
500 2387 592 2452 fateri
610 2388 724 2465 coacti,
751 2388 829 2452 nihil
851 2387 915 2452 iam
932 2387 1080 2476 longiuqu

146 2483 203 2550 ciis
221 2484 255 2547 iu
272 2505 307 2549 se
319 2483 469 2569 praesidii
480 2504 564 2560 esse,
583 2483 684 2547 redire
702 2483 832 2547 domum
845 2482 971 2567 fideque
985 2482 1080 2548 adult

146 2576 270 2663 expleta
296 2576 460 2643 consulere
486 2575 611 2641 sibimet
632 2576 719 2662 ipsos
746 2577 780 2641 in
800 2576 958 2661 reliquum
982 2574 1067 2664 [pro]

112 2693 127 2739 r
147 2672 228 2735 senti
246 2671 372 2735 fortuna
388 2671 557 2736 iusserunt.
592 2669 671 2736 haec
688 2681 857 2756 postquam
874 2673 1053 2736 renuntiata
1064 2671 1080 2734 l«

144 2764 296 2829 Petelinis
323 2774 387 2842 est,
414 2773 520 2830 tantus
546 2774 675 2850 repente
700 2787 824 2831 maeror
848 2787 1011 2851 pavorque
1039 2786 1080 2830 ser

145 2880 254 2924 corum
272 2858 369 2944 cepit,
388 2868 423 2922 ut
441 2881 513 2944 pars
531 2858 746 2946 profugiendi,
772 2882 835 2945 qua
852 2859 988 2945 quisque
1003 2881 1080 2945 poss

109 2975 126 3023 8
144 2952 336 3017 deserendae
353 2951 440 3017 urbis
459 2962 603 3018 auctores
623 2963 741 3032 essent,
767 2976 855 3039 pars,
883 2955 1011 3037 quando
1030 2955 1080 3017 des

144 3045 303 3113 veteribus
327 3046 420 3112 sociis
445 3057 565 3125 essent,
593 3048 786 3134 adiungendi
809 3070 843 3113 se
865 3047 978 3113 ceteris
1000 3048 1080 3113 Brut

110 3163 202 3228 aper
226 3164 280 3207 eos
307 3141 443 3207 dedendi
459 3141 644 3208 Hannibali.
685 3143 761 3207 vicit
786 3152 893 3207 tamen
919 3165 958 3208 ea
983 3164 1071 3229 pars,

143 3236 221 3301 nihil
237 3236 352 3322 raptim
369 3257 429 3302 nec
446 3245 563 3302 temere
581 3238 740 3324 agendum
763 3237 1055 3322 consulendumque
1076 3262 1080 3297 ι

93 3352 126 3401 10
144 3340 233 3416 tegro
260 3331 390 3396 censuit.
434 3330 533 3396 relata
559 3341 686 3416 postero
709 3331 759 3396 die
784 3353 841 3417 per
864 3332 1018 3397 minorem
1045 3342 1080 3398 tr<

144 3425 261 3490 tionem
282 3447 317 3490 re
338 3434 504 3491 tenuerunt
527 3425 709 3511 optimates,
737 3435 772 3490 ut
795 3426 954 3491 convectis
974 3426 1079 3492 omnib

144 3519 228 3604 agris
246 3518 357 3584 urbem
376 3541 413 3584 ac
431 3540 537 3584 muros
556 3518 725 3585 firmarent.

111 3636 124 3682 1
208 3613 309 3678 XXI.
353 3613 518 3680 Paridem
541 3613 607 3679 sere
625 3624 750 3700 tempus
771 3614 893 3679 litterae
917 3636 958 3679 ex
977 3612 1080 3681 Sicilia

111 3728 126 3775 2
145 3709 291 3793 diniaque
308 3708 445 3775 Romam
472 3708 604 3774 adlatae.
648 3711 768 3796 priores
795 3731 835 3773 ex
859 3706 970 3775 Sicilia
991 3708 1031 3773 T.
1051 3705 1080 3774 0

144 3802 352 3888 propraetoris
365 3804 399 3868 in
417 3813 528 3869 senatu
541 3803 690 3869 recitatae
703 3812 790 3869 sunt:
807 3802 847 3868 P.
857 3803 992 3869 Furium
1003 3824 1080 3889 praet

145 3918 217 3960 cum
235 3895 337 3963 classe
356 3920 395 3963 ex
412 3898 525 3963 Africa
542 3897 735 3984 Lilybaeum
751 3897 892 3976 venisse,
918 3899 1024 3984 ipsum
1041 3919 1080 3984 gr

145 3990 288 4056 saucium
301 3992 334 4057 in
348 3991 525 4059 discrimine
540 3992 649 4059 ultimo
662 3993 746 4060 vitae
760 4015 840 4071 esse,
859 3992 951 4059 militi
965 4015 1002 4059 ac
1014 4014 1080 4057 nava
