2528 4530
315 240 683 312 11111111111111
702 238 857 310 [scau]
1043 230 1131 299 147.

80 413 145 470 nat.
180 401 231 467 his
250 401 368 469 nuntiis
385 423 484 486 prope
502 421 566 465 uno
584 408 723 484 tempore
736 398 853 464 turbati
866 399 1103 485 erectiqueMa·
1124 423 1153 470 11

80 521 183 586 ponem
212 519 286 563 cunr
311 495 414 561 classe
440 517 498 559 sua
521 492 680 578 copiisque
703 493 736 557 in
752 492 945 579 Hispaniam
967 494 1102 574 mittunt,

80 617 102 659 n
128 589 309 658 Sardiniam
336 586 571 655 Hasdrubalem
602 587 744 674 deligunt
774 588 888 654 ducem
917 598 950 654 et
980 598 1102 654 tantum
1122 610 1153 657 12

80 687 167 753 lerme
185 685 348 770 copiarum
365 693 518 768 quantum
536 680 670 767 Magoni
688 683 869 748 decernunt

130 781 176 847 Et
201 779 325 845 Romae
352 778 497 843 consules
524 776 690 841 transactis
717 775 826 856 rebus,
859 799 939 862 quae
965 778 1000 842 in
1026 776 1104 843 urbe
1123 797 1154 844 13

80 875 210 964 egendae
233 884 335 952 erant,
353 870 523 937 movebant
539 871 604 936 iam
622 893 693 937 sese
710 870 752 937 ad
768 870 896 938 bellum.
942 871 993 936 Ti.
1012 869 1104 938 Sem·
1123 892 1154 939 1⁴

80 970 197 1058 pronius
216 966 368 1034 militibus
378 964 565 1034 Sinuessam
578 965 663 1033 diem
676 967 717 1033 ad
730 966 981 1033 conveniendum
995 966 1102 1045 edixit,

81 1064 159 1148 etQ.
176 1063 312 1141 Fabius,
340 1061 482 1127 consulto
499 1061 586 1146 prius
606 1071 731 1139 senatu,
758 1071 794 1124 ut
814 1060 972 1126 frumenta
992 1083 1103 1127 omnes

83 1181 113 1225 er
130 1158 215 1247 agris
238 1166 311 1223 ante
333 1156 395 1220 kal.
419 1155 528 1221 Iunias
555 1155 672 1241 primas
695 1156 730 1220 in
751 1154 846 1221 urbes
868 1156 1005 1220 munitas
1029 1177 1104 1221 con-

83 1254 231 1319 veherent:
251 1251 307 1336 qui
323 1273 388 1317 non
404 1249 590 1329 invexisset,
610 1250 678 1315 eius
692 1271 727 1316 se
740 1272 852 1337 agrum
869 1249 1102 1336 populaturum,
1123 1269 1155 1317 15

85 1371 175 1414 arvos
194 1345 256 1412 sub
274 1345 366 1411 hasta
383 1345 597 1423 venditmum,
615 1344 707 1411 villas
721 1343 932 1411 incensurum.
960 1364 1001 1408 ne
1013 1364 1105 1428 prae-

84 1443 186 1509 lon'bus
205 1440 349 1525 quidem,
368 1439 423 1523 qui
440 1440 481 1504 ad
496 1439 548 1504 ius
566 1439 734 1505 dicendum
748 1438 843 1504 creati
856 1447 960 1518 erant,
979 1437 1102 1503 vacatio

85 1537 181 1604 ebelli
204 1533 475 1600 administratione
496 1534 571 1600 data
588 1544 646 1601 est
690 1533 855 1601 Valerium
876 1542 1052 1620 praetorem
1068 1531 1103 1596 in
1123 1552 1156 1600 16

83 1629 219 1717 lpnliam
236 1628 282 1694 ire
300 1627 417 1714 placuit
434 1629 476 1694 ad
488 1628 660 1695 exercitum
674 1629 852 1695 aTerentio
869 1628 1087 1714 accipiendum
1092 1653 1102 1707 ;

84 1744 138 1791 tum
156 1747 198 1791 ex
217 1721 327 1791 Sicilia
347 1723 488 1810 legiones
511 1724 685 1802 venissent,
712 1725 751 1790 iis
773 1725 973 1810 potissimum
993 1725 1040 1789 uti
1062 1726 1104 1789 ad

81 1819 204 1907 agionis
215 1818 283 1884 eius
296 1818 503 1904 praesidium3
522 1817 747 1886 Terentianum
758 1817 904 1907 [militem
913 1817 1101 1907 Tarentum]

80 1915 148 1981 nitti
173 1936 249 1980 cum
276 1912 380 1998 aliquo
405 1913 591 2000 legatorum.
643 1924 676 1980 et
701 1914 814 2001 viginti
839 1913 978 2000 quinque
1003 1936 1101 1981 naves
1123 1928 1155 1974 11

80 2005 172 2087 datae,
200 2006 317 2093 quibus
339 2029 427 2073 oram
448 2008 636 2074 maritimam
657 2009 740 2075 inter
756 2008 962 2076 Brundisium
983 2032 1022 2076 ac
1039 2010 1103 2075 Ta-

80 2113 189 2169 satum
218 2101 312 2167 tutari
336 2112 454 2189 posset.
507 2125 565 2189 par
590 2103 718 2169 navium
746 2127 896 2170 numerus
924 2102 965 2188 Q.
988 2104 1102 2170 Fulvio
1122 2112 1154 2162 18

80 2196 203 2279 pectori
238 2196 359 2262 urbano
390 2197 534 2264 decretus
566 2198 606 2263 ad
638 2197 819 2264 suburbana
844 2198 936 2263 litora
961 2199 1101 2265 tutanda.

80 2287 107 2358 S.
124 2290 279 2357 Terentio
324 2291 505 2378 proconsuli
528 2292 690 2380 negotium
712 2292 837 2369 datum,
871 2292 961 2357 utin
983 2291 1102 2358 Piceno
1121 2303 1153 2352 19

80 2405 142 2474 tgro
156 2384 421 2470 conquisitionem
438 2386 571 2451 militum
585 2385 716 2453 haberet
728 2385 869 2471 locisque
882 2385 931 2450 his
945 2386 1102 2471 praesidio

80 2491 160 2547 sset
206 2489 238 2544 et
256 2478 295 2545 T.
315 2477 472 2548 Otacilius
491 2479 642 2559 Crassus,
669 2490 838 2568 postquam
856 2481 965 2546 eedem
983 2480 1102 2547 Mentis
1121 2489 1154 2537 2⁰

80 2569 273 2661 nCapitolio
291 2573 461 2654 dedicavit,
484 2575 517 2640 in
537 2573 678 2642 Siciliam
697 2599 769 2641 oum
786 2575 918 2661 imperio
935 2575 990 2658 qui
1008 2573 1104 2640 classi

80 2676 229 2750 praeesset
245 2668 372 2734 missus.

129 2762 307 2829 XXXIII.
351 2764 391 2829 In
412 2764 495 2831 hanc
517 2764 749 2831 dimicationem
771 2765 906 2832 duorum
930 2764 1134 2851 opulentis-1

80 2857 220 2924 timorum
254 2858 288 2922 in
321 2859 411 2924 terris
447 2861 635 2946 populorum
665 2880 776 2926 omnes
806 2882 897 2948 reges
928 2869 1102 2946 gentesque

80 2954 191 3019 mimos
208 2953 422 3032 intenderant,
440 2955 521 3020 inter
537 2978 618 3041 quos
630 2955 798 3042 Philippus
816 2955 1029 3021 Macedonum
1046 2977 1103 3022 rex
1120 2965 1136 3011 2

80 3066 108 3115 1ο
125 3048 244 3136 magis,
264 3048 349 3132 quod
365 3049 494 3134 propior
510 3050 622 3116 Italiae
640 3072 677 3117 ac
695 3050 774 3116 mari
791 3059 912 3118 tantum
928 3049 1020 3116 Ionio
1038 3049 1103 3115 dis-

80 3154 172 3209 uetns
199 3153 276 3208 erat.
328 3143 356 3208 is
382 3143 439 3209 ubi
468 3146 605 3230 primum
631 3146 717 3212 fama
744 3147 863 3232 accepit
888 3144 1103 3211 Hannibalem

80 3234 163 3323 Alpis
180 3248 430 3324 transgressum,
449 3249 485 3304 ut
502 3238 585 3305 bello
602 3241 683 3307 inter
700 3242 877 3307 Romanum
895 3240 1102 3325 Poenumque
1120 3249 1135 3297 3

81 3339 145 3396 orto
158 3331 293 3398 hetatus
311 3342 391 3410 erat,
408 3333 466 3413 ita,
487 3335 586 3400 utrius
599 3336 709 3422 populi
721 3336 826 3401 mallet
839 3336 1003 3402 victoriam
1020 3357 1101 3414 esse,

80 3418 196 3493 incerds
214 3427 319 3493 adhuc
336 3427 455 3494 viribus
473 3429 643 3497 fluctuatus
661 3431 766 3496 animo
784 3430 894 3497 fuerat.
934 3441 1103 3518 postquam
1120 3440 1138 3487 4

81 3521 161 3587 tata
174 3522 241 3588 iarn
257 3544 380 3610 pugna,
398 3524 489 3590 tertia
507 3525 637 3591 victoria
654 3548 726 3591 cum
743 3526 859 3592 Poenis
879 3536 958 3605 erat,
980 3527 1023 3592 ad
1040 3525 1105 3591 for-

84 3618 180 3682 ltnum
195 3616 360 3683 inelinavit
375 3617 561 3706 legatosque
579 3621 620 3687 ad
637 3620 849 3687 Hannibalem
867 3620 966 3700 misit,
985 3619 1039 3705 qui
1057 3619 1104 3683 vi-

85 3713 172 3779 tuas
189 3721 300 3801 portus
318 3712 544 3781 Brundisinum
563 3716 842 3803 Tarentinumque,
861 3717 936 3802 quia
953 3712 1104 3781 custodiis

86 3806 199 3874 urium
233 3807 449 3875 Romanarum
484 3810 683 3891 tenebantur,
718 3813 758 3878 ad
785 3811 937 3876 Laciniae
971 3807 1103 3874 Iunonis

87 3901 223 3989 tenplum
244 3902 279 3968 in
301 3912 415 3970 terram
437 3906 558 3993 egressi
579 3915 662 3973 sunt.
705 3907 779 3972 inde
799 3928 856 3992 per
877 3903 1029 3992 Apuliam
1049 3923 1139 3990 pen

88 3997 171 4066 tuas
189 3996 346 4087 ‚Capuam
376 4000 480 4068 media
504 4003 538 4069 in
563 4002 720 4090 praesidia
745 3998 1004 4156 Romanpopmati
1032 4007 1105 4066 sunt
