2528 4530
350 224 468 284 arasa
484 224 570 299 xxr,
589 229 630 285 25.
645 230 687 285 aa.
707 234 744 300 [a.
756 229 859 303 cars]
1080 223 1117 286 21

88 387 154 452 nita
172 394 218 464 et,
242 386 317 471 qnia
336 384 437 452 Gallis
456 387 496 451 ad
515 388 695 472 temptanda
718 410 755 453 ea
777 387 877 453 defuit
900 410 986 474 spes,
1013 391 1122 457 refecti

93 491 162 545 sunt
179 480 316 546 militurn
335 480 443 559 animi,
463 503 652 566 quamquam
671 483 712 547 ad
729 496 771 541 a*
789 482 940 549 cecidisse
959 484 1034 549 satis
1049 507 1123 551 con-

95 573 201 640 stabat.
247 574 307 640 iter
333 574 446 640 deinde
471 576 511 639 de
537 575 659 662 integro
682 586 841 661 coeptum,
868 597 940 656 nec,
969 578 1043 643 dum
1064 601 1170 665 pern

95 668 228 754 patentia
245 668 316 734 loca
333 667 506 735 ducebatur
524 693 652 756 agmen,
672 671 816 757 apparuit
835 671 951 738 hostis:
978 672 1034 739 ubi
1054 695 1121 739 rur-
1141 695 1171 743 12

97 784 144 827 sus
161 761 262 828 silvae
279 762 425 842 intratae,
444 774 511 827 tum
528 774 704 850 postremos
722 765 822 830 adorti
840 788 912 831 cnm
930 788 1046 853 magna
1059 776 1121 832 tre-

96 856 247 943 pidatione
266 875 304 922 ao
325 878 441 943 pavore
462 858 603 923 omnium
626 859 839 946 septingentos
862 860 976 927 milites
998 861 1121 928 occide-

96 959 172 1028 runt,
204 972 264 1017 sex
291 950 383 1038 signa
408 952 561 1018 ademere.
606 952 677 1017 finis
709 963 740 1019 et
767 950 868 1019 Gallis
899 954 1058 1020 territandi
1089 966 1121 1021 et
1139 977 1171 1026 13

97 1044 224 1132 pavendi
249 1044 313 1110 fuit
337 1045 503 1124 Romanis,
537 1056 571 1111 nt
597 1069 615 1112 e
643 1048 724 1112 saltu
750 1047 835 1114 invio
862 1058 955 1133 atque
981 1050 1120 1136 inpedito

99 1160 225 1204 evasere.
266 1139 341 1206 inde
358 1141 474 1226 apertis
492 1140 568 1206 locis
587 1141 680 1206 facile
698 1151 834 1208 tutantes
853 1165 967 1228 agmen
983 1143 1120 1210 Romani

100 1232 283 1311 Tannetum,
310 1233 415 1298 vicum
437 1235 623 1321 propincum
646 1234 749 1314 Pado,
778 1236 974 1301 contendere.
1007 1236 1062 1306 ‚ibi
1084 1259 1119 1304 se
1139 1260 1170 1307 14

100 1328 281 1393 munimento
299 1328 340 1392 ad
357 1337 482 1415 tempus
501 1328 788 1414 commeatibusque
800 1329 937 1395 fluminis
952 1338 983 1395 et
995 1330 1120 1396 Brixia-

99 1443 197 1488 norum
212 1423 308 1488 etiam
319 1419 482 1488 Gallorum
498 1423 614 1488 auxilio
628 1422 779 1491 adversus
795 1433 986 1491 crescentem
999 1424 1032 1490 in
1050 1425 1118 1491 dies

100 1516 319 1582 multitudinem
336 1516 474 1584 hostium
493 1517 684 1583 tutabantur.

151 1611 285 1677 XXVI.
327 1609 391 1694 Qui
414 1612 564 1678 tumultus
586 1635 699 1698 repens
721 1622 890 1699 postquam
913 1623 961 1678 est
982 1611 1118 1680 Romam
1138 1635 1150 1681 1

100 1705 238 1790 perlatus,
263 1716 295 1771 et
311 1705 468 1772 Punicum
485 1708 614 1793 insuper
633 1704 755 1773 Gallim
778 1707 896 1774 bellum
918 1717 1045 1773 auctum
1061 1731 1118 1795 pa-

100 1809 151 1866 tres
172 1811 373 1887 acceperunt,
402 1801 440 1867 C.
463 1801 597 1867 Atilium
619 1812 794 1888 praetorem
817 1823 888 1868 oum
910 1824 973 1868 nna
994 1801 1151 1890 legiones

98 1891 230 1960 Romana
252 1904 284 1962 et
301 1895 437 1980 quinque
456 1895 582 1963 milibus
601 1896 756 1962 sociorum
774 1897 890 1962 dilectu
906 1919 989 1963 novo
1007 1921 1026 1962 a
1044 1919 1118 1963 oon-

100 1989 156 2054 sule
180 1989 366 2076 conscriptis
392 1990 542 2055 auxilium
571 1990 652 2055 ferre
673 1988 795 2057 Manlio
821 1990 944 2069 iubent,
972 1991 1116 2075 quisine

99 2081 151 2147 ullo
168 2083 337 2149 certamine
355 2121 397 2132 -
415 2084 632 2150 abscesserant
650 2085 733 2150 enim
751 2094 837 2150 metu
854 2084 961 2151 hostes
975 2123 1017 2133 —
1032 2083 1117 2150 Tan-

98 2185 192 2241 netum
210 2178 362 2263 pervenit.

148 2269 192 2336 Et
209 2270 248 2336 P.
265 2270 433 2348 Comelius
448 2273 481 2337 in
498 2272 603 2339 locum
621 2274 703 2352 eius,
723 2295 803 2358 quae
821 2275 919 2340 missa
937 2296 1009 2339 cum
1026 2295 1116 2359 prae·
1134 2295 1150 2342 3

96 2373 152 2431 tore
174 2375 254 2445 erat,
283 2366 399 2452 scripta
419 2366 543 2454 legione
565 2390 647 2434 nova
669 2368 828 2453 profectus
855 2367 895 2433 ab
922 2366 999 2432 urbe
1027 2389 1117 2433 sexa-

95 2460 172 2546 ginta
192 2459 297 2546 longis
319 2460 452 2526 navibus
475 2471 597 2546 praeter
619 2484 705 2527 oram
726 2461 874 2527 Etruriae
895 2461 1115 2549 Ligurumque

95 2563 121 2618 et
133 2554 206 2620 inde
225 2552 392 2621 Saluvidm
408 2556 523 2620 montis
539 2551 681 2642 pervenit
699 2555 876 2621 Massiliam
895 2564 926 2620 et
943 2554 984 2619 sd
1000 2576 1116 2639 proxu·
1134 2575 1152 2622 4

93 2669 170 2714 mum
188 2649 306 2715 ostium
323 2648 469 2715 Rhodani
487 2688 529 2698 -
546 2650 688 2736 pluribus
711 2651 795 2715 enim
817 2649 936 2716 divisus
960 2648 1060 2714 amnis
1082 2648 1116 2714 in

93 2763 169 2809 mare
187 2742 384 2808 decurrit-
402 2754 504 2810 castra
520 2744 616 2823 locat,
635 2745 765 2810 vixdum
784 2745 860 2811 satis
879 2745 1008 2811 credens
1025 2744 1118 2810 Han·
1226 2792 1228 2797 -

94 2836 220 2903 uibalem
244 2859 410 2924 superasse
432 2837 612 2926 Pyrenaeos
635 2841 759 2904 montis.
799 2862 894 2924 quem
916 2849 951 2904 ut
972 2839 1012 2904 de
1029 2838 1117 2905 Rho·
1135 2857 1150 2906 5

93 2931 158 2996 dani
174 2954 302 3017 quoque
320 2933 452 2998 transitu
470 2934 588 3021 agitare
611 2934 841 3014 animadvertit,
864 2935 1015 3013 incertus,
1039 2956 1117 3018 quo-

92 3048 157 3092 nam
175 3027 205 3092 ei
222 3026 293 3092 looo
311 3037 499 3106 occurreret,
518 3026 652 3094 necdum
666 3028 743 3093 satis
755 3028 881 3094 refectis
896 3028 936 3095 ab
950 3028 1116 3094 iactatione

94 3121 252 3187 marituma
269 3120 420 3188 militibus
435 3131 589 3201 trecentos
603 3123 727 3189 interim
741 3123 879 3188 delectos
894 3123 1014 3207 equites
1028 3120 1118 3186 duci-

93 3212 145 3279 bus
165 3215 422 3283 Massiliensibus
450 3226 480 3282 et
506 3217 710 3285 auxiliaribus
733 3215 835 3283 Gallis
862 3216 903 3280 ad
925 3214 1116 3301 exploranda

94 3311 189 3376 omnia
210 3310 424 3396 visendosque
446 3334 485 3377 ex
507 3321 574 3379 tuto
596 3312 703 3379 hostes
729 3311 908 3399 praemittit.
952 3308 1148 3376 Hannibale

96 3405 195 3470 ceteris
214 3414 301 3471 metu
319 3414 373 3470 aut
389 3406 489 3492 pretio
506 3408 625 3494 pacatis
643 3406 758 3473 iamin
775 3405 947 3472 Volcarum
964 3426 1116 3491 pervene-

96 3507 137 3562 rat
151 3522 276 3586 agrum,
299 3500 402 3587 gentis
420 3501 552 3567 validae.
589 3503 695 3568 colunt
718 3511 824 3568 autem
847 3501 929 3566 ciros
950 3509 1115 3582 utramque

98 3590 186 3677 ripam
202 3595 363 3674 Rhodani,
392 3596 449 3661 sed
470 3596 567 3662 diffisi
589 3597 729 3663 citeriore
752 3618 828 3683 agro
850 3595 948 3661 arceri
969 3592 1115 3658 Poenum

100 3703 194 3769 posse,
211 3699 247 3755 ut
258 3690 375 3771 flumen
388 3713 446 3777 pro
458 3692 651 3758 munimento
667 3692 832 3769 haberent,
852 3688 997 3756 omnibus
1015 3687 1115 3753 ferme

103 3780 157 3845 suis
182 3792 265 3850 trans
291 3784 482 3851 Rhodanum
513 3787 648 3852 traiectis
680 3786 859 3852 ulteriorem
885 3783 986 3869 ripam
1013 3781 1114 3848 amnis

107 3874 185 3940 ermis
210 3877 398 3947 obtinebant.
440 3889 559 3947 ceteros
586 3880 708 3947 accolas
734 3879 872 3945 fluminis
894 3876 1058 3944 Hannibal
1084 3886 1148 3946 etr

80 3998 82 4021 :
109 3983 200 4034 mmm
215 3972 366 4058 ipsorum,
386 3997 464 4060 quos
484 3976 575 4043 sedes
595 3998 669 4042 suae
688 3984 864 4054 tenuerant,
884 3974 977 4040 simul
996 3972 1117 4060 perlicit
