2528 4514
145 230 209 296 362
366 238 629 310 arenariam,
648 240 746 294 aare.
767 243 841 309 [aa.
853 241 951 310 aare]

145 412 216 467 tuor
232 399 360 465 milibus
375 410 567 463 armatorum
581 396 705 463 silentio
719 396 836 475 noctis,
854 422 896 464 ne
910 398 1046 485 conspici
1057 422 1141 485 agmen

109 519 125 566 a
144 506 270 582 posset,
287 493 423 558 intrasse
440 493 537 558 Elim.
577 491 684 575 itaque
701 491 864 576 inprovisa
882 514 935 558 res
952 493 1144 580 ingentemin

143 588 218 655 iecit
235 599 402 664 terrorem,
420 597 590 673 postquam
607 585 689 650 inter
705 585 841 652 Aetolos
855 587 1022 672 Eleosque
1032 587 1148 654 Roman

108 705 126 750 4
146 682 238 768 signa
255 691 349 764 atque
367 704 456 746 arma
473 702 660 768 cognovere.
701 690 733 745 et
748 679 851 766 primo
869 681 1014 768 recipere
1031 705 1100 749 suos
1113 705 1150 748 ro
1186 689 1188 693 ’

144 777 247 841 luerat
263 798 334 854 rex3
362 775 476 841 deinde
495 785 656 841 contracto
673 774 737 839 iam
754 775 836 839 inter
852 776 994 842 Aetolos
1016 786 1049 842 et
1062 776 1151 842 Tralli

143 907 170 916 -
182 869 363 955 Hlyriorum
379 869 414 933 id
431 880 480 935 est
496 892 598 956 genus
610 906 637 915 -
651 868 820 934 certamine
843 891 918 934 cum
935 870 1046 957 urgeri
1061 870 1152 936 viderat

145 986 236 1041 suos,
263 962 390 1049 etipse
416 986 475 1028 rex
501 985 574 1027 cum
600 962 741 1047 equitatu
762 963 795 1026 in
819 963 987 1029 cohortem
1003 963 1152 1030 Romanam

108 1056 284 1127 aincurrit.
337 1057 382 1122 ibi
408 1079 508 1141 equus
534 1057 600 1143 pilo
630 1056 779 1123 traiectus
812 1079 885 1123 curn
909 1058 1097 1145 prolapsum
1116 1081 1152 1147 pa

145 1164 239 1239 caput
263 1176 373 1240 regem
400 1152 579 1230 effudisset,
612 1163 703 1218 atrox
729 1174 837 1239 pugna
863 1154 1028 1238 utrimue
1050 1175 1153 1219 accenu

144 1257 243 1312 estet
260 1247 300 1311 ab
317 1245 472 1312 Romanis
494 1245 615 1332 impetu
635 1245 670 1309 in
690 1268 800 1332 regem
822 1247 908 1313 facto
932 1259 967 1312 et
988 1247 1153 1335 protegenti-

108 1341 204 1410 cbus
221 1339 328 1428 regiis.
364 1339 498 1426 insignis
517 1352 549 1404 et
565 1338 665 1426 ipsius
683 1362 793 1426 pugna
805 1339 879 1418 fnit,
899 1361 976 1406 cum
988 1342 1086 1428 pedes
1097 1343 1153 1407 inte

145 1435 266 1520 equites
285 1447 413 1500 coactus
432 1445 518 1500 essct
534 1433 690 1520 proelium
706 1433 795 1499 inire.
840 1434 931 1515 dein,
951 1457 1027 1500 oum
1043 1435 1103 1501 iam
1114 1432 1153 1497 in

144 1552 203 1615 par
220 1539 379 1594 certamen
401 1539 487 1594 esset
509 1529 720 1612 caderentque
742 1527 825 1592 circa
846 1550 922 1593 eum
945 1528 1040 1594 multi
1060 1540 1090 1595 et
1107 1524 1153 1591 vul·

144 1634 347 1701 nerarentur,
384 1633 494 1709 raptus
526 1623 566 1688 ab
598 1622 663 1687 suis
691 1633 785 1706 atque
817 1622 907 1688 alteri
936 1646 1021 1707 equo
1047 1622 1151 1688 inieras

111 1739 126 1784 a
146 1717 238 1804 fugit.
279 1740 317 1783 eo
331 1717 381 1783 die
400 1728 505 1782 castra
522 1716 660 1801 quinque
674 1715 761 1780 milia
777 1739 933 1802 passuum
948 1718 990 1783 ab
1005 1713 1152 1783 urbeIllic-

144 1834 215 1875 rum
227 1810 343 1898 posuit.
379 1821 508 1897 postero
523 1811 573 1876 die
588 1811 629 1874 ad
643 1809 808 1875 castellum
824 1847 850 1857 -
866 1809 1018 1898 Pyrgum
1032 1818 1151 1876 vocant-

146 1905 253 1990 copias
281 1905 382 1970 omnis
410 1905 532 1983 eduxit,
561 1927 622 1989 quo
650 1903 822 1990 agrestium
843 1904 1081 1970 multitudinem
1101 1920 1151 1967 om

107 2017 127 2066 8
146 1997 314 2084 pecoribus
331 2009 418 2063 metu
434 1998 674 2085 populationum
693 1997 889 2084 compulsam
908 1999 1065 2064 audierat.
1102 2016 1151 2061 ean

144 2092 338 2157 inconditam
358 2093 574 2177 inermemque
596 2092 830 2158 multitudinem
851 2092 956 2179 primo
983 2093 1089 2159 statim
1109 2101 1152 2154 ter·

143 2209 214 2253 rore
233 2187 404 2253 adveniens
423 2188 520 2272 oepit3
548 2197 870 2273 compensaveratque
894 2209 934 2251 ea
955 2189 1076 2274 praeda
1090 2180 1152 2269 quod

111 2301 126 2348 c
143 2282 335 2369 ignominiae
353 2283 395 2347 ad
411 2283 498 2346 Elim
517 2294 682 2366 acceptum
699 2282 813 2346 fuerat.
854 2281 1013 2346 dividenti
1029 2279 1152 2369 praedam

144 2377 349 2464 captivosque
366 2413 392 2423 -
410 2377 536 2440 fuerant
567 2389 673 2441 autem
704 2385 850 2460 quattuor
880 2374 970 2440 milia
1007 2373 1151 2446 hominum.

143 2471 267 2558 pecoris
287 2471 389 2537 omnis
408 2471 534 2557 generis
554 2471 594 2535 ad
612 2470 699 2535 milia
721 2470 832 2556 viginti
849 2506 875 2516 -
892 2470 1026 2536 nuntius
1049 2493 1087 2535 ex
1099 2467 1152 2532 Ma·

144 2567 276 2632 cedonia
293 2567 388 2644 venit,
406 2567 552 2652 Eropum
570 2566 727 2650 quendam
746 2574 892 2651 corrupto
912 2565 996 2630 arcis
1014 2559 1151 2652 praesidii·

144 2683 205 2744 que
222 2661 383 2746 praefecto
401 2659 607 2744 Lychnidum
629 2659 765 2746 cepisse,
792 2669 900 2724 tenere
923 2669 957 2724 et
973 2654 1150 2724 Dassareh'c

94 2774 126 2821 10
144 2776 215 2817 rum
232 2754 387 2836 quosdam
410 2754 497 2819 vicos
521 2767 552 2818 et
568 2753 739 2818 Dardanos
763 2753 858 2818 etiam
877 2752 1016 2818 concire.
1059 2749 1149 2818 omitto

144 2848 240 2933 igitur
265 2848 409 2914 Achaico
435 2849 534 2927 bello,
561 2848 678 2914 relictis
706 2860 812 2912 tamen
839 2848 968 2913 duobus
992 2847 1149 2913 milibne

144 2941 323 3027 quingentis
351 2942 453 3008 omnis
480 2943 606 3029 generis
639 2954 831 3007 armatorum
862 2963 936 3005 cum
961 2941 1148 3028 Menippoa

92 3056 123 3102 11
142 3036 345 3122 Polyphanta
371 3037 503 3102 ducibus
531 3037 573 3102 ad
596 3035 791 3123 praesidium
814 3034 988 3114 sociorum,
1016 3034 1145 3123 profata

142 3131 183 3195 ab
208 3130 325 3216 Dymis
350 3154 407 3217 per
432 3131 591 3196 Achaiam
616 3131 846 3214 Boeotiamque
873 3141 905 3194 et
926 3131 1090 3197 Euboeam
1109 3123 1144 3187 dt·

142 3226 241 3290 cumis
261 3226 372 3290 castris
390 3225 630 3291 Demetriadem
646 3226 680 3290 in
698 3224 898 3291 Thessaliam
916 3226 1070 3310 pervenit
1183 3238 1187 3243 '

109 3339 122 3385 1
205 3319 380 3385 XXXIII.
440 3320 493 3385 Ibi
523 3320 577 3385 alii
602 3321 754 3386 maiorem
778 3321 967 3407 'adserentes
1008 3317 1142 3386 tumultun

141 3413 243 3476 nuntii
261 3423 442 3478 occurrunt:
468 3412 640 3479 Dardanos
658 3414 692 3478 in
708 3414 935 3479 Macedoniam
953 3415 1070 3481 effusos
1085 3407 1140 3475 Ort·
1180 3440 1188 3465 =

72 3580 74 3583 ¹
142 3505 257 3570 stidem
273 3506 337 3570 iam
354 3516 461 3571 tenere
480 3529 517 3572 ac
531 3508 733 3573 descendisse
747 3508 780 3572 in
793 3509 1012 3594 Argestaeum
1029 3518 1139 3589 camptun
1181 3522 1188 3581 ζ

141 3599 322 3683 famamque
346 3601 427 3665 inter
449 3602 601 3667 barbaros
624 3602 781 3667 celebrem
804 3624 889 3680 esse,
917 3602 1137 3689 Philipporum

107 3714 123 3760 a
143 3693 252 3759 cisum.
298 3694 497 3780 expeditione
519 3718 571 3772 ea,
599 3717 662 3779 qua
684 3717 757 3760 cum
777 3695 1020 3781 populatoribus
1042 3678 1137 3779 agri⁸l
1172 3711 1188 3745 s

143 3784 313 3872 Sicyonem
334 3789 503 3876 pugnavit,
529 3789 563 3853 in
586 3792 730 3855 arborem
753 3790 868 3854 inlatus
890 3790 1014 3877 impetu
1034 3774 1137 3871 equitl
1176 3814 1185 3823 ·

107 3901 125 3949 a
143 3883 332 3948 eminentem
348 3907 472 3948 ramum
489 3905 587 3949 cornu
601 3885 733 3950 alterum
746 3885 857 3971 galeae
869 3885 1051 3972 praefregit
1073 3873 1137 3944 idh·
1176 3876 1186 3901 ³

143 3986 273 4040 ventum
294 3978 334 4044 ab
352 3979 469 4046 Aetolo
492 3979 630 4063 quodam
652 3981 871 4065 perlatumque
892 3980 927 4045 in
949 3978 1095 4046 Aetoliam
1110 3960 1137 4031 ll
1177 3986 1186 4001 “·
