2528 4530
320 287 437 343 nisse
454 286 595 358 xxmn,
614 287 639 341 1.
659 290 701 357 [a.
713 288 815 358 ceos]
1017 277 1083 344 383

70 444 159 502 'oedns
177 441 275 499 iunxit
309 440 474 498 Hasdrubal
493 440 628 512 Gisgonis
646 441 687 497 ibi
706 460 768 498 cum
787 459 822 499 eo
839 442 870 498 in
889 445 990 500 eodem
1005 444 1083 501 lecto

70 521 177 578 :enavit
211 535 313 574 munus
332 518 531 590 gladiatorium
549 519 578 573 in
591 519 730 575 honorem
748 519 838 591 patris
850 521 1001 593 patruique
1015 521 1082 578 Car·

70 597 164 670 hagini
173 613 250 652 nova
258 595 359 665 edidit,
377 613 434 651 non
449 613 484 652 ex
497 596 718 667 gladiatoribus,
738 597 788 652 sed
803 614 837 652 ex
851 597 910 669 his,
929 598 977 671 qui
991 599 1083 655 autin

70 691 194 731 ‚onorem
207 672 287 728 ducis
306 677 355 727 aut
368 689 402 728 ex
414 673 619 743 provocatione
633 673 860 744 descendebant,
877 674 907 730 in
920 692 977 748 quo
990 677 1083 748 reguli

70 758 159 808 ratres
170 752 206 805 ds
215 765 305 820 regno
315 748 390 804 ferro
402 750 616 804 contenderunt
652 767 715 804 cum
730 749 811 806 Gisia
823 752 892 807 urbs
903 753 1082 824 obpugnare·

70 846 111 899 ur,
132 826 270 898 oppidani
282 825 388 881 liberos
406 831 436 881 et
449 827 584 896 coniuges
597 842 669 898 rogo
684 832 814 883 extructo
828 828 996 886 occiderunt
1009 837 1039 887 et
1051 848 1084 887 se

70 922 171 975 isuper
188 903 454 974 praecipitaverunt.
490 903 552 974 ipss
567 902 676 973 Scipio,
700 905 766 958 dum
784 904 863 975 gravi
881 908 981 963 morbo
999 908 1083 980 inpli-

69 982 127 1037 itus
143 987 203 1050 cst,
222 980 390 1035 seditionem
407 980 436 1034 iu
453 985 535 1050 parte
549 980 689 1035 exercitus
704 986 808 1037 motam
829 982 1012 1040 confirmatus
1027 987 1083 1041 dis·

70 1058 145 1114 ussit
161 1057 392 1129 rebellantesque
413 1056 570 1128 Hispaniae
592 1058 715 1128 populos
740 1058 837 1129 coegit
858 1059 887 1113 in
910 1061 1084 1118 deditionem

70 1136 160 1192 snite.
198 1140 228 1191 et
245 1134 368 1190 amicitia
386 1133 463 1189 iacta
482 1151 545 1188 cum
564 1134 717 1190 Masinissa
733 1152 801 1206 rege
816 1136 1014 1207 Numidarum,
1034 1140 1083 1211 qui

70 1214 95 1267 lli
109 1211 260 1282 auxilium,
278 1211 302 1265 si
319 1211 349 1265 in
362 1208 488 1265 Africam
502 1210 675 1281 traiecisset,
693 1212 897 1283 pollicebatur,
917 1230 980 1268 cum
995 1216 1082 1271 Gadi·

70 1290 130 1346 anis
144 1306 260 1361 quoque
273 1295 340 1360 post
354 1289 508 1344 discessum
521 1287 589 1345 inde
603 1291 749 1360 Magonis,
769 1291 815 1345 cui
829 1291 1000 1362 Carthagine
1015 1292 1082 1347 scri·

70 1373 136 1422 stum
153 1366 230 1435 erat,
247 1364 325 1420 utin
344 1365 456 1420 Italiam
475 1365 621 1436 traiceret,
638 1367 757 1422 Romam
775 1384 905 1423 reversus
924 1370 1082 1441 consulque

70 1448 179 1499 reatus.
231 1440 357 1498 Africam
379 1442 553 1514 provinciam
571 1443 680 1514 petenti
703 1444 917 1500 contradicente
935 1445 971 1510 Q.
989 1445 1083 1500 Fabio

70 1520 180 1576 daximo
191 1517 286 1575 Sicilia
296 1520 363 1575 data
372 1524 416 1575 est
424 1520 661 1591 permissumque,
680 1526 712 1575 ut
720 1521 749 1575 in
757 1519 884 1576 Africam
893 1522 1038 1592 traiceret,
1058 1522 1082 1576 si

70 1597 159 1651 dere
174 1596 290 1666 publica
308 1612 371 1651 esse
384 1603 521 1652 censeret
556 1597 643 1668 Mago
658 1597 828 1653 Hamilcaris
845 1597 922 1653 filius
940 1616 958 1654 a
974 1599 1084 1655 minora

70 1675 170 1731 dulcari
184 1665 290 1745 insula‘,
307 1674 357 1729 ubi
365 1674 551 1744 hiemaverat,
569 1674 719 1731 inItaliam
727 1675 864 1747 traiecit]

439 1959 555 2040 TITI
576 1960 701 2042 LIVI

303 2113 367 2174 ns
407 2114 544 2175 vans
585 2109 863 2178 ooun1rn'

419 2285 548 2346 LIBER
569 2285 723 2346 XXVIII.

120 2411 147 2476 Ι.
193 2408 277 2476 Cum
303 2408 436 2474 transitu
461 2408 689 2486 Hasdrubalis,
720 2419 872 2492 quantum
896 2408 931 2473 in
956 2410 1114 2481 Italiamr

70 2503 270 2569 declinaverat
290 2502 378 2580 belli,
408 2513 529 2568 tantum
551 2503 675 2568 levatae
692 2502 869 2588 Hispaniae
891 2501 1080 2582 viderentur,

70 2610 201 2665 renatum
222 2596 266 2662 ibi
289 2596 392 2662 subito
413 2621 471 2683 par
491 2597 588 2684 priori
605 2595 724 2661 bellum
746 2606 804 2661 est.
849 2596 1024 2682 Hispanias
1043 2619 1116 2666 eea

70 2702 245 2780 tempestate
272 2690 318 2757 sic
343 2691 503 2755 habebant
526 2689 664 2755 Romani
688 2688 866 2772 Poenique:
897 2691 1083 2758 Hasdrubal

70 2783 212 2872 Gisgonis
230 2783 313 2848 filius
328 2785 367 2849 ad
379 2782 545 2850 Oceanum
557 2782 683 2869 penitus
693 2780 858 2867 Gadisque
872 2797 1081 2864 concesserat,

70 2879 158 2946 rostri
186 2877 281 2943 maris
308 2900 364 2943 ora
388 2877 553 2961 omnisque
583 2876 682 2941 ferme
708 2877 884 2964 Hispania,
920 2899 984 2962 qua
1011 2876 1117 2968 [ad]3

70 2973 212 3038 >rientem
238 2971 353 3058 vergit,
390 2968 548 3057 Scipionis
583 2991 621 3035 ac
646 2970 810 3037 Romanae
842 2972 973 3038 dicionis
1005 2986 1081 3039 erat

70 3089 161 3133 rosus
186 3066 356 3151 imperator
377 3066 509 3142 Hanno,
535 3063 695 3130 inlocum
716 3065 844 3130 Barcini
870 3066 1081 3131 Hasdrubalis
1100 3090 1119 3136 4

70 3183 142 3227 rovo
169 3179 242 3225 oum
273 3157 412 3224 exercitu
438 3180 478 3222 ex
499 3157 612 3222 Africa
643 3168 861 3243 transgressus
886 3157 1082 3242 Magonique

70 3263 200 3331 unctus,
226 3273 298 3317 cum
315 3250 348 3316 in
367 3249 551 3330 Celtiberia,
578 3273 659 3334 quae
680 3251 785 3315 media
801 3251 883 3314 inter
905 3252 967 3314 duo
984 3252 1084 3316 maria

70 3359 122 3429 st,
150 3347 240 3413 brevi
257 3369 408 3434 magnum
425 3370 589 3412 numerum
607 3355 774 3423 armasset,
803 3342 911 3429 Scipio
930 3344 1082 3411 adversus
1101 3368 1118 3414 5

70 3466 133 3509 sum
149 3441 199 3507 M.
215 3439 359 3508 Silanum
377 3462 449 3505 cum
467 3441 576 3506 decem
597 3438 683 3503 haud
700 3437 772 3524 plus
789 3437 916 3502 milibus
938 3437 1082 3518 militum,

70 3535 220 3621 equitibus
234 3535 413 3620 quingentis
422 3534 516 3600 misit.
545 3530 673 3598 Silanus
687 3531 812 3616 quantis
822 3530 967 3596 maximis
981 3534 1084 3617 potuit
1101 3555 1118 3602 6

70 3630 260 3699 tineribuse
268 3629 471 3714 inpediebant
484 3639 590 3693 autem
602 3637 635 3691 et
647 3624 832 3712 asperitates
846 3625 968 3690 viarum
982 3635 1013 3718 et
1028 3648 1084 3690 an-

70 3724 184 3811 gustiae
203 3723 335 3788 saltibus
354 3722 484 3800 crebris,
512 3732 548 3786 ut
563 3721 712 3808 pleraque
729 3719 906 3805 Hispaniae
924 3728 1010 3795 sunt,
1036 3718 1085 3783 in·

70 3817 167 3883 dusae
184 3855 211 3865 -
228 3827 334 3882 tamen
350 3839 414 3882 non
432 3816 534 3881 solum
551 3814 688 3891 nuntios,
707 3813 765 3878 sed
782 3813 877 3876 etiam
893 3813 1011 3877 famam
1029 3812 1084 3876 ad-

70 3924 175 3978 tentus
202 3911 252 3976 sui
277 3933 497 3997 praegressus,
526 3908 658 3974 ducibus
685 3906 824 3972 indidem
850 3929 891 3972 ex
913 3903 1085 3972 Celtiberia

70 4005 235 4092 emeingis
257 4005 299 4070 ad
325 4004 449 4070 hostem
470 4003 622 4089 pervenit.
667 4000 787 4067 eisdem
809 4001 988 4068 auctoribus
1010 4019 1118 4068 con-7
