2528 4514
146 265 210 332 38⁴2
394 274 512 331 LIBER
528 273 656 345 XXVII,
674 273 718 328 51.
740 278 778 343 [a.
788 291 816 328 u.
827 290 852 330 c.
862 274 928 343 54⁷]

146 435 210 499 citu
238 434 350 499 ducem
376 433 515 499 hostium
540 431 746 517 legionesque
772 430 984 511 occidissent,
1019 435 1144 521 supplies·

146 529 264 595 tionem
280 528 315 592 in
332 528 469 592 triduum
488 525 636 591 decrevit
676 545 746 589 eam
766 525 1082 635 supplicationemO.
1095 530 1145 596 Ho-

112 622 248 692 astilius
274 632 401 708 praetor
427 620 534 686 edixit.
579 619 737 684 celebrate
759 642 779 684 a
800 619 877 684 viris
901 620 1086 707 feminisque
1101 632 1154 697 ests:

147 717 253 782 omnia
278 715 396 803 templa
421 737 478 801 per
503 725 604 779 totum
625 713 763 778 triduum
785 713 953 798 aequalem
975 717 1092 782 turbam
1106 717 1154 783 tra

146 813 257 889 buere,
292 831 365 874 cum
399 819 562 874 matronae
597 807 794 895 amplissima
828 819 921 874 veste
955 830 1031 874 cum
1069 811 1148 872 ‘'rae„

145 904 276 992 perinde
297 924 335 968 ac
357 903 385 969 si
407 902 598 968 debellatum
620 902 715 979 foret,
743 901 830 967 omni
852 900 979 969 solutae
1001 915 1082 970 metu
1104 935 1122 961 s

95 1019 127 1067 ιο
145 998 373 1064 immortalibus
391 1008 498 1084 grates
517 1006 657 1084 agerent.
702 1006 820 1061 statum
838 1018 968 1084 quoque
986 998 1107 1065 civitatis
1138 1017 1146 1044 ³

145 1093 276 1159 victoria
292 1091 405 1170 movit,
432 1102 468 1157 ut
484 1091 548 1155 iam
565 1090 639 1156 inde
656 1091 734 1155 haut
752 1111 845 1155 secus
863 1112 961 1176 quarn
979 1092 1014 1158 in
1029 1114 1099 1179 pace
1126 1093 1144 1168 ,J

144 1189 279 1253 interae
301 1186 485 1253 contrahere
507 1185 687 1264 vendendo,
715 1186 864 1264 emendo,
893 1197 1039 1252 mutuum
1064 1209 1135 1244 m

145 1292 309 1370 argentum
328 1281 481 1346 creditum
501 1279 653 1345 solvendo
671 1279 834 1345 auderent.

95 1398 124 1445 ιι
210 1373 248 1442 0.
278 1372 432 1441 Claudius
459 1373 571 1439 consul
597 1394 669 1438 cum
695 1373 729 1438 in
758 1383 863 1438 casua
890 1373 1043 1453 redisset,
1079 1404 1111 1431 rr

143 1468 371 1546 Hasdrubalis,
400 1469 486 1552 quod
512 1477 672 1532 servatum
694 1488 766 1531 cum
788 1488 864 1531 cura
888 1467 1046 1546 attulerat,
1077 1498 1088 1525 r
1103 1498 1107 1520 1

145 1574 217 1629 ante
243 1562 382 1629 hostium
414 1560 565 1627 stationes
597 1560 801 1648 captivosque
828 1561 931 1627 Afros
962 1561 1090 1639 vinctos,
1131 1557 1133 1562 ’

144 1668 247 1736 erant,
275 1655 413 1735 ostendi,
441 1656 520 1721 duos
540 1655 635 1721 etiam
656 1678 698 1720 ex
714 1654 764 1720 hie
784 1654 906 1720 solutos
927 1654 976 1722 ire
993 1654 1032 1721 sd

94 1772 124 1819 12
143 1750 248 1816 halem
266 1761 298 1816 et
319 1771 504 1837 expromere
527 1771 608 1834 quae
631 1759 702 1814 acta
723 1760 831 1814 essent
851 1748 957 1816 iussit.
1000 1750 1043 1814 H>
1057 1781 1078 1806 ι·
1098 1769 1129 1816 ιι

144 1854 232 1910 tanto
250 1844 344 1908 simul
361 1844 488 1930 publico
506 1841 714 1926 familiarique
731 1843 812 1907 ictus
830 1843 928 1921 luctu,
948 1862 1098 1930 agnoscere
1124 1855 1127 1888 '³

93 1963 124 2010 13
143 1938 303 2003 fortunam
338 1935 542 2024 Carthaginis
576 1939 677 2004 fertur
711 1937 849 2017 dixisse3
890 1939 1057 2023 castrisque
1074 1935 1125 1990 ἰιι

143 2031 251 2110 motis,
278 2042 314 2097 ut
340 2033 445 2098 omnia
471 2031 600 2111 auxilia,
638 2052 719 2116 quae
746 2031 864 2096 diffusa
888 2032 985 2099 latius
1007 2031 1073 2097 tueri

142 2135 279 2211 poterat,
306 2126 340 2190 in
370 2137 545 2191 extremum
567 2125 680 2191 Italiae
707 2125 858 2212 angulum
875 2127 1019 2192 Bruttios
1043 2132 1122 2190 eorm

143 2219 244 2297 heret,
281 2231 314 2285 et
338 2220 593 2306 Metapontinos,
629 2219 788 2285 civitatem
814 2220 1014 2298 universam,
1045 2216 1121 2282 excitos

143 2314 271 2379 sedibus
299 2315 379 2392 suis,
408 2325 440 2379 et
455 2312 661 2379 Lucanorum
688 2315 741 2398 qui
769 2339 845 2381 suae
873 2315 1005 2382 dicionis
1025 2307 1121 2380 amri

140 2407 300 2472 Bruttium
319 2431 431 2494 agrum
449 2406 596 2473 traduxit.

549 2675 761 2687 ——-

388 2876 608 2961 [Promona
628 2881 736 2940 ιιιιιιι
757 2880 921 2962 xmu]

209 3007 283 3078 [Res
296 3008 326 3064 in
339 3009 480 3079 Hispania
494 3027 632 3081 prospere
651 3016 751 3082 gestae
764 3028 782 3066 a
796 3010 896 3067 Silano
911 3009 1044 3083 Scipionis
1057 3007 1099 3066 le*
1112 3011 1116 3024 ²
1151 3010 1154 3017 '

139 3089 169 3140 et
182 3085 219 3141 ab
233 3087 267 3141 L.
278 3084 410 3156 Scipione
425 3086 512 3142 fratre
527 3087 664 3142 adversus
673 3089 803 3157 Poenos,
823 3105 841 3143 a
855 3088 982 3160 Sulpicio
994 3103 1039 3160 pro
1059 3112 1074 3131 κ
1088 3113 1090 3115 >
1105 3088 1106 3092 ’

140 3164 217 3218 socio
231 3162 330 3218 Attalo
349 3181 417 3234 rege
430 3161 519 3221 Asiae
537 3165 674 3220 adversus
686 3165 851 3235 Philippum
869 3182 967 3236 regem
979 3167 1058 3220 llaec

136 3258 189 3310 pro
205 3239 314 3296 Aetolis
332 3240 503 3297 referuntur.
550 3258 613 3296 cum
631 3244 669 3297 M.
687 3242 771 3297 Livio
789 3247 818 3297 et
835 3240 958 3298 Claudio
975 3236 1065 3299 Neroni
1080 3269 1083 3277 =>

138 3318 247 3373 sulibus
266 3317 423 3391 triumphus
443 3319 575 3374 decretus
593 3324 682 3390 esset,
701 3319 816 3389 Livius,
835 3321 885 3391 qui
902 3321 932 3375 in
950 3313 1073 3391 provincie
1111 3333 1113 3378 j

137 3412 195 3449 rem
205 3401 347 3466 gesserat,
367 3395 515 3468 quadrigis
525 3396 653 3451 invectus
664 3403 722 3466 est,
741 3397 834 3467 Nero,
853 3397 903 3470 qui
915 3397 945 3452 in
960 3396 1110 3464 collegero*

136 3472 270 3542 vinciam,
289 3478 321 3526 ut
333 3473 480 3528 victoriam
495 3473 556 3529 eius
571 3474 731 3544 adiuvaret,
750 3480 881 3545 venerat,
900 3491 974 3547 equo
988 3474 1076 3527 secutus
1090 3495 1093 3501 ·
1109 3479 1113 3490 ’·
1149 3540 1154 3551 1

137 3556 166 3604 et
179 3549 209 3605 in
222 3549 278 3605 hoc
291 3549 392 3605 habitu
404 3551 470 3621 plus
486 3550 595 3620 gloriae
610 3551 843 3623 reverentiaeque
852 3551 967 3622 hahuit3
983 3548 1066 3604 namsi
1078 3575 1079 3582 ι
1092 3620 1093 3626 ¹
1108 3549 1112 3576 ‘

37 3680 39 3685 ,
136 3646 166 3682 ιιι
179 3627 256 3682 hello
267 3644 352 3698 quam
366 3629 479 3698 collega
492 3628 611 3685 fecerat
647 3628 723 3700 ignis
737 3647 767 3683 ιιι
780 3630 854 3684 aede
863 3629 968 3686 Vestae
981 3623 1059 3696 negle
1069 3649 1075 3663 ι
1109 3635 1110 3638 ’

136 3704 266 3775 virginis,
284 3721 358 3794 quae
376 3722 434 3760 non
453 3705 639 3774 custodierat,
663 3706 805 3761 extinctus
823 3711 882 3776 est,
910 3722 991 3762 caess
1002 3703 1056 3758 est
1077 3716 1111 3750 2¹
1142 3734 1151 3753 r

135 3782 168 3835 P.
180 3781 297 3852 Scipio
289 3800 319 3836 ιιι
332 3781 472 3852 Hispania
487 3799 549 3837 cum
563 3783 672 3838 Poenis
685 3784 841 3840 debellarit
851 3790 953 3855 quarto
966 3779 1054 3837 decimo
1063 3772 1105 3827 fl
1137 3826 1147 3846 „

137 3857 197 3911 eius
211 3857 292 3927 belli,
311 3860 410 3928 quinto
425 3865 493 3930 post
505 3877 580 3914 anno
595 3876 680 3930 quam
693 3860 779 3931 ierat,
805 3848 1104 3932 praeclusisqueirhfl
1141 3924 1151 3933 ι

135 3935 318 4001 possessione
332 3935 496 4006 provinciae
506 3953 568 3991 erus
576 3936 709 3992 hostibus
718 3937 875 4009 Hispanias
888 3937 1002 4009 recepit,
1016 3916 1103 3986 eal*
1140 3993 1146 4005 Ι

136 4025 241 4065 racone
254 4012 284 4064 in
297 4011 421 4068 Africam
436 4015 472 4068 ad
488 4013 649 4084 Syphacem
662 4031 758 4086 regem
774 4016 971 4090 Massyliorum
983 3996 1103 4068 ΝΜ
1132 4007 1144 4032 ’“
