2528 4514
308 245 424 300 118811
440 247 584 318 11111111,
604 249 644 302 18.
665 251 702 317 [a.
715 247 819 319 8108]
1013 239 1078 306 405

95 430 130 471 m
159 427 231 470 cum
257 403 350 470 tertia
374 415 464 491 parte
492 404 654 492 copiarum
681 407 722 471 ad
746 403 952 474 Castulonem
979 433 1080 498 oppu-

95 501 210 566 andum
231 499 341 578 mittit3
367 500 437 586 ipse
460 520 533 564 cum
555 510 660 566 cetero
683 502 822 567 exercitu
845 503 961 587 quintis
979 505 1079 570 ferme

100 595 250 682 Iliturgin
267 594 379 660 castris
397 594 551 682 pervenit.
579 595 706 661 clausae
725 607 815 662 erant
829 609 941 684 portae
959 600 1079 666 omnia-
1097 623 1113 670 5

95 715 107 757 e
137 691 292 756 instructa
323 700 356 754 et
379 700 491 776 parata
526 689 567 754 ad
594 680 863 777 oppugnationem
894 695 1079 759 arcendam:

95 809 125 852 80
144 783 351 862 88888188118,
372 783 447 868 quid
466 807 501 850 se
518 785 648 849 meritos
668 785 798 863 scirent,
820 809 878 874 pro
896 786 1014 854 indicto
1033 789 1079 853 eis

95 882 129 947 lo
157 881 271 944 fuerat.
315 879 389 943 hina
414 890 447 944 et
473 879 592 944 hortari
617 879 733 945 milites
761 877 870 968 Scipio
897 904 989 947 orsus
1016 879 1078 949 est':
1099 907 1113 955 6

98 998 133 1041 88
152 973 329 1039 claudendo
345 984 454 1060 portas
472 974 630 1039 indicasse
644 974 823 1061 Hispanos,
844 976 919 1060 quid
934 988 972 1041 ut
989 977 1080 1042 time-

94 1069 236 1134 1111181111
254 1079 371 1135 essent.
397 1070 504 1154 itaque
523 1069 622 1136 multo
640 1070 855 1137 infestioribus
876 1072 988 1139 animis
1007 1095 1080 1138 oum

111 1187 207 1249 quam
224 1185 297 1228 cum
316 1161 634 1251 Carthaginiensibus
655 1165 776 1231 bellum
799 1169 974 1254 gerendum
992 1190 1078 1233 esse:

95 1260 163 1347 ippe
182 1282 255 1324 oum
275 1259 337 1323 illis
355 1282 454 1346 prope
477 1259 546 1325 sine
567 1260 615 1325 ira
631 1260 672 1326 de
689 1261 821 1348 imperio
844 1273 876 1326 81
892 1261 994 1348 gloria
1011 1283 1079 1327 cer·
1097 1283 1112 1330 1

95 1356 121 1433 1,
147 1354 188 1419 81)
214 1354 264 1419 his
289 1354 440 1441 perfidiae
466 1365 498 1420 et
525 1353 718 1421 crudelitatis
746 1367 778 1421 et
804 1356 931 1421 sceleris
957 1379 1078 1443 poenas

95 1450 241 1537 petendas
260 1472 341 1515 8888.
377 1449 504 1516 venisse
522 1461 662 1536 tempus,
682 1473 744 1535 quo
763 1461 795 1516 et
807 1450 979 1517 nefandam
993 1473 1078 1517 com·
1097 1469 1113 1518 8

95 1545 224 1611 litonum
240 1566 352 1610 necem
370 1554 401 1609 et
418 1544 452 1609 in
471 1555 573 1611 semet
589 1545 691 1632 ipsos,
711 1545 739 1611 si
757 1545 869 1611 eodem
886 1546 965 1632 fuga
983 1545 1080 1612 delati

95 1650 164 1720 rent,
200 1639 386 1704 instructam
416 1640 562 1705 fraudem
587 1639 831 1718 ulciscerentur,
868 1641 959 1705 etin
985 1663 1079 1706 omne

95 1757 170 1822 npus
189 1734 280 1821 gravi
298 1734 486 1800 documento
506 1734 678 1812 sancirent,
697 1758 738 1800 ne
757 1734 827 1819 quis
845 1758 997 1820 umquam
1012 1734 1079 1801 Ro-

95 1853 174 1894 mum
193 1829 296 1894 civem
317 1829 489 1894 militemve
511 1829 545 1893 in
567 1828 633 1893 ulla
655 1829 784 1894 fortuna
801 1826 1013 1917 opportunum
1031 1830 1080 1895 in-

95 1923 144 1989 iae
162 1923 302 1988 duceret.
349 1924 389 1989 ab
407 1924 468 1988 hac
485 1922 702 1989 cohortatione
725 1924 815 1990 ducis
836 1924 958 1990 incitati
976 1923 1077 1991 scalas
1098 1943 1115 1991 a

95 2018 152 2084 atis
170 2041 229 2105 per
246 2017 424 2104 manipulos
443 2017 518 2084 viris
538 2018 697 2097 dividunt3
724 2021 840 2106 partito
864 2020 1003 2086 exercitu
1025 2020 1079 2098 ita,

106 2113 189 2200 parti
215 2113 305 2178 alteri
322 2112 454 2178 Laelius
480 2124 645 2200 praeesset
670 2113 810 2201 legatus,
837 2115 963 2180 duobus
985 2115 1080 2180 simul

95 2209 121 2276 is
141 2208 271 2295 ancipiti
289 2219 407 2275 terrore
424 2210 537 2274 urbem
555 2209 791 2296 adgrediuntur.
830 2232 895 2274 non
913 2211 979 2274 dux
994 2232 1078 2274 unus
1099 2228 1130 2276 10

95 2330 98 2368 :
122 2304 234 2392 plures
256 2303 414 2390 principes
438 2304 628 2391 oppidanos,
662 2305 718 2369 sed
742 2327 818 2369 suus
840 2303 982 2389 ipsorum
1004 2325 1080 2369 con-

95 2399 180 2464 antia
207 2397 317 2484 eulpae
344 2408 448 2462 metus
481 2398 524 2462 ad
553 2397 787 2463 defendendam
816 2397 941 2484 inpigre
967 2397 1079 2462 urbem
1146 2465 1150 2469 ,

95 2504 204 2572 181111,
237 2504 268 2558 81
293 2493 515 2571 meminerant,
542 2505 575 2559 et
600 2493 813 2558 admonebant
839 2492 932 2570 alios,
960 2492 1080 2578 suppli·
1099 2511 1128 2558 11

95 2613 126 2654 m
145 2611 190 2653 ex
207 2610 256 2666 se,
275 2611 339 2654 non
356 2587 520 2653 victoriam
537 2588 618 2675 peti:
644 2587 701 2653 ubi
719 2587 852 2671 quisque
870 2596 1005 2652 mortem
1022 2609 1079 2673 op-

95 2695 181 2760 8181,
205 2681 239 2745 111
254 2681 387 2760 referre,
410 2691 516 2746 utmm
533 2683 567 2747 in
583 2706 692 2769 pugna
710 2681 792 2747 etin
810 2680 892 2758 acie,
914 2680 971 2745 ubi
987 2679 1079 2747 Mars

95 2774 223 2843 nmunis
242 2785 274 2841 et
291 2774 410 2840 victum
428 2799 524 2863 saepe
542 2776 678 2863 erigeret
696 2787 728 2842 81
741 2775 905 2864 adfligeret
917 2775 1080 2853 victorem,

103 2869 279 2959 postmodo
301 2881 440 2935 cremata
466 2882 498 2936 81
519 2870 623 2936 diruta
643 2871 722 2936 urbe
744 2881 817 2936 ante
840 2894 896 2937 ora
918 2880 1081 2957 captarum
1100 2888 1131 2936 12

95 2987 293 3049 morsumque,
321 2965 403 3031 inter
427 2967 560 3031 verbera
581 2976 613 3030 et
630 2965 771 3045 vincula,
798 2965 905 3033 omnia
922 2966 1018 3031 foeda
1035 2977 1081 3030 81-

95 3087 104 3129 1
123 3060 259 3147 indigna
274 3061 364 3147 passi
381 3060 588 3149 exspirarent.
627 3060 724 3150 igitur
741 3086 806 3127 non
824 3061 967 3126 militaris
985 3061 1080 3126 modo
1101 3079 1131 3127 13

95 3179 133 3223 as
153 3166 210 3220 aut
228 3154 287 3220 viri
304 3165 441 3235 tantum,
470 3157 527 3222 sed
544 3156 682 3222 feminae
699 3156 852 3244 puerique
871 3178 966 3242 super
985 3155 1081 3219 animi

95 3251 251 3341 purisque
279 3249 362 3317 vires
389 3252 523 3330 adsunt,
557 3251 773 3339 pugnantibus
802 3251 865 3315 tela
890 3248 1079 3327 ministrant,

95 3372 125 3413 18
146 3346 183 3411 111
203 3369 311 3411 1118108
334 3347 547 3412 munientibus
570 3357 693 3434 gerunt.
737 3368 802 3411 non
824 3344 953 3409 libertas
978 3344 1132 3409 8011111114

95 3443 216 3518 abatur,
253 3462 334 3525 quae
360 3441 500 3507 virorum
527 3441 656 3507 fortium
683 3451 805 3507 tantum
831 3449 961 3526 pectora
986 3439 1080 3516 acuit,
1181 3495 1184 3502 .

95 3538 103 3602 1
128 3535 244 3600 ultima
269 3535 409 3601 omnium
437 3535 593 3623 supplicia
618 3548 651 3602 et
676 3535 771 3603 foeda
796 3557 882 3599 mors
905 3533 947 3598 ob
971 3532 1079 3598 oeulos

95 3643 123 3697 .t.
171 3631 424 3697 accendebantur
446 3630 542 3696 81111111
565 3642 597 3696 81
615 3630 784 3696 8811818188
806 3626 923 3693 laboris
943 3648 979 3691 ac
997 3627 1080 3713 peri-

95 3726 108 3791 i
130 3736 228 3809 atque
249 3724 320 3812 ipso
343 3726 424 3792 inter
447 3750 482 3792 se
504 3737 686 3814 conspectu.
729 3725 836 3808 itaque
858 3732 945 3787 tanto
969 3721 1079 3786 ardore
1100 3737 1130 3786 15

95 3833 208 3887 tamen
224 3820 338 3886 initum
356 3832 419 3898 est,
437 3833 474 3885 ut
492 3821 627 3887 domitor
644 3821 696 3886 ille
715 3818 811 3885 totius
828 3815 1006 3902 Hispaniae
1025 3838 1080 3880 ex-

95 3916 165 3981 itus
184 3914 225 3980 ab
241 3915 335 3980 unius
354 3916 463 4003 oppidi
480 3916 641 3981 iuventute
666 3938 761 4002 saepe
778 3912 923 4000 repulsus
945 3935 964 3976 a
981 3912 1079 3977 muris

95 4011 133 4076 111
152 4009 230 4075 88118
249 4009 364 4077 decoro
381 4011 502 4099 proelio
521 4011 701 4098 trepidaret.
741 4008 774 4073 id
790 4007 846 4072 ubi
865 4006 943 4071 vidit
962 4005 1080 4094 Scipio,
1100 4026 1131 4076 16
