2528 4514
85 31 191 501 L
298 209 417 266 31333
435 211 518 284 xxr,
537 213 636 268 3333.
657 211 810 283 [acam]
1033 205 1075 270 27

137 367 340 476 3333333133
356 368 504 477 rupibus,
527 392 642 455 pecora
658 371 777 435 iument
778 382 895 455 aquet
882 372 999 438 torrida
1021 373 1077 440 131-

85 475 167 551 guo,
182 459 302 528 homines
324 462 442 528 intonsi
460 472 491 527 et
513 464 636 542 inculti,
664 465 811 530 animalia
833 465 1075 554 inanimaliaque

85 552 297 671 1133333333
312 557 402 644 gelu,
422 566 525 623 cetera
542 559 614 624 visu
631 582 736 669 quam·
741 560 827 625 dictu
840 559 996 639 foediora,
1014 573 1076 628 333-

85 626 167 725 ’1333
183 661 367 718 renovarunt.
413 652 640 740 erigentibus
630 677 664 718 rn
689 655 808 740 primos
835 678 950 742 agmen
976 657 1109 728 clivoss

85 720 289 1208 ἕνα
268 747 457 813 inminentes
476 747 613 814 tumulos
631 748 769 814 insident
756 759 803 816 333
827 752 982 829 3333331,
1009 753 1073 838 qui,

119 837 192 906 ullos
207 840 388 907 occultiores
402 840 607 920 insedissent,
627 843 725 909 333331
739 844 780 908 ad
791 866 932 932 pugnam
946 855 1074 933 repente

151 941 205 1000 333
227 934 339 1022 fugam
365 945 566 1022 stragemque
593 936 763 1003 dedissent.
807 938 971 1005 Hannibal
1001 962 1076 1005 con·
1094 959 1108 1006 a

175 1053 263 1117 signa
278 1030 387 1109 iussit;
412 1027 577 1116 Gallisque
594 1032 635 1097 ad
653 1032 785 1097 visenda
801 1033 871 1098 loca
892 1035 1074 1120 praemissis

144 1146 210 1190 333
235 1125 377 1210 conperit
401 1125 568 1190 transitum
595 1148 633 1192 ea
658 1148 722 1191 non
748 1149 833 1204 esse,
866 1137 970 1192 castra
994 1128 1076 1193 inter

85 1216 229 1307 ubagosa
250 1219 357 1284 omnia
373 1231 604 1305 praeruptaque
622 1241 718 1304 quam
736 1243 777 1285 ex
777 1221 953 1286 3333133133
970 1231 1075 1306 potest

85 1302 235 1381 1313333.
276 1323 345 1377 tum
366 1335 423 1398 per
445 1313 574 1379 eosdem
592 1311 717 1394 Gallos,
742 1313 828 1379 haud
846 1337 921 1381 sane
939 1315 1074 1380 multum
1095 1334 1126 1382 ιο

85 1398 148 1517 lgna
163 1407 368 1492 moribusque
385 1406 596 1487 abhorrentis,
615 1429 687 1473 cum
702 1430 736 1474 se
749 1408 985 1475 inmiscuissent
1000 1431 1075 1474 con·

85 1501 152 1584 33113
177 1511 414 1610 montanorum,
448 1502 592 1580 edoctus,
625 1502 761 1568 interdiu
788 1511 910 1568 tantum
936 1503 1075 1570 obsideri

85 1588 166 1675 1333,
194 1605 289 1661 nocte
311 1594 345 1659 in
367 1619 425 1662 sua
451 1617 607 1681 quemque
633 1596 730 1662 dilabi
756 1606 852 1676 tecta,
878 1599 950 1663 luce
972 1598 1074 1684 prima

85 1686 134 1756 biit
155 1691 311 1769 tumulos,
339 1701 374 1756 ut
396 1712 437 1756 ex
459 1701 567 1778 aperto
591 1701 684 1775 atque
706 1692 841 1757 interdiu
863 1693 928 1756 313
945 1714 1002 1778 per
1020 1714 1075 1758 an-

85 1786 158 1853 stias
175 1785 333 1851 facturus.
373 1785 424 1851 die
442 1785 556 1851 deinde
575 1786 753 1852 simulando
771 1786 857 1852 aliud
874 1809 971 1871 quam
988 1786 1074 1871 quod
1094 1807 1124 1854 11

85 1879 207 1947 usbaurr
230 1888 431 1964 consumpto,
460 1902 532 1945 oum
555 1882 667 1946 eodem
690 1902 752 1965 quo
776 1882 979 1948 constiterant
1003 1881 1074 1946 loco

85 1984 138 2040 3333
156 1973 421 2052 communissent,
440 1973 496 2040 ubi
512 1975 649 2063 primum
665 1975 824 2062 digressos
841 1976 970 2041 tumulis
984 1997 1073 2040 mon·
1094 1996 1124 2044 12

85 2092 126 2134 ros
141 2069 330 2152 laxatasque
350 2069 448 2133 sensit
466 2069 640 2146 custodias,
667 2069 809 2159 pluribus
832 2070 958 2158 ignibus
977 2092 1073 2155 quam

85 2184 242 2229 >numero
261 2164 455 2228 manentium
472 2164 506 2227 13
524 2165 662 2249 speciem
681 2164 774 2230 factis
788 2165 1073 2250 inpedimentisque

85 2280 116 2322 m
131 2259 232 2342 equite
250 2256 366 2323 relictis
390 2266 421 2321 et
444 2280 593 2323 maxuma
615 2268 704 2345 parte
727 2258 881 2344 peditum,
908 2259 977 2344 ipse
1001 2280 1072 2322 cum
1091 2273 1122 2320 13

85 2351 205 2443 peditis,
231 2351 382 2416 acerrimo
405 2373 530 2435 quoque
548 2352 629 2430 3133,
653 2351 767 2436 raptim
786 2351 948 2437 angustias
968 2350 1073 2416 evadit

85 2466 138 2531 que
154 2446 234 2531 ipsis
254 2445 397 2523 tumulis,
417 2467 495 2530 quos
514 2445 622 2512 hostes
641 2452 818 2522 tenuerant,
838 2444 989 2508 consedit.

97 2539 276 2606 XXXIII.
321 2538 428 2604 Prima
451 2540 564 2605 deinde
587 2541 657 2605 luce
680 2548 782 2605 castra
804 2547 890 2603 mota
908 2545 939 2603 et
958 2558 1073 2623 agmen
1093 2563 1106 2610 1

85 2634 166 2701 1333
178 2633 327 2699 incedere
341 2634 451 2718 coepit.
479 2634 544 2699 iam
556 2634 698 2699 montani
712 2633 804 2720 signo
819 2633 892 2698 dato
907 2654 947 2697 ex
961 2629 1073 2700 castel·
1091 2649 1106 2696 2

90 2729 134 2796 ad
153 2728 322 2795 stationem
340 2727 464 2793 solitam
482 2728 724 2808 conveniebant,
752 2749 825 2793 oum
846 2737 975 2813 repente
999 2747 1073 2791 oon-

85 2820 175 2890 31333
196 2823 275 2889 31133
298 2843 369 2887 3333
391 2832 544 2908 occupata
567 2845 625 2888 sua
648 2845 742 2908 super
764 2831 858 2908 caput
881 2821 1072 2898 inminentis,

85 2941 114 2986 rs
131 2919 186 2984 313
204 2917 337 2984 33333133
354 2916 463 2982 hostis.
501 2926 634 3003 utraque
652 2918 746 2982 simul
765 2917 889 2983 obiecta
905 2939 956 2983 res
975 2916 1073 2982 oculis
1092 2936 1107 2982 3

85 3014 214 3098 misque
230 3011 396 3078 inmobiles
414 3034 584 3099 parumper
602 3035 656 3078 eos
674 3012 783 3077 defixit
789 3038 798 3091 ;
817 3013 946 3089 deinde,
964 3021 1000 3075 ut
1013 3022 1074 3075 tre-

85 3109 231 3176 lationem
260 3107 295 3171 13
326 3107 480 3193 angustiis
507 3128 629 3191 suoque
654 3107 759 3192 ipsum
785 3106 923 3171 tumultu
949 3105 1074 3168 misceri

85 3226 153 3270 333
174 3202 297 3280 videre,
325 3202 413 3286 equis
436 3202 572 3267 maxime
595 3202 815 3279 consternatis,
843 3198 996 3284 quidquid
1019 3197 1108 3262 333

85 3299 185 3366 issent
203 3296 266 3383 ipsi
284 3297 410 3362 terroris
430 3297 506 3362 33313
524 3296 565 3362 ad
583 3295 753 3382 perniciem
770 3294 838 3360 1333
856 3292 929 3371 rati,
953 3312 1010 3377 per
1027 3290 1075 3354 di-

85 3417 129 3460 33
145 3391 281 3478 rupibus
299 3391 387 3456 iuxta
403 3390 490 3457 13313
507 3413 544 3457 33
559 3391 651 3456 (13313
666 3389 790 3456 adsueti
803 3389 979 3454 decurrunt.
1007 3396 1074 3451 tum
1093 3407 1108 3453 3

85 3487 226 3554 ·331331
244 3485 284 3552 31)
302 3485 454 3562 hostibus,
465 3486 558 3552 31331
576 3485 643 3553 31)’
633 3485 766 3569 miquita
747 3483 955 3550 3331333333
972 3480 1074 3545 Poeni

85 3580 312 3670 pugnabantur,
331 3581 528 3666 plusque'mt
530 3603 563 3646 33
580 3581 682 3667 ipsos,
702 3578 763 3645 sibi
778 3598 901 3664 quoque
916 3575 1070 3650 tendente,

86 3675 231 3764 periculo
249 3674 337 3761 prius
356 3676 511 3755 eraderet,
489 3685 626 3761 tquam
641 3697 713 3741 cum
731 3673 874 3739 hostibus
894 3668 1070 3736 certaminis

85 3781 111 3836 t.
150 3770 224 3854 equi
242 3769 380 3836 maxime
397 3724 547 3836 infestdm
566 3792 681 3857 agmen
698 3766 869 3845 faciebant,
889 3765 943 3851 qui
961 3773 991 3829 et
1009 3762 1105 3833 cla-o

85 3864 179 3932 ribus
193 3863 341 3944 dissonis,
360 3888 440 3951 quos
455 3889 583 3932 nemora
597 3865 691 3930 33333
699 3882 965 3948 repercussaeque
974 3857 1072 3925 valles

85 3959 212 4049 rebant,
230 3960 329 4028 territi
344 3960 542 4048 trepidabant
556 3971 588 4026 et
600 3960 644 4026 iot
643 3982 655 4023 1
631 3957 748 4024 313333
762 3966 816 4022 333
828 3955 957 4022 vulnera
959 3954 1073 4020 tiadeo

1083 4172 1191 4256 f
