2528 4514
337 255 454 309 arasa
471 255 612 324 xxvnr,
631 254 673 309 45.
693 259 730 324 [a.
742 254 770 310 e.
781 256 845 325 roa]
1037 247 1100 313 437

83 411 225 490 ostulo,'
246 411 348 496 inquit
362 417 411 476 ‘ut
425 411 610 477 sententiam
624 411 701 476 mibi
713 412 785 477 ideo
797 435 859 478 non
872 414 996 494 dicenti,
1006 418 1101 500 quod,
1141 460 1146 465 -

83 506 123 571 isi
143 505 182 569 in
201 527 306 570 meam
324 505 509 570 sententiam
522 504 714 584 discedatur,
733 529 797 570 non
811 507 852 573 sit
864 519 965 574 ratum
979 509 1102 576 habitu-

83 622 117 664 rs
136 599 271 677 consul,
290 598 406 664 auxilio
424 598 511 665 sitia’
545 598 617 664 inde
636 599 795 666 altercatio
807 611 889 678 orta,
907 624 979 669 eum
993 605 1101 669 consul
1120 626 1135 674 o

83 702 203 780 egaret
221 713 355 777 aequum
374 714 444 757 esse
463 691 602 758 tribunos
620 693 825 772 intercedere,
844 717 907 778 quo
924 696 1029 762 minus
1044 721 1101 764 suo

83 788 207 870 uisque
230 785 299 851 loco
321 795 450 872 rogatus
474 786 659 851 sententiam
680 787 805 851 diceret.
851 788 966 854 tribuni
987 792 1031 855 ita
1048 792 1102 856 de·

83 890 251 947 reverunt:
271 880 313 948 ‘si
330 879 440 946 consul
458 880 579 944 senatui
597 880 636 945 de
653 881 822 966 provinciis
839 883 1003 967 permittit,
1027 887 1101 950 stari
1121 908 1135 953 r

83 997 115 1052 o,
136 973 229 1058 quod
248 982 374 1039 senatus
393 973 548 1038 censuerit
565 973 644 1051 fieri,
668 974 771 1060 placet
787 996 846 1039 nec
863 976 903 1040 de
921 998 958 1041 ea
975 977 1101 1043 referri
1141 1021 1145 1025 -

82 1069 102 1132 d
122 1067 283 1154 populum
300 1068 454 1153 patiemur
458 1091 468 1145 ;
487 1067 515 1131 si
531 1088 594 1132 non
610 1069 774 1153 permittit,
796 1069 908 1152 quide
926 1091 963 1134 ea
979 1092 1013 1134 re
1032 1093 1102 1135 sen-

82 1162 201 1228 mtiam
219 1160 376 1226 recusabit
393 1162 496 1226 dicere
513 1161 630 1227 auxilio
648 1161 783 1227 erimus?
825 1162 934 1227 consul
955 1163 1038 1228 diem
1060 1164 1100 1229 ad
1118 1187 1134 1232 a

82 1255 324 1339 onloquendum
342 1276 414 1319 eum
431 1255 563 1341 conlega
579 1256 666 1340 petit.
701 1266 828 1342 postero
845 1256 896 1320 die
912 1257 1100 1341 permissum

82 1350 195 1416 enatui
214 1358 269 1414 est.
314 1349 492 1433 provinciae
509 1349 553 1414 ita
568 1350 728 1415 'decretaer
746 1351 834 1415 alteri
853 1351 973 1415 consuli
992 1349 1101 1416 Sicilia

82 1453 97 1508 t
124 1442 257 1531 triginta
282 1451 433 1509 rostratae
460 1465 570 1520 naves,
597 1465 676 1528 quas
700 1441 738 1508 O.
763 1440 916 1509 Servilius
943 1445 1100 1531 superiore
1197 1504 1201 1513 .

82 1558 153 1603 nno
171 1535 350 1614 habuisset,
367 1537 631 1622 permissumque,
652 1539 738 1602 utin
755 1535 913 1615 Africam,
937 1537 964 1602 si
980 1538 1014 1602 id
1031 1561 1100 1604 e-re

82 1630 200 1697 ›ubfica
224 1652 295 1695 esse
318 1641 470 1709 censeret,
498 1631 654 1710 traiceret3
682 1630 770 1695 alteri
791 1631 907 1697 Bruttii
929 1640 960 1696 et
982 1631 1097 1697 bellum
1118 1653 1132 1700 9

82 1748 144 1791 :um
160 1723 344 1789 Hannibale
362 1746 432 1790 cum
451 1746 489 1790 eo
506 1726 659 1802 exercitu,
686 1746 779 1808 quem
799 1723 859 1811 [L.
877 1724 1028 1791 Veturius
1046 1737 1100 1791 aut

81 1818 111 1903 Q.
124 1816 311 1904 Caecilius].
337 1818 379 1883 L.
389 1819 539 1885 Veturius
553 1829 584 1883 et
594 1817 634 1901 Q.
646 1817 803 1884 Caecilius
822 1820 1004 1885 sortirentur
1019 1821 1101 1885 inter

81 1935 107 1979 re
133 1921 406 1998 compararentve,
442 1922 512 1978 uter
536 1913 570 1977 in
595 1913 727 1978 Bruttiis
757 1912 881 1980 duabus
910 1912 1098 2000 legionibus,

81 2029 154 2092 quas
170 2007 280 2074 consul
297 2007 488 2092 reliquisset,
507 2028 572 2072 rem
591 2017 726 2095 gereret,
748 2008 977 2093 imperiumque
995 2010 1027 2073 in
1044 2033 1099 2074 an-

81 2123 148 2166 rum
168 2112 388 2188 prorogaretur
409 2101 460 2166 cui
482 2123 520 2166 ea
540 2102 702 2187 provincia
724 2103 888 2168 evenisset.
934 2114 965 2167 et
987 2104 1097 2171 ceteris
1118 2124 1149 2172 10

81 2204 195 2281 ¹>taeter
212 2195 356 2260 consules
373 2205 609 2281 praetoresque,
636 2196 691 2278 qui
708 2195 894 2260 exercitibus
917 2197 1099 2280 provinciis-

81 2310 133 2374 pre
149 2289 324 2374 praefuturi
340 2299 441 2366 erant,
459 2299 627 2376 prorogata
643 2290 782 2375 imperia.
815 2286 856 2370 Q.
867 2287 1006 2353 Caecilio
1024 2290 1099 2353 sorti
1119 2313 1149 2358 11

81 2383 190 2460 evenit,
217 2393 252 2446 ut
272 2405 345 2447 cum
367 2382 494 2448 consule
516 2383 549 2446 in
571 2384 691 2447 Bruttis
714 2383 864 2447 adversus
886 2380 1098 2447 Hannibalem

81 2476 190 2543 >cllum
207 2487 338 2563 gereret.

134 2571 224 2636 Ludi
253 2571 367 2636 deinde
396 2567 553 2656 Scipionis
583 2592 699 2656 magna
728 2569 902 2652 frequentia
932 2578 964 2632 et
989 2569 1097 2632 favore
1118 2591 1148 2638 12

80 2665 280 2751 spectantium
298 2663 454 2729 celebrati.
480 2663 577 2750 legati
587 2663 731 2748 Delphos
745 2663 787 2727 ad
799 2663 916 2726 donum
930 2684 970 2726 ex
982 2662 1099 2748 praeda

80 2756 282 2824 Hasdrubalis
308 2757 496 2843 portandum
521 2759 611 2823 missi
636 2757 683 2822 M.
702 2756 897 2842 Pomponius
923 2755 1035 2821 Matho
1062 2778 1099 2822 ac

80 2850 112 2936 Q.
132 2850 255 2918 Catius.
295 2852 432 2917 tulerunt
449 2873 596 2917 coronam
614 2874 741 2917 auream
757 2853 928 2917 ducentum
945 2852 1051 2937 pondo
1069 2859 1100 2916 et

80 2946 239 3012 simulacra
257 2946 427 3031 spoliorum
445 2969 486 3011 cx
502 2947 586 3010 mille
603 2947 709 3032 pondo
727 2946 847 3033 argenti
864 2946 958 3011 facta.

137 3039 246 3126 Scipio
264 3063 336 3105 eum
354 3052 388 3105 ut
405 3041 553 3106 dilectum
570 3040 699 3106 haberet
716 3062 817 3124 neque
831 3042 1029 3125 impetrasset
1045 3062 1100 3103 ne·
1119 3061 1150 3107 13

80 3156 133 3221 que
151 3156 344 3221 magnopere
361 3136 553 3213 tetendisset,
571 3144 607 3200 ut
624 3135 814 3200 voluntarios
832 3136 946 3198 ducere
965 3133 1024 3198 sibi
1042 3133 1100 3195 mi-

80 3231 143 3296 ites
157 3230 265 3295 liceret
282 3230 381 3294 tenuit
395 3239 435 3308 et,
454 3231 528 3314 quia
544 3231 695 3316 inpensae
712 3237 881 3314 negaverat
897 3229 943 3292 rei
955 3225 1098 3312 publicae
1118 3247 1150 3294 14

79 3325 211 3390 intutam
238 3324 386 3403 classem,
416 3334 452 3388 ut
477 3346 557 3408 quae
584 3324 624 3389 ab
647 3323 739 3389 sociis
766 3323 913 3386 darentur
935 3322 975 3385 ad
999 3342 1099 3385 novas

79 3417 273 3485 r'abricandas
292 3441 388 3484 naves
406 3419 569 3505 acciperet.
604 3417 752 3482 Etruriae
769 3415 904 3502 primum
918 3413 1025 3500 populi
1042 3434 1099 3498 pro

79 3513 138 3580 suis
174 3513 308 3597 quisque
342 3512 542 3578 facultatibus
573 3511 733 3576 consulem
763 3510 922 3575 adiuturos
956 3506 1098 3592 polliciti:

79 3607 216 3675 Caerites
255 3608 446 3674 frumentum
492 3608 583 3673 sociis
623 3605 786 3682 navalibus
830 3612 1098 3686 commeatumque
1118 3621 1150 3668 15

79 3702 175 3768 >mnis
211 3703 355 3788 generis,
394 3702 644 3790 Populonienses
679 3701 816 3777 ferrum,
856 3696 1099 3780 Tarquinienses

79 3796 168 3862 intea
184 3796 219 3860 in
234 3797 320 3874 vela,
339 3795 536 3861 Volaterrani
547 3795 752 3860 interamenta
769 3793 894 3857 navium
913 3801 944 3854 et
960 3790 1100 3854 frumen-

79 3912 152 3970 um,
180 3889 322 3956 Arretini
343 3891 402 3956 tria
424 3891 510 3956 milia
530 3900 704 3966 scutorum,
730 3888 836 3974 galeas
855 3886 997 3962 totidem,
1024 3885 1149 3970 pilare

78 4007 183 4072 gaesa,
207 3985 314 4050 hastas
332 3985 457 4072 longas,
481 3985 600 4049 milium
619 3983 843 4071 quinquaginta
861 4004 1014 4046 summam
1033 3982 1100 4067 pari
