2528 4514
142 224 206 290 330
362 232 479 288 LIBER
496 232 624 303 XXVII,
642 233 667 286 6.
688 235 728 301 [a.
738 247 766 284 u.
777 246 801 285 c.
811 229 947 300 544545]

141 393 233 463 Iunio
250 388 396 456 Bubulco
422 398 545 455 creatus
572 397 669 466 esset,
696 410 806 454 recens
830 386 872 472 Q
895 388 1005 467 Fabii,
1030 386 1080 473 qui
1099 387 1144 454 sibi

142 485 316 553 continuari
341 483 552 561 consulatum,
578 482 640 548 nisi
661 483 694 547 id
717 482 800 548 bono
822 481 951 570 publico
973 482 1070 560 fieret,
1092 504 1146 568 pro·

107 601 123 649 a
142 580 225 646 fecto
242 600 415 663 numquam
433 576 536 643 sisset.
579 577 618 642 iis
641 576 834 642 emtionibus
857 600 933 643 curn
949 576 1007 645 diu
1023 587 1148 644 cendum

143 683 241 751 esset,
267 682 426 759 postremo
443 671 487 737 ita
503 670 584 736 inter
601 670 785 736 dictatorem
801 693 840 736 ac
857 671 1005 737 tribunos
1021 671 1149 749 conveni,

94 788 125 836 10
144 776 178 833 ut
196 788 233 832 eo
251 766 335 849 quod
353 765 527 831 censuisset
544 775 672 830 senatus
694 774 837 830 staretur.
880 765 1029 851 patribus
1048 766 1080 833 id
1092 775 1150 830 tem·

95 910 98 915 .
142 884 203 946 pus
228 859 274 925 rai
298 858 442 945 publicae
464 858 568 923 visum
590 866 652 937 est,
686 868 721 925 ut
742 881 799 946 per
823 867 948 926 veteres
973 869 1007 927 et
1032 870 1148 947 expertos

144 954 280 1038 bellique
296 953 413 1039 peritos
430 953 633 1037 imperatores
650 975 701 1019 res
720 952 846 1038 publica
867 965 1048 1039 gereretur:
1070 955 1150 1039 itaque

94 1070 124 1117 11
144 1070 264 1112 moram
281 1046 348 1111 fieri
366 1046 498 1111 comitiis
516 1068 581 1110 non
597 1044 730 1133 placere.
775 1047 1025 1114 concedentibus
1045 1044 1151 1113 tribunis

145 1141 270 1206 comitia
295 1138 416 1205 habita:
447 1138 595 1204 declarati
621 1139 767 1205 consules
794 1139 836 1223 Q.
863 1139 988 1206 Fabius
1015 1139 1150 1207 Maximus
1186 1140 1187 1147 '

94 1257 125 1304 12
144 1236 297 1319 quintum,
312 1232 353 1316 Q.
361 1232 495 1299 Fulvius
504 1233 638 1300 Flaccus
649 1243 804 1318 quartum.
826 1245 992 1319 praetores
1001 1232 1149 1301 indecori

143 1329 346 1396 L.Veturius
363 1328 469 1406 Phile,
498 1328 537 1395 Τ.
557 1328 725 1412 Quinctius
749 1326 931 1414 Crispinus,
961 1328 1002 1395 C.
1021 1328 1148 1395 Hostilia

145 1422 303 1501 Tubulus,
323 1420 362 1487 C.
371 1419 616 1489 Aurunculeius.
652 1421 888 1510 magistratibus
906 1423 941 1489 in
960 1447 1077 1490 annum
1088 1444 1148 1489 crea

145 1517 185 1585 tis
204 1516 245 1600 Q.
263 1515 395 1582 Fulvius
414 1516 566 1581 dictatura
586 1538 620 1581 se
638 1514 804 1581 abdicavit.

95 1631 126 1678 13
208 1609 361 1677 Extremo
379 1609 506 1675 aestatis
524 1609 617 1675 huius
636 1610 746 1675 classis
754 1609 878 1675 Punica
894 1611 1026 1675 navium
1043 1608 1146 1695 quadra
1177 1692 1179 1697 Ι

145 1706 232 1792 ginta
250 1727 321 1769 curn
343 1703 500 1789 praefecto
518 1703 698 1769 Hamilcare
720 1703 753 1767 in
772 1701 953 1769 Sardiniam
972 1705 1094 1770 maiecta
1107 1698 1145 1769 Ol·

95 1819 128 1865 14
146 1801 286 1866 biensem
312 1799 426 1883 primo,
462 1799 548 1876 dein,
583 1809 751 1884 postquam
775 1799 820 1864 ibi
845 1798 884 1865 P.
911 1799 1053 1867 Manlius
1072 1798 1187 1869 Volso':

144 1902 269 1977 praetor
287 1913 358 1955 cum
376 1892 514 1956 exercitu
526 1893 683 1978 apparuit,
703 1893 891 1959 circumacta
903 1895 979 1961 inde
991 1895 1033 1961 ad
1044 1894 1143 1961 altena

145 1984 266 2050 insulae
282 1982 379 2062 latus,
399 1983 613 2050 Caralitanum
631 2010 742 2072 agrum
759 1988 908 2066 vastavit,
927 1997 961 2054 et
974 2011 1046 2055 cum
1056 1984 1143 2076 praed
1177 1992 1180 1997 “

146 2080 247 2143 omnis
265 2079 389 2166 generis
407 2079 440 2142 in
456 2076 600 2145 Africam
617 2081 706 2145 redit.

96 2193 128 2239 15
212 2168 398 2238 Sacerdotes
417 2171 552 2237 Romani
579 2196 616 2238 eo
643 2196 724 2238 anno
746 2175 860 2239 mortui
886 2175 1007 2261 aliquot
1037 2170 1142 2242 suffecti·

146 2288 221 2351 que:
254 2264 290 2331 C.
320 2263 472 2332 Servilius
499 2267 641 2352 pontifex
667 2267 769 2335 factus
796 2269 962 2339 inlocum
988 2271 1028 2337 T.
1047 2264 1143 2338 Otacili

147 2359 271 2438 Crassi3
302 2358 351 2423 Ti.
372 2357 577 2443 Sempronius
602 2361 651 2425 Ti.
679 2361 702 2425 f.
723 2362 858 2449 Longus
884 2386 988 2450 augur
1013 2358 1143 2431 factus'n

96 2475 127 2523 16
146 2454 250 2520 locum
268 2452 306 2517 T.
329 2450 457 2518 Otacilii
480 2451 602 2532 Crassi3
630 2454 787 2520 decemvir
806 2457 883 2522 item
906 2458 1005 2523 sacris
1023 2451 1143 2523 facienti

145 2548 178 2612 in
199 2546 303 2613 locum
325 2546 375 2612 Ti.
396 2544 563 2633 Semproni
587 2546 624 2613 C.
648 2547 669 2613 f.
692 2549 800 2636 Longi
822 2549 871 2617 Ti.
893 2546 1095 2637 Sempronius
1111 2544 1157 2643 ll.¹

145 2641 168 2707 f.
186 2642 321 2727 Longus
341 2641 502 2707 suffectus.
546 2640 594 2707 M.
613 2641 753 2708 Marcius
775 2665 832 2708 rex
853 2667 1017 2710 sacrorum
1034 2652 1144 2711 morus

146 2744 194 2799 est
212 2744 242 2799 et
250 2734 297 2799 M.
307 2733 462 2801 Aemilius
476 2734 585 2821 Papus
603 2737 758 2803 maximus
776 2738 876 2817 curio,
895 2761 1000 2824 neque
1017 2739 1052 2805 in
1067 2754 1146 2805 corut!

145 2827 250 2891 locum
269 2827 445 2894 sacerdotes
464 2851 501 2894 eo
520 2851 601 2896 anno
620 2829 753 2895 suffecti.

96 2943 127 2988 17
209 2919 255 2986 Et
277 2943 420 2988 censores
443 2923 494 2988 hic
516 2946 615 2989 annus
637 2923 747 2989 habuit
763 2925 805 2989 L.
824 2922 994 2991 Veturium
1011 2924 1147 2992 Philone

147 3024 178 3079 et
195 3014 233 3082 P.
252 3015 412 3081 Licinium
432 3016 598 3097 Crassum,
618 3018 789 3083 maximum
807 3018 1002 3104 pontificem.
1040 3019 1147 3088 Crass!

146 3109 290 3175 Licinius
309 3133 367 3175 nec
386 3111 495 3177 consul
517 3135 575 3178 uec
593 3121 716 3198 praetor
738 3123 809 3178 ante
831 3111 935 3178 fuerat
954 3137 1051 3200 quam
1067 3128 1149 3181 cens&

96 3222 127 3271 18
146 3213 194 3269 est
211 3203 327 3282 factus3
355 3227 394 3269 ex
412 3205 567 3271 aedilitate
589 3207 722 3293 gradum
744 3208 785 3272 ad
803 3229 970 3273 censuram
992 3208 1077 3276 fecit.
1112 3198 1151 3273 nl

146 3298 179 3361 hi
197 3320 340 3364 censores
359 3321 460 3383 neque
479 3311 622 3365 senatum
639 3301 783 3387 legerunt
803 3324 905 3386 neque
927 3303 1095 3388 quicquam
1111 3319 1151 3387 pt·

145 3390 246 3456 blicae
263 3393 308 3457 rei
325 3402 470 3478 egerunt:
497 3416 581 3459 mors
600 3395 723 3459 diremit
740 3396 781 3460 L.
799 3394 925 3473 Veturi,
950 3397 1026 3462 inde
1044 3407 1074 3464 et
1088 3389 1152 3461 Lici-

95 3505 127 3553 19
146 3484 217 3549 nius
236 3507 367 3551 censura
385 3509 419 3552 se
438 3487 603 3553 abdicavit.
643 3488 759 3554 aediles
778 3488 901 3555 curules
918 3489 963 3557 L.
977 3490 1152 3558 Veturius&

145 3578 184 3646 P.
202 3578 345 3647 Licinius
363 3580 468 3649 Varus
491 3582 582 3650 ludos
605 3584 766 3651 Romanos
792 3585 875 3650 diem
898 3609 998 3653 unum
1024 3587 1153 3653 instaur

145 3683 226 3739 runt.
271 3674 386 3741 aediles
408 3676 512 3762 plebei
531 3674 571 3760 Q.
592 3676 702 3743 Catius
721 3689 752 3745 et
768 3680 810 3743 L.
829 3677 963 3747 Porcius
980 3680 1110 3748 Licinus
1126 3694 1153 3741 a

145 3766 315 3834 multaticio
342 3778 470 3856 argento
502 3769 592 3858 signa
625 3794 723 3838 aenea
754 3773 794 3837 ad
821 3770 947 3840 Cereris
976 3774 1106 3852 dedere,
1132 3776 1153 3835 tl

145 3859 236 4016 lfudos
270 3884 327 3947 pro
362 3864 510 3950 temporis
545 3865 638 3931 huius
678 3866 769 3954 copia
807 3866 967 3957 magnifici
1005 3874 1153 3957 appareill

161 3964 296 4023 ecerunt.
