2528 4514
339 235 455 290 mssa
472 237 599 305 xxvu,
618 235 660 289 ao.
680 239 718 305 [a.
729 235 833 306 0.an
1037 225 1102 290 349

80 419 99 460 n
126 404 233 460 cetera
259 394 445 477 exequenda
474 392 548 458 belli
578 392 663 457 haud
693 416 806 478 parum
837 394 1012 479 opportuni.
1056 394 1136 463 ibis

81 486 313 564 auferentibus,
332 486 409 571 quid
426 488 459 551 in
477 487 629 569 cuiusque
646 487 825 571 provinciae
842 488 969 574 regione
983 489 1103 554 animo·

81 606 138 648 um
161 582 317 667 Hispanis
344 590 442 658 esset,
468 602 550 644 unus
573 579 757 646 Hasdrubal
780 578 932 668 Gisgonis
960 580 1101 647 ultimam

81 675 246 762 {ispaniae
265 698 365 752 oram,
384 688 465 759 quae
483 675 524 739 ad
541 697 693 740 oceanum
710 686 742 741 et
761 673 861 742 Gadis
880 677 994 762 vergit,
1012 676 1102 763 igna-

81 794 137 836 am
172 769 277 834 adbuc
311 769 526 834 Romanorum
557 791 627 834 esse
659 791 758 853 eoque
787 768 1099 856 Carthaginiensibus
1150 790 1154 800 ·

83 864 146 928 atis
164 863 261 927 fidam
285 862 446 940 censebat3
473 863 554 926 inter
570 861 806 927 Hasdrubalem
828 863 960 927 alterum
982 872 1013 928 et
1029 862 1136 932 Mus-5

81 981 186 1044 genem
205 957 383 1036 constabat,
410 956 570 1024 beneficiis
590 957 749 1044 Scipionis
770 968 940 1042 occupatos
962 960 1102 1025 omnium

81 1053 194 1117 mimos
213 1051 338 1137 publice
355 1051 565 1138 privatimque
588 1074 658 1117 esse
675 1075 734 1117 nec
756 1051 989 1117 transitionibus
1007 1052 1102 1117 finem

81 1145 242 1223 mesore,
265 1168 361 1229 quam
378 1167 487 1211 omnes
504 1144 643 1230 Hispani
661 1145 776 1211 milites
793 1145 897 1210 autin
914 1145 1024 1209 ultima
1041 1145 1103 1209 His

82 1239 200 1325 ipaniae
227 1241 322 1304 amoti
348 1248 402 1304 aut
428 1239 561 1303 traducti
590 1239 624 1302 in
650 1236 787 1304 Galliam
812 1238 924 1304 forent
985 1238 1136 1322 itaquae

82 1334 164 1398 etiam
192 1334 219 1398 si
246 1343 372 1399 senatus
393 1332 701 1420 Carthaginiensium
723 1355 787 1398 non
809 1333 997 1410 censuisset,
1025 1355 1102 1398 eun-

82 1427 146 1492 lnm
163 1438 269 1492 tamen
286 1427 483 1494 Hasdrubali
499 1428 599 1492 fuisse
616 1429 649 1491 in
666 1426 804 1505 Italiam,
831 1426 887 1491 ubi
904 1426 978 1493 belli
995 1437 1099 1511 caput,

82 1543 175 1586 rerum
194 1545 317 1586 summa
335 1532 432 1601 esset,
461 1521 554 1586 simul
577 1531 611 1585 ut
627 1520 790 1606 Hispanos
809 1521 911 1586 omnis
929 1521 1038 1606 procul
1059 1519 1100 1585 ab

82 1617 198 1681 romine
217 1613 374 1701 Scipionis
402 1639 441 1681 ex
462 1615 620 1700 Hispania
646 1615 827 1680 abduceret:
855 1616 1009 1680 exercitus
1032 1615 1133 1681 eiust

82 1731 144 1774 aum
165 1708 409 1789 transitionibus,
423 1719 491 1774 tum
517 1710 650 1774 adverso
675 1709 795 1794 proelio
816 1709 1017 1774 imminutum
1039 1707 1101 1774 Hi·

82 1804 178 1889 panis
201 1802 313 1888 repleri
335 1802 494 1870 militibus.
540 1813 571 1868 et
592 1802 780 1888 Magonem,
807 1802 1002 1869 Hasdrubali
1025 1801 1101 1869 Gis-

82 1897 161 1982 gonis
179 1896 243 1961 filio
262 1896 375 1961 tradito
393 1897 545 1974 exercitu,
568 1897 672 1982 ipsum
691 1919 763 1960 cum
780 1897 893 1984 grandi
909 1897 1043 1982 pacunia
1060 1897 1101 1962 ad

83 1990 273 2055 conducenda
290 1991 433 2055 mercede
451 1989 568 2055 auxilia
584 1990 618 2054 in
635 1990 769 2054 Baliaris
788 1991 927 2056 traicere.
954 1989 1100 2056 Hasdru·
1117 2010 1133 2058 8

83 2083 171 2149 talem
191 2081 343 2169 Gisgonis
362 2107 434 2149 cum
454 2084 592 2149 exercitu
609 2084 734 2169 penitus
752 2085 785 2148 in
796 2084 996 2150 Lusitaniam
1014 2083 1100 2151 abire

82 2199 127 2243 rec
144 2201 217 2244 cum
234 2178 386 2243 Romanis
404 2200 517 2243 manus
536 2200 707 2243 conserere.
747 2177 938 2243 Masinissae
956 2180 1100 2243 exomni

83 2272 217 2359 quitatu,
228 2272 313 2355 quod
326 2271 448 2336 roboris
458 2281 550 2348 esset,
561 2273 620 2337 tria
632 2272 717 2336 milia
731 2271 871 2354 equitum
885 2272 1003 2356 expleri
1012 2293 1100 2336 eum-

83 2387 256 2452 [uevagum
270 2388 326 2450 per
339 2367 511 2431 citeriorem
520 2365 710 2450 Hispaniam
724 2365 817 2430 sociis
828 2387 919 2450 opem
933 2363 1028 2443 ferre,
1042 2364 1100 2430 ho·

84 2461 163 2525 tium
173 2460 288 2546 oppida
297 2471 390 2544 atque
400 2483 493 2548 agros
502 2461 655 2546 populari.
665 2460 715 2525 his
725 2460 857 2524 decretis
866 2459 908 2524 ad
917 2460 1100 2543 exequenda

83 2576 147 2638 [uae
167 2564 339 2618 statuerant
356 2555 500 2639 digressi.
528 2554 606 2619 haec
624 2577 662 2620 eo
680 2576 763 2642 anno
779 2554 813 2619 in
826 2553 984 2639 Hispania
1001 2563 1080 2618 acta.
1117 2575 1132 2621 s

129 2647 253 2713 Romae
272 2649 358 2713 fama
377 2647 535 2734 Scipionis
552 2648 586 2711 in
603 2648 671 2714 dies
689 2670 842 2724 crescere,
860 2647 962 2713 Fabio
979 2646 1100 2712 Taren-

84 2764 135 2806 um
152 2753 279 2827 captum
298 2752 370 2808 astu
387 2743 489 2829 magis
509 2764 604 2825 quam
622 2743 736 2807 virtute
753 2742 873 2829 gloriae
895 2752 1001 2807 tamen
1018 2763 1098 2821 esse,

84 2836 161 2902 lulvi
189 2859 352 2902 senescere
378 2837 477 2914 fama,
504 2836 676 2902 Marcellus
703 2838 797 2903 etiam
820 2837 954 2903 adverso
975 2860 1099 2904 rumore

85 2952 151 3008 sse,
177 2953 271 3016 super
288 2953 383 3014 quam
401 2931 486 3014 quod
502 2930 604 3015 primo
622 2930 703 2994 male
720 2941 931 3017 pugnaverat,
954 2933 1028 3016 quia
1045 2956 1100 2996 va·
1119 2954 1150 3002 10

84 3034 161 3104 ‚ante
185 3048 242 3110 per
259 3025 383 3089 Italiam
404 3023 586 3090 Hannibale
607 3025 712 3089 media
733 3035 853 3090 aestate
871 3025 1045 3090 Venusiam
1066 3027 1100 3089 in

84 3130 150 3184 scta
177 3120 291 3184 milites
318 3120 512 3185 abduxisset.
557 3119 702 3185 inimicus
730 3130 796 3184 erat
823 3121 852 3185 ei
875 3118 913 3184 C.
936 3117 1098 3184 Publicius
1120 3142 1150 3188 11

84 3211 202 3277 tibulus
222 3212 365 3278 tribunus
383 3214 495 3300 plebis.
530 3216 558 3280 is
576 3215 639 3279 iam
657 3238 677 3278 a
693 3215 793 3300 prima
810 3235 927 3298 pugna,
946 3233 1026 3295 quae
1044 3212 1100 3275 ad-

84 3329 160 3373 ·ersa
186 3306 302 3385 fuerat,
334 3308 474 3374 adsiduis
501 3308 697 3376 contionibus
724 3308 874 3373 infamem
900 3307 1099 3389 invisumque

84 3400 172 3466 lebei
200 3399 369 3465 Claudium
400 3402 516 3468 fecerat
547 3414 578 3468 et
603 3404 666 3468 iam
693 3403 732 3467 de
762 3401 892 3487 imperio
918 3400 1099 3487 abrogando

85 3496 135 3560 ius
164 3495 292 3582 agebat,
329 3519 401 3561 cum
427 3509 532 3562 tamen
557 3497 726 3562 necessarii
748 3495 863 3561 Claudi
889 3494 1097 3573 obtinuerunt,
1119 3516 1150 3562 12

85 3590 175 3655 elicto
194 3589 353 3655 Venusiae
372 3592 477 3677 legato
494 3592 665 3657 Marcellus
684 3591 819 3656 Romam
837 3591 950 3655 rediret
968 3590 1008 3654 ad
1025 3611 1099 3675 pur-

85 3685 173 3763 anda
191 3706 242 3761 ea,
270 3706 350 3768 quae
368 3686 486 3751 inimici
504 3687 716 3762 decernerent,
743 3707 802 3750 nec
824 3686 863 3749 de
880 3683 1011 3768 imperio
1029 3683 1097 3747 eius

85 3777 252 3864 brogando
269 3778 398 3844 absente
416 3781 485 3865 ipso
503 3792 656 3868 ageretur.
696 3779 776 3844 forte
795 3779 854 3844 sub
871 3778 956 3843 idem
974 3787 1096 3861 tempus
1117 3798 1150 3846 13

85 3873 288 3939 tMarcellus
311 3876 352 3939 ad
374 3876 602 3960 deprecandam
627 3874 831 3960 ignominiam
853 3883 883 3938 et
906 3872 947 3956 Q.
965 3873 1099 3940 Fulvius

85 3967 178 4032 onsul
196 3968 392 4035 comitiorum
411 3992 507 4035 causa
523 3971 659 4036 Romam
676 3969 770 4034 venit.
