2528 4514
144 241 228 337 402⁴
357 248 475 305 LIBER
493 247 635 318 XXVIII,
654 248 695 302 16.
706 247 747 302 17.
766 248 845 319 [au.
858 244 957 310 abab]

112 433 127 482 8
147 422 230 475 sunt.
266 408 324 474 sed
341 407 464 473 obsidio
481 405 515 470 in
532 406 603 471 loco
620 406 706 471 nudo
721 415 817 490 atque
833 405 925 493 inopi
942 406 998 472 vix
1013 407 1048 473 in
1058 432 1155 495 paucos

146 504 215 569 dies
228 501 399 569 tolerabilis
413 511 494 579 erat,
511 501 618 584 itaque
636 500 840 566 transitiones
855 501 897 565 ad
911 501 1039 568 hostem
1050 504 1156 571 fiebant.

144 608 306 684 postremo
336 596 403 660 dux
432 595 502 681 ipse
532 595 668 660 navibus
699 594 808 660 accitis
828 632 857 643 -
876 617 940 661 nec
969 598 1080 683 proed
1099 599 1155 666 inda

146 693 255 756 aberat
288 712 376 755 mare
396 724 424 741 νο
444 699 538 755 nocte
571 689 682 754 relicto
717 689 858 754 exercitu
889 688 995 757 Gadis
1030 693 1179 780 perfugit¹

112 810 126 857 o
147 783 255 871 Scipio
282 785 361 870 fuga
386 783 476 849 ducis
501 784 641 849 hostium
663 783 772 849 audita
793 785 906 851 decem
928 784 1179 893 miliapeditunj

144 879 231 945 mille
253 880 375 963 equites
397 879 546 962 relinquit
568 876 679 944 Silano
702 877 743 944 ad
765 890 944 944 castrorum
965 881 1179 961 obsidionem¹

96 996 128 1043 10
145 976 215 1062 ipse
242 998 315 1042 cum
342 975 454 1041 ceteris
482 975 581 1061 copiis
609 975 876 1061 septuagensimis
899 977 1016 1042 castris
1036 978 1154 1064 protinus

146 1071 249 1136 causis
267 1071 448 1158 regulorum
467 1070 702 1154 civitatiumque
719 1071 967 1157 cognoscendis,
987 1084 1024 1138 ut
1040 1072 1155 1159 praeuia

146 1166 187 1231 ad
204 1188 313 1231 veram
330 1165 513 1230 meritorum
528 1163 779 1230 aestimationem
791 1164 887 1229 tribui
901 1177 1047 1252 possent,
1063 1167 1155 1232 Tarra·

96 1279 126 1325 11
147 1282 258 1325 conem
288 1259 390 1324 rediit.
441 1269 516 1345 post
545 1257 774 1344 profectionem
803 1259 871 1324 eius
897 1258 1076 1327 Masinissa
1100 1274 1179 1343 cm}

147 1352 257 1420 Silano
275 1354 357 1417 clam
375 1374 581 1438 congressus,
598 1363 635 1417 ut
652 1353 694 1417 ad
710 1375 795 1418 nova
811 1353 946 1419 consilia
957 1366 1085 1442 gentem
1095 1377 1154 1439 quo
1173 1390 1179 1437 t

146 1470 207 1533 que
226 1470 317 1514 suam
335 1447 554 1512 oboedientem
572 1446 717 1526 haberet,
744 1469 817 1512 cnm
837 1448 950 1534 paucis
973 1450 1153 1536 popularibus
1174 1452 1179 1523 l

96 1558 128 1605 12
146 1542 180 1607 in
196 1541 343 1607 Africam
360 1541 495 1620 traiecit,
514 1563 579 1606 non
595 1553 661 1606 tam
680 1542 818 1607 evidenti
836 1564 874 1608 eo
893 1553 1039 1631 tempore
1055 1543 1152 1609 subitas

146 1636 330 1702 mutationis
348 1658 459 1714 causa,
486 1657 582 1719 quam
604 1635 794 1702 documento
815 1647 891 1723 post
907 1637 942 1702 id
961 1650 1083 1725 tempus
1097 1660 1152 1703 cca

147 1731 343 1797 stantissima
369 1730 410 1795 ad
435 1730 579 1795 ultimam
600 1741 761 1797 senectam
782 1732 859 1809 fide,
895 1756 936 1798 ne
959 1745 1030 1799 tum
1049 1732 1147 1818 quidm

97 1842 128 1889 13
147 1850 220 1891 eum
238 1827 306 1891 sine
322 1824 478 1912 probabili
496 1847 593 1891 causa
610 1827 735 1892 fecisse.
761 1826 864 1914 Mago
881 1828 958 1893 inde
976 1824 1144 1894 remissisrl
1175 1876 1178 1881 -

144 1921 350 1987 Hasdrubale
371 1921 505 1986 navibus
525 1919 625 1988 Gadis
647 1922 740 2008 petit;
767 1924 864 1988 ceteri
886 1924 1007 1991 deserti
1027 1925 1066 1990 ab
1083 1920 1142 1988 dui·

145 2006 220 2085 bus,
246 2029 321 2093 pars
340 2007 539 2086 transitione,
565 2007 644 2094 fuga
666 2007 901 2096 dissupatiper
917 2011 1077 2096 proximas
1091 2005 1140 2073 ciri

145 2112 226 2166 tates
254 2111 346 2181 sunt,
380 2101 468 2166 nulla
498 2125 629 2168 numero
656 2114 711 2167 aut
735 2103 856 2170 viribus
888 2128 1004 2172 manus
1030 2101 1138 2190 insignit·

94 2212 126 2258 14
146 2197 206 2261 hoc
236 2197 373 2261 maxime
403 2197 498 2262 modo
531 2198 627 2261 ductu
658 2209 751 2282 atque
778 2199 920 2286 auspicio
946 2200 989 2268 P.
1017 2192 1138 2287 Scipioni

143 2291 227 2377 pulsi
240 2291 400 2377 Hispania
413 2289 694 2378 Carthaginienses
713 2303 801 2370 sunt,
820 2305 933 2377 quarto
952 2295 1071 2361 decimo
1085 2310 1138 2359 auu

142 2397 217 2473 post
237 2386 357 2451 bellum
379 2386 505 2464 initum,
533 2387 642 2470 quinto
665 2409 760 2470 quam
780 2388 820 2452 P.
844 2385 955 2474 Scipio
981 2386 1139 2477 provintia!
1167 2452 1173 2461 ,

93 2498 124 2545 15
144 2492 176 2546 et
194 2481 366 2545 exercitum
385 2481 514 2566 accepit.
560 2481 646 2545 haud
661 2482 760 2547 multo
779 2493 853 2568 post
872 2482 1019 2564 Silanus,
1037 2479 1138 2551 debell·
1168 2502 1175 2511 ·

145 2586 211 2638 tum
228 2576 384 2653 referens,
403 2575 618 2640 Tarraconem
636 2575 677 2639 ad
695 2574 878 2662 Scipionem
894 2579 1001 2645 rediit.

111 2691 123 2735 1
207 2668 322 2735 XVH.
356 2669 399 2733 L.
419 2665 527 2755 Scipio
546 2691 619 2733 cum
636 2669 742 2734 multis
760 2670 919 2737 nobilibus
939 2673 1071 2760 captivis
1088 2690 1139 2737 nur

109 2763 205 2829 atius
236 2772 382 2848 receptae
407 2763 585 2849 Hispaniae
614 2764 752 2829 Romam
781 2777 830 2830 est
861 2767 993 2833 missus.
1045 2779 1074 2833 et
1094 2782 1139 2831 cu!
1168 2766 1179 2780 “

144 2856 239 2920 ceteri
264 2856 383 2921 laetitia
409 2857 573 2943 gloriaque
598 2859 719 2944 ingenti
742 2882 813 2924 eam
833 2883 903 2925 rem
924 2863 1024 2949 vulgo
1045 2863 1140 2931 ferrea,

142 2972 239 3027 unus,
267 2949 321 3034 qui
338 2962 495 3037 gesserat,
522 2952 721 3038 inexplebilis
741 2953 864 3018 virtutis
883 2977 1043 3041 veraeque
1058 2950 1139 3023 lauth
1170 2948 1173 2955 ⁴

142 3067 274 3130 parvum
300 3045 400 3110 instar
426 3069 548 3122 eorum,
585 3068 666 3129 quae
693 3070 750 3133 spe
776 3069 814 3112 ac
835 3050 1056 3136 magnitudine
1074 3038 1140 3113 mid
1173 3122 1179 3129 ,

109 3139 353 3225 aconcepisset,
379 3150 523 3226 receptas
545 3140 720 3226 Hispanias
747 3142 893 3208 ducebat.
939 3145 1005 3209 iam
1029 3142 1139 3209 Arria·
1173 3170 1179 3225 ς

141 3257 353 3320 magnamque
381 3232 610 3321 Carthaginem
636 3245 668 3300 et
693 3236 726 3300 in
753 3258 846 3300 suum
873 3237 974 3303 decus
996 3250 1139 3318 nomenqut
1172 3246 1179 3255 '

107 3349 123 3394 4
141 3327 228 3393 velut
245 3339 493 3393 consummatam
512 3329 580 3393 eius
598 3329 674 3394 belli
695 3330 829 3416 gloriam
847 3333 1025 3416 spectabat.
1064 3331 1139 3411 iaqu
1171 3344 1179 3407 ζ

140 3422 408 3508 praemoliendam
425 3423 485 3488 sibi
502 3434 589 3488 ratus
607 3424 671 3489 iam
687 3447 756 3489 rem
769 3425 1047 3512 conciliandosque
1059 3438 1140 3510 regu!
1173 3436 1179 3445 “

140 3517 345 3602 gentiumque
372 3518 511 3595 animos,
549 3516 731 3604 Syphacem
761 3520 899 3605 primum
925 3544 1036 3608 regem
1060 3508 1140 3585 sard
1174 3532 1179 3541 ·

107 3621 304 3698 atemptare.
347 3611 616 3677 Masaesuliorum
637 3613 665 3679 is
687 3636 744 3678 rex
766 3624 847 3679 erat:
874 3614 1065 3692 Masaesuli,
1085 3624 1139 3698 gu!
1173 3626 1179 3637 “

140 3706 252 3770 adfinis
270 3706 409 3784 Mauris,
437 3707 470 3771 in
490 3706 654 3792 regionem
671 3707 850 3794 Hispaniae
872 3709 1012 3775 maxime
1029 3730 1088 3793 qua
1100 3702 1138 3769 ab

107 3820 121 3866 s
139 3797 391 3887 novaCarthago
405 3813 454 3866 est
469 3812 622 3888 spectant.
645 3802 759 3867 foedus
769 3826 808 3868 ea
817 3813 1006 3890 tempestate
1018 3801 1138 3889 regium

107 3915 120 3960 r
141 3890 457 3980 Carthaginiensibus
472 3907 552 3974 erat3
572 3896 658 3980 quod
675 3897 761 3961 haud
774 3898 903 3985 gravius
918 3898 949 3963 ei
966 3896 1138 3974 smctimqu
1177 3910 1179 3917 '

140 4008 234 4070 quam
261 3991 357 4076 vulgo
382 3991 540 4070 barbaris,
573 3992 687 4076 quibus
715 4015 756 4057 ex
781 3994 909 4060 fortuna
932 3992 1050 4081 pendet
1070 3986 1137 4057 fida
