2528 4514
332 262 450 317 umus
467 262 611 333 xxvm,
630 263 694 318 aa
714 261 866 333 [sceau]
1052 252 1119 320 385

95 421 280 507 effugerunt3
299 421 428 497 Hanno,
448 420 527 486 alter
538 421 719 507 imperator,
738 443 812 486 cum
825 421 882 500 eis,
900 421 955 506 qui
962 423 1117 510 postremi

96 539 147 582 am
163 517 333 604 profligato
350 516 471 602 proelio
489 517 696 595 advenerant,
715 517 808 582 vivus
827 516 958 605 capitur.
997 517 1165 606 Mago-12

95 633 158 677 rem
183 611 361 698 fugientem
382 611 540 694 equitatus
562 612 662 677 ferme
685 612 787 678 omnis
811 622 844 677 et
865 612 951 695 quod
973 624 1116 680 veterum

95 706 226 791 reditum
244 717 314 771 erat
330 705 431 770 secuti
448 705 571 771 decimo
590 706 641 771 die
658 705 691 770 in
710 704 904 771 Gaditanam
920 707 1116 794 provinciam

95 800 128 865 td
141 800 380 866 Hasdrubalem
398 811 624 886 pervenerunt,
644 799 811 879 Celtiberi,
833 824 936 868 novus
954 802 1060 881 miles,
1081 801 1115 867 in

95 896 244 979 ponimus
263 895 378 983 dilapsi
396 895 493 960 silvas
511 895 585 961 inde
603 896 715 962 domos
733 896 938 983 diffugerunt.

147 992 390 1076 Peropportune
416 989 548 1054 victoria
573 1011 773 1074 nequaquam
800 1000 923 1054 tantum
949 990 1013 1055 iam
1039 1013 1165 1062 con-13

95 1080 192 1149 llrtum
209 1084 344 1163 bellum,
369 1096 487 1168 quanta
503 1084 602 1148 futuri
620 1085 752 1150 materia
769 1085 858 1163 belli,
881 1085 909 1150 si
925 1084 1068 1151 licuisset
1084 1089 1113 1152 is

98 1170 317 1244 Celtiberorum
343 1189 439 1265 gente
465 1179 568 1244 excita
595 1191 627 1245 et
653 1179 732 1245 alios
760 1181 801 1244 ad
827 1203 916 1245 arma
945 1179 1114 1247 sollicitare
1214 1207 1218 1212 ·

100 1274 231 1359 populos,
251 1295 406 1360 oppressa
423 1284 499 1337 erat.
526 1273 633 1357 itaque
648 1274 837 1340 conlaudato
850 1273 987 1360 benigne
1002 1270 1113 1341 Silano
1133 1296 1166 1344 14

101 1358 191 1454 Scipio
210 1389 301 1454 spem
320 1366 512 1444 debellandi,
532 1367 560 1431 si
577 1367 655 1432 nihil
674 1391 745 1434 eam
762 1368 831 1454 ipse
849 1367 1026 1434 cunctando
1044 1391 1113 1435 mo-

95 1468 168 1526 ntus
191 1473 291 1538 esset,
318 1473 468 1538 nanctus,
496 1461 538 1525 ad
557 1461 591 1525 id
614 1462 699 1545 quod
719 1462 873 1527 relicuum
893 1462 969 1527 belli
991 1463 1113 1528 eratin

95 1548 224 1622 ulmam
241 1555 434 1642 Hispaniam
452 1556 605 1621 adversus
623 1556 862 1622 Hasdrubalem
877 1556 993 1643 pergit.
1027 1558 1113 1623 Poe·
1131 1578 1164 1628 15

95 1660 142 1715 tus
159 1673 232 1716 cunr
251 1661 356 1715 castra
372 1661 441 1715 tum
457 1650 540 1715 sorte
559 1650 600 1714 ad
618 1650 776 1716 sociorum
793 1651 916 1717 animos
933 1651 967 1715 in
978 1650 1114 1716 Baetica

95 1745 288 1811 nntirrendos
306 1744 340 1808 in
356 1745 420 1810 fide
438 1745 583 1822 haberet,
602 1744 703 1831 signis
719 1756 851 1832 repente
869 1745 1002 1811 sublatis
1015 1746 1112 1833 fugae

95 1841 183 1927 uagis
201 1862 297 1925 quam
314 1841 434 1906 itineris
452 1841 547 1906 modo
565 1841 691 1927 penitus
711 1842 752 1906 ad
770 1841 938 1908 Oceanum
959 1853 992 1907 et
1010 1840 1112 1908 Gadis

95 1935 177 2000 nsit
203 1946 353 2013 ceterum,
373 1936 478 2020 quoad
491 1935 699 2002 continuisset
712 1937 895 2015 exercitum,
913 1937 1112 2024 propositum
1132 1958 1162 2004 16

95 2026 167 2095 ello
183 2053 216 2095 se
234 2030 304 2096 fore
321 2040 423 2108 ratus,
443 2041 613 2115 antequam
630 2031 712 2096 freto
727 2030 829 2097 Gadis
842 2031 1002 2109 traiceret,
1021 2054 1112 2097 exer-

95 2113 178 2189 itum
197 2147 326 2190 omnem
346 2125 467 2211 passim
487 2125 523 2189 in
544 2125 688 2190 civitates
712 2126 833 2204 divisit,
856 2138 892 2190 ut
909 2137 941 2190 et
957 2126 1056 2192 muris
1075 2149 1110 2192 se

95 2217 143 2281 >si
160 2228 191 2283 et
207 2219 304 2285 armis
322 2241 430 2285 muros
448 2229 633 2285 tutarentur.

144 2313 206 2378 III.
243 2311 367 2400 Scipio,
384 2314 440 2379 ubi
458 2314 682 2380 animadvertit
698 2314 887 2401 dissipatum
904 2312 1025 2400 passim
1042 2314 1112 2379 bel·
1130 2335 1143 2381 1

95 2418 148 2471 [tn
168 2419 200 2473 et
216 2407 418 2483 circumferre
437 2408 478 2473 ad
496 2409 638 2496 singulas
656 2410 752 2474 urbes
771 2431 860 2473 arma
876 2408 990 2472 diutini
1006 2407 1110 2494 magis

95 2511 176 2566 uam
196 2503 305 2590 magni
327 2524 399 2568 esse
422 2502 541 2588 operis,
568 2514 652 2569 retro
675 2503 769 2568 vertit
789 2503 858 2568 iter.
902 2525 943 2567 ne
965 2501 1110 2568 hostibus
1129 2519 1144 2567 2

95 2606 186 2661 tmen
207 2619 279 2662 eam
299 2597 491 2682 relinqueret
511 2596 689 2685 regionem,
712 2598 754 2662 L.
775 2596 958 2684 Scipionem
979 2597 1110 2661 fratrem

95 2700 158 2754 um
177 2692 288 2757 decem
313 2692 441 2758 milibus
467 2693 611 2780 peditum
636 2693 723 2758 mille
750 2692 906 2776 equitum,
942 2693 983 2756 ad
1009 2714 1110 2779 oppu-

95 2785 239 2851 hmdam
265 2786 537 2872 opulentissimam
563 2786 597 2851 in
623 2787 663 2852 iis
684 2786 764 2852 locis
787 2787 899 2852 urbem
916 2785 1109 2872 -Orongin

95 2879 204 2944 arbai
221 2880 426 2966 appellabant
441 2918 469 2929 —
484 2880 590 2946 mittit.
636 2881 697 2946 sita
719 2881 752 2945 in
769 2881 975 2947 Maesessum
992 2881 1108 2947 linibus
1128 2900 1142 2947 3

95 2979 144 3050 nt,
164 2975 330 3062 Hispanae
348 2975 467 3062 gentis,
490 3000 567 3062 ager
586 2976 733 3062 frugifer,
758 2989 925 3062 argentum
943 2975 1039 3041 etiam
1062 2975 1111 3039 in-

95 3062 167 3161 ftlae
187 3069 323 3135 fodiunt.
366 3093 405 3135 ea
427 3092 484 3135 arx
505 3070 610 3135 firerat
626 3070 824 3136 Hasdrubali
847 3071 888 3135 ad
906 3069 1110 3136 excursiones

95 3168 161 3228 [rea
189 3165 438 3230 mediterraneos
467 3165 603 3252 popualus
635 3156 809 3230 faciendas.
854 3163 964 3250 Scipio
995 3162 1144 3229 castriss

95 3264 176 3343 Pope
204 3259 319 3323 urbem
348 3258 460 3346 positis
491 3259 678 3346 priusquam
709 3259 961 3325 circumvallaret
985 3258 1107 3333 urbem,

95 3346 163 3417 sirit
180 3353 221 3417 ad
237 3363 347 3439 portas
365 3353 419 3436 qui
437 3366 477 3418 ex
494 3354 672 3441 propinquo
687 3353 823 3438 alloquio
838 3353 960 3418 animos
974 3362 1109 3438 tempta-

95 3452 147 3510 ent
164 3447 410 3531 suaderentque,
428 3458 464 3511 ut
477 3448 647 3513 amicitiam
664 3448 769 3535 potius
788 3469 884 3530 quam
902 3446 968 3511 vim
985 3446 1109 3532 experi-

95 3550 184 3605 entur
192 3541 418 3607 Romanorum.
450 3542 505 3606 ubi
522 3543 601 3607 nihil
618 3543 723 3629 pacati
739 3542 1000 3628 respondebatur,
1019 3542 1109 3605 fossa
1127 3561 1142 3608 5

95 3636 257 3721 uplicique
280 3637 363 3702 vallo
387 3635 580 3702 circumdata
597 3638 675 3703 urbe
692 3638 726 3701 in
744 3637 800 3703 tris
819 3637 918 3724 partis
936 3635 1108 3701 exercitum

95 3722 202 3809 lvidit,
221 3741 257 3795 ut
274 3753 338 3796 una
355 3754 481 3818 semper
497 3756 572 3819 pers
591 3731 705 3816 quietis
723 3731 849 3796 interim
867 3731 989 3796 duabus
1008 3751 1109 3815 oppu-

95 3835 198 3891 naret.
234 3825 337 3911 prima
348 3848 423 3912 pars
439 3849 512 3892 cum
526 3828 637 3892 adorta
650 3848 834 3913 oppugnare
849 3835 912 3904 est,
927 3836 1017 3890 atrox
1031 3846 1108 3890 sane
1127 3844 1142 3891 o

95 3928 104 3984 t
126 3940 249 4006 anceps
267 3921 421 4007 proelium
440 3921 514 3987 fuitz
537 3945 601 3987 non
620 3921 740 3998 subire,
763 3943 827 3986 non
846 3920 948 3985 scalas
966 3920 1049 3984 ferre
1068 3919 1109 3984 ad

95 4036 183 4079 turos
201 4036 280 4100 prae
296 4013 506 4082 incidentibus
525 4015 596 4080 telis
615 4015 708 4080 facile
722 4026 803 4093 erat3
822 4015 917 4080 etium
932 4013 987 4099 qui
999 4032 1142 4080 erere-t

122 4116 179 4161 Lavi
192 4115 235 4159 rol.
245 4114 274 4159 ll.
902 4115 937 4169 25
