2528 4514
148 232 213 299 ³186
372 242 491 300 LIBER
508 210 640 314 XXIlII,
658 242 702 300 21.
716 242 760 300 22.
779 240 966 314 [auadltl]

145 402 232 469 urbis
255 399 416 487 dispositis
439 400 628 489 adiungitur.
672 400 706 465 in
726 399 832 467 insula
852 400 936 467 inter
956 408 1093 468 coteral

94 510 127 567 te
145 498 285 565 nodorus
310 495 478 583 praesidiis
504 495 642 561 firmarat
667 495 780 561 horrea
805 493 953 581 publicar
989 495 1081 562 locus

145 593 298 678 quadrato
316 598 445 676 saeptus
463 599 557 674 atque
574 591 655 656 areis
677 590 711 653 in
732 589 861 671 modum
883 589 1045 655 emunitus
1065 612 1093 656 oa

145 685 186 752 ab
203 684 379 762 iuventute,
398 705 480 769 quae
496 684 654 769 praesidio
672 685 739 749 eius
756 683 819 749 loci
835 683 997 750 adtributa
1013 693 1093 763 erat,

145 789 278 864 tuntque
294 778 422 844 nuntios
440 778 473 842 in
490 777 721 856 Achradinam,
747 776 860 845 horrea
876 777 1094 864 frumentumq

146 883 274 940 senatus
292 881 448 959 potestate
467 894 547 937 esse.

111 986 126 1036 ι
204 965 325 1032 ΧΧΠ,
360 966 453 1031 Luce
470 967 574 1051 prima
589 965 726 1052 populus
744 965 862 1043 omnis,
881 975 1024 1032 armatus
1041 967 1093 1032 ine:

145 1082 221 1146 que,
247 1061 282 1127 in
297 1058 515 1125 Achradinam
541 1060 583 1129 ad
604 1060 724 1126 curiam
747 1059 903 1125 convenit
947 1059 995 1126 ibi
1016 1083 1075 1146 pro

145 1153 270 1221 cordiae
287 1177 355 1232 ara,
374 1176 455 1238 quae
471 1154 505 1218 in
523 1176 562 1219 eo
580 1153 641 1219 sita
657 1153 729 1219 loco
742 1161 818 1231 erat,
837 1174 878 1218 ex
890 1152 1087 1241 principibus

144 1249 270 1316 nomine
278 1246 460 1334 Polyaenus
478 1248 657 1314 contionem
675 1257 707 1312 et
723 1247 855 1313 liberam
869 1256 902 1312 et
914 1248 1093 1314 moderatan

111 1354 129 1414 a·
145 1343 224 1410 buit
251 1340 424 1428 servitu[tis
438 1339 662 1428 turpitu]dines
680 1339 947 1427 indignitatesque
964 1340 1093 1408 homine

143 1445 250 1523 pertos
272 1436 425 1502 adversus
452 1444 562 1501 notum
588 1434 708 1501 malum
732 1435 876 1501 inritatos
903 1456 989 1513 esse;
1027 1436 1093 1502 disc

145 1530 245 1596 civilis
263 1550 343 1614 quas
360 1530 496 1617 inportet
512 1528 634 1606 clades,
656 1529 783 1594 audisse
800 1528 904 1616 magis
921 1551 942 1594 a
957 1529 1093 1614 patribus

110 1646 316 1697 tracusanos
342 1645 439 1709 quam
464 1625 552 1710 ipsos
579 1623 708 1690 vidisse
756 1646 844 1689 arma
869 1622 956 1708 quod
980 1624 1093 1710 inpigre

144 1720 261 1806 perint,
287 1718 431 1797 laudare,
457 1718 561 1804 magis
584 1717 798 1795 laudaturum,
826 1718 944 1783 sinon
968 1726 1093 1784 utantur

108 1836 127 1884 4
143 1813 255 1879 ultima
271 1813 459 1878 necessitate
476 1811 605 1878 coacti.-
629 1811 664 1877 in
681 1811 860 1897 praesentia
876 1810 1001 1898 legatos
1019 1812 1059 1877 ad
1076 1815 1093 1876 l

142 1906 298 1973 nodorum
323 1905 406 1970 mitti
430 1905 569 1992 placere,
597 1906 652 1990 qui
677 1905 875 1983 denuntient,
906 1915 943 1970 ut
967 1906 1003 1971 in
1029 1916 1093 1992 pote

144 2008 272 2066 senatus
290 2021 328 2064 ae
344 1999 453 2086 populi
471 1999 526 2078 sit,
543 2010 650 2086 portas
667 1999 790 2064 insulae
807 1999 941 2084 aperiat,
963 2000 1093 2086 reddat]

110 2116 126 2163 a
145 2094 270 2160 sidium.
298 2092 326 2157 si
343 2093 474 2158 tutelam
491 2092 586 2159 alieni
602 2093 692 2180 regni
710 2115 804 2158 suum
819 2114 955 2178 regnum
971 2094 1052 2160 velit
1068 2093 1093 2159 fa

144 2187 279 2254 eundem
298 2208 332 2252 se
350 2208 479 2254 censere
496 2187 595 2253 multo
613 2187 716 2252 acrius
735 2186 775 2253 ab
793 2186 1006 2254 Adranodoro
1024 2208 1093 2273 qum

109 2302 124 2350 6
144 2283 341 2370 Hieronymo
357 2283 458 2370 repeti
474 2282 660 2348 libertatem
687 2280 727 2347 ab
744 2281 805 2347 hac
823 2282 968 2348 contione
981 2283 1093 2372 legati:

144 2386 226 2443 sunt
271 2387 399 2444 senatus
425 2376 500 2442 inde
524 2375 634 2442 haberi
660 2385 790 2461 coeptus
818 2386 880 2454 est,
911 2378 1000 2460 quod
1028 2379 1093 2443 sicu

142 2480 261 2560 gnante
287 2471 429 2537 Hierone
455 2480 614 2537 manserat
640 2470 803 2556 publicum
830 2471 1012 2550 eonsilium,
1038 2472 1084 2538 ita

114 2605 117 2612 ·
143 2576 276 2632 mortem
294 2567 362 2631 eius
386 2575 457 2631 ante
479 2588 551 2631 eam
573 2565 657 2630 diem
675 2565 762 2630 nulla
779 2565 819 2630 de
841 2587 875 2631 re
892 2587 998 2650 neque
1016 2588 1093 2632 conv

110 2682 124 2729 t
142 2682 245 2745 neque
263 2660 397 2725 consulti
413 2660 548 2725 fuerant
593 2669 628 2725 ut
646 2669 775 2725 ventum
792 2659 834 2724 ad
851 2658 1093 2725 Adranodorum

115 2764 122 2801 '-
143 2755 248 2839 ipsum
266 2753 394 2836 quidem
411 2753 560 2819 movebat
577 2762 609 2820 et
627 2753 743 2818 civium
761 2774 935 2819 consensus
953 2764 986 2817 et
1009 2776 1082 2819 oum

144 2855 314 2932 occupatae
332 2846 419 2912 urbis
437 2858 557 2932 partes,
585 2857 651 2911 tum
669 2869 742 2932 pars
759 2846 883 2912 insulae
899 2845 951 2912 vel
968 2847 1093 2913 munitis

109 2941 268 3026 aprodita
293 2950 387 3025 atque
417 2943 561 3007 alienata.
615 2942 672 3007 sed
701 2949 867 3007 evocatum
893 2962 967 3006 eum
998 2941 1093 3008 able

142 3035 318 3100 Damarata
334 3057 427 3113 uxor,
445 3035 510 3101 filia
521 3035 686 3114 Hieronis,
704 3035 812 3101 inflata
829 3034 933 3100 adhuc
949 3034 1048 3121 regiis
1067 3058 1093 3101 ar

112 3159 116 3175 ·
143 3150 181 3196 ae
198 3129 344 3195 muliebri
361 3129 486 3215 spiritu,
509 3130 657 3195 admonet
675 3152 769 3215 saepe
786 3138 956 3216 usurpatae
973 3129 1093 3216 Dionyr

109 3246 124 3294 9
142 3222 232 3289 ranni
253 3223 355 3302 vocis,
381 3246 446 3308 qua
465 3222 601 3309 pedibus
623 3232 771 3301 tractum,
797 3245 862 3288 non
883 3221 1074 3289 insidentem

113 3342 116 3355 ·
142 3316 317 3400 relinquere
331 3318 529 3404 tyrannidem
542 3318 656 3383 dixerit
669 3317 798 3384 debere:
815 3317 909 3383 facile
923 3339 996 3384 esse
1009 3339 1093 3384 mom

143 3432 208 3496 quo
220 3411 291 3495 quis
304 3412 389 3490 velit,
408 3413 518 3477 cedere
531 3412 733 3496 possessione
746 3433 881 3499 magnae
893 3410 1055 3491 lomunac,
1073 3411 1093 3476 fr

92 3527 125 3574 10
144 3513 175 3570 et
204 3527 315 3590 parare
346 3528 416 3572 eam
450 3505 578 3571 difficile
608 3515 702 3589 atque
732 3505 865 3570 arduum
896 3526 978 3571 esse.
1041 3527 1093 3593 spa

144 3610 282 3667 sumeret
304 3602 344 3667 ad
366 3602 608 3668 consultandum
629 3601 670 3667 ab
692 3601 819 3688 legatis,
847 3610 1049 3668 conteretur
1068 3621 1093 3665 at

94 3716 99 3737 ³
143 3695 312 3761 oessendos
340 3717 380 3761 ex
396 3696 563 3762 Leontinis
590 3695 718 3774 milites,
745 3694 861 3779 quibus
887 3695 917 3761 si
936 3696 1093 3783 pecuniam

143 3788 229 3874 giam
258 3787 415 3876 pollicitus
446 3800 544 3868 esset,
580 3790 686 3855 omnia
714 3790 748 3854 in
777 3798 934 3875 potestate
966 3789 1036 3857 eius
1060 3789 1093 3854 fu

92 3903 123 3949 11
142 3881 222 3948 haec
238 3882 404 3949 muliebria
425 3884 557 3950 consilia
573 3881 801 3949 Adranodorus
824 3905 928 3967 neque
946 3893 1014 3949 tota
1030 3904 1093 3970 asp<

100 4002 104 4034 .·
144 3984 196 4040 tus
223 3986 272 4043 est
296 3999 398 4061 neque
424 3977 584 4065 extemplo
609 3977 743 4063 aceepit,
774 3977 923 4045 tutiorem
948 3978 992 4044 ad
1019 3999 1092 4065 opes
