2528 4514
146 200 209 288 112
380 230 499 288 LIBER
516 230 617 300 XXII,
637 231 680 285 60.
695 230 738 286 61.
758 233 797 300 [a.
807 246 835 286 u.
846 227 945 300 osas]

89 396 126 465 'ur
145 403 177 460 et
198 401 302 458 castra
323 401 355 457 et
376 413 464 456 arma
489 399 521 454 et
545 410 604 455 vos
629 388 717 474 ipsos
744 389 865 454 traditis
891 387 986 454 hosti.
1032 411 1093 477 ego

144 488 248 575 magis
270 486 349 552 istos
366 484 581 561 redimendos,
603 496 709 570 patres
727 484 911 570 conscripti,
934 507 1062 564 censeo,
1086 511 1102 572 q

144 582 217 648 illos
239 579 400 645 dedendos
418 577 606 656 Hannibali,
629 579 684 662 qui
701 601 758 664 per
775 579 896 645 medios
914 579 1017 646 hostis
1035 603 1053 646 θ
1069 604 1105 646 car

146 684 315 761 eruperunt
327 695 366 740 ac
378 695 435 759 per
449 695 605 738 summam
620 673 765 738 virtutem
779 695 815 739 se
827 674 948 759 patriae
961 675 1105 741 restituere

113 792 128 840 1
212 767 309 834 LXI.
353 766 529 850 Postquam
550 765 691 833 Manlius
718 767 811 847 dixit,
839 789 1032 852 quamquam
1055 778 1105 856 patr

145 885 272 951 qnoque
288 861 456 948 plerosque
473 861 591 946 captivi
612 861 799 947 cognatione
821 862 1033 949 attingebant,
1057 886 1105 949 pra

146 958 327 1045 exemplum
344 956 479 1023 civitatis
496 956 626 1022 minime
642 956 677 1021 in
690 957 831 1043 captivos
844 958 910 1023 iam
922 959 996 1025 inde
1010 957 1105 1043 antiqui

90 1076 93 1081 ·
110 1073 129 1120 a
146 1053 352 1140 indulgentis,
370 1051 523 1138 pecuniae
541 1072 666 1135 quoque
685 1074 810 1117 summa
826 1051 971 1119 homines
989 1055 1105 1130 movit:

146 1171 206 1215 nec
227 1146 383 1214 aerarium
405 1145 584 1223 exhaurire,
611 1167 728 1232 magna
753 1146 817 1211 iam
844 1169 970 1213 summa
996 1157 1105 1234 erogate

148 1266 256 1311 servos
283 1243 325 1308 ad
349 1241 493 1307 militiam
519 1241 668 1307 emendos
695 1242 942 1327 armandosque,
974 1266 1034 1309 nec
1056 1242 1105 1308 Har

147 1338 252 1405 halem
273 1337 410 1403 maxime
432 1335 564 1402 huiusce
585 1335 645 1414 rei,
673 1344 709 1401 ut
725 1335 812 1402 fama
829 1348 910 1416 erat,
934 1350 1074 1426 egentem
1085 1337 1105 1403 b

111 1451 129 1500 s
146 1432 259 1520 pletari
276 1430 432 1498 volebant
476 1451 550 1495 cum
568 1430 656 1495 triste
672 1453 875 1518 responsum,
899 1455 963 1498 non
980 1433 1105 1499 redimis

146 1528 243 1604 tivos,
269 1525 427 1592 redditum
449 1533 534 1590 esset
555 1547 720 1610 novusque
743 1549 838 1613 super
859 1537 998 1593 veterem
1014 1529 1103 1593 luctus

146 1621 268 1686 iactura
280 1619 396 1685 civium
409 1618 550 1685 adiectus
565 1629 663 1697 esset,
682 1641 755 1685 cum
768 1621 892 1708 magnis
906 1621 1044 1698 fletibus,
1061 1638 1105 1705 que

112 1713 208 1782 rbus
225 1712 406 1801 legatosad
423 1723 546 1799 portam
563 1713 722 1798 prosecuti
740 1724 823 1779 sunt.
850 1738 934 1781 unus
947 1738 989 1781 ex
1001 1716 1039 1781 iis
1051 1716 1105 1780 don

148 1807 238 1885 abiit,
262 1808 347 1892 quod
368 1806 474 1872 fallaci
495 1807 598 1871 reditu
619 1808 653 1872 in
671 1817 774 1874 castra
791 1810 858 1874 iure
875 1810 1009 1875 iurando
1027 1832 1058 1875 se
1073 1828 1105 1873 ex

148 1903 256 1968 visset.
301 1901 387 1986 quod
416 1899 472 1965 ubi
501 1902 637 1966 innotuit
661 1901 858 1987 relatumque
885 1904 927 1967 ad
953 1915 1085 1969 senatum

148 2017 258 2061 omnes
277 2005 466 2061 censuenmt
483 1994 801 2080 conprehendendum
814 2006 845 2061 et
859 1997 1043 2063 custodibus
1054 1993 1105 2082 pub

148 2088 230 2154 datis
248 2088 466 2154 deducendum
485 2089 525 2154 ad
543 2088 757 2155 Hannibalem
776 2112 856 2156 csse.

113 2204 131 2253 c
213 2183 275 2249 Est
296 2194 328 2249 et
349 2183 410 2249 alia
433 2184 472 2249 dc
495 2185 627 2269 captivis
650 2184 750 2250 fama:
778 2185 888 2251 decem
905 2187 1025 2270 primos
1043 2178 1105 2248 venis

50 2268 56 2276 ’
148 2278 187 2344 de
214 2277 260 2343 eis
283 2300 356 2344 cum
378 2277 556 2344 dubitatum
576 2279 610 2343 in
633 2288 745 2344 senatu
766 2290 863 2357 esset,
891 2280 1105 2345 admitterenur

147 2373 259 2439 urbem
280 2396 393 2451 necne,
420 2375 465 2439 ita
491 2374 647 2439 admissos
675 2395 760 2453 esse,
788 2397 829 2440 ne
855 2384 962 2440 tamen
987 2375 1105 2440 iissent

112 2487 130 2536 6
148 2468 284 2534 daretur.
318 2467 511 2534 morantibus
526 2468 639 2534 deinde
652 2468 777 2554 longius
796 2469 936 2534 omnium
956 2492 1013 2555 spe
1031 2467 1095 2533 alios

147 2562 277 2648 insuper
292 2563 415 2650 legatos
434 2563 573 2640 venisse,
591 2563 634 2628 L.
650 2560 851 2630 Scribonium
869 2578 901 2628 et
920 2563 959 2629 C.
977 2562 1105 2648 Calpnrn

116 2677 130 2723 ⁷
150 2666 182 2721 et
194 2656 236 2721 L.
251 2657 422 2735 Manlium3
441 2671 508 2722 tum
527 2659 654 2723 demum
673 2657 712 2724 ab
732 2668 866 2744 cognato
882 2655 1041 2724 Scribonii
1055 2652 1105 2720 trib

148 2749 250 2836 plebis
269 2751 309 2814 dc
325 2752 516 2817 redimendis
534 2752 667 2838 captivis
685 2752 818 2818 relatum
836 2775 921 2830 esse,
945 2775 1005 2817 nec
1022 2766 1105 2818 censu

149 2844 348 2911 redimendos
368 2857 525 2925 senatum,
545 2857 576 2913 et
593 2870 693 2912 novos
706 2847 829 2934 legatos
844 2849 899 2913 tris
914 2848 955 2912 ad
969 2844 1105 2912 Hanniba

114 2938 330 3017 crevertisse,
358 2940 467 3006 decem
490 2950 611 3008 veteres
633 2942 837 3020 remansisse,
865 2943 951 3025 quod
972 2965 1029 3028 per
1054 2959 1105 3005 cau

149 3033 397 3120 recognoscendi
417 3036 546 3101 nomina
568 3037 762 3121 captivorum
785 3036 826 3100 ad
843 3035 1057 3110 Hannibalem
1073 3052 1105 3099 ex

149 3149 224 3193 nere
240 3128 378 3214 regressi
394 3128 546 3218 religione
565 3151 635 3194 sese
659 3130 880 3209 exsolvissent3
908 3131 948 3195 de
970 3131 1010 3196 iis
1032 3127 1105 3194 dede

149 3244 266 3309 magna
283 3223 481 3289 contentione
499 3234 605 3290 actum
621 3225 655 3289 in
669 3236 779 3290 senatu
793 3247 878 3303 esse,
897 3225 1060 3310 victosque
1072 3244 1105 3309 ps

92 3320 95 3325 ’
114 3335 131 3384 a
150 3315 312 3382 sententiis
329 3317 385 3402 qui
398 3319 559 3384 dedendos
573 3320 750 3384 censuerint
755 3345 764 3398 3
784 3330 922 3385 ceterum
935 3319 1094 3406 proxumis

150 3411 274 3478 soribus
297 3415 376 3480 adeo
398 3415 544 3481 omnibus
566 3417 649 3483 notis
671 3416 904 3503 ignominisque
922 3416 1105 3482 confectos«

89 3524 93 3539 ¹
150 3517 186 3572 ut
202 3508 332 3592 quidam
349 3532 457 3576 eorum
475 3522 608 3575 mortem
625 3511 686 3576 sibi
703 3511 764 3596 ipsi
783 3510 941 3597 extemplo
964 3512 1105 3577 conscire

150 3602 245 3668 ceteri
261 3625 326 3669 non
342 3602 412 3671 foro
430 3604 532 3670 solum
550 3607 636 3671 omni
653 3605 766 3671 deinde
779 3607 857 3682 vito,
878 3606 935 3670 sed
947 3628 1047 3693 prope
1059 3605 1105 3671 luc

98 3714 133 3763 10
149 3696 277 3782 publico
304 3699 468 3764 caruerint.
512 3700 619 3765 mirari
648 3701 750 3786 magis
782 3700 861 3765 adeo
893 3700 1074 3787 discrepare
1102 3700 1105 3763 ἶ

27 3867 30 3871 ,
90 3810 93 3817 ⁴
150 3802 307 3869 auctores,
326 3815 422 3876 quam
439 3794 516 3879 quid
533 3795 599 3860 veri
618 3795 658 3859 sit
676 3795 853 3859 discernere
871 3816 980 3877 queas.

216 3884 343 3968 Quanto
366 3898 471 3954 autem
493 3890 593 3954 maior
614 3912 652 3955 ea
674 3890 779 3955 clades
803 3887 1021 3974 superioribus
1043 3890 1105 3956 clai

142 3976 259 4059 suerit,
277 3980 329 4045 vel
346 4003 385 4048 ea
400 4006 452 4050 res
469 3983 585 4050 indicio
604 3980 680 4070 [est,
700 3983 786 4068 quod
798 3983 877 4048 fides
892 3981 1087 4072 socio]rum,
