2528 4530
232 250 349 306 LIBER
368 251 480 321 XXVI,
501 253 542 306 13.
564 257 601 321 [a.
614 251 643 307 C.
654 254 716 324 211]
930 243 994 310 279

79 417 210 474 enatum
229 430 340 473 vocare
346 434 355 486 ;
375 418 406 473 et
423 409 625 494 primoribus,
644 411 698 495 qui
715 411 778 477 iam
792 411 847 478 diu
859 413 994 499 publicis

79 505 102 570 is
126 503 270 580 aberant,
297 503 458 588 propalam
482 503 693 583 minabantur,
721 506 781 572 nisi
804 508 943 574 venirent
960 511 994 576 in

79 623 122 676 m,
155 598 238 662 circa
263 598 373 662 domos
400 619 507 663 eorum
533 599 631 664 ituros
659 623 693 665 se
719 610 750 665 et
776 602 809 666 iu
833 603 994 688 publicum

84 693 116 756 vi
135 701 327 756 extracturos
350 714 429 756 esse.
473 691 501 756 is
519 692 613 756 timor
634 693 828 778 frequentem
852 709 994 765 senatum

80 787 161 851 ratui
178 786 330 871 praebuit.
374 786 419 850 ibi
438 808 508 850 cum
527 787 621 851 ceteri
639 789 678 853 de
700 788 812 875 legatis
835 793 993 862 mittendis
1013 814 1027 862 2

79 890 225 945 >aratores
243 880 404 944 Romanos
423 889 565 965 agerent,
584 877 698 947 Vibius
712 882 848 964 Virrius,
868 889 922 972 qui
940 890 996 955 de-

81 977 109 1040 is
133 984 240 1041 auctor
262 975 302 1040 ab
324 976 476 1040 Romanis
499 975 614 1054 fuerat,
641 977 850 1065 interrogatus
869 993 993 1049 senten-

79 1081 158 1156 regat
181 1093 249 1148 eos,
277 1070 331 1153 qui
357 1071 395 1134 de
421 1069 534 1156 legatis
557 1071 648 1135 etde
673 1094 751 1156 paee
773 1096 811 1139 ac
837 1076 1027 1146 deditiones

79 1175 147 1241 tur,
175 1163 368 1241 meminisse,
401 1186 459 1229 nec
486 1164 562 1247 quid
585 1164 697 1230 facturi
723 1166 851 1246 fuerint,
880 1171 908 1235 si
928 1172 994 1238 Ro-

93 1261 126 1323 in
144 1268 298 1344 potestate
315 1258 512 1336 habuissent,
540 1281 599 1324 nec
620 1260 696 1343 quid
718 1260 794 1346 ipsis
813 1263 993 1348 patiendum

79 1354 144 1437 quid
161 1352 231 1417 vcs’
249 1353 349 1436 inquit
368 1359 452 1417 ‘eam
470 1353 660 1418 deditionem
677 1354 744 1420 fore
759 1357 907 1436 censetis,
930 1382 993 1443 qua
1011 1379 1028 1426 a

79 1471 137 1524 am,
166 1458 199 1511 ut
223 1447 373 1511 adversus
393 1443 551 1512 Samnites
573 1447 729 1512 auxilium.
745 1448 992 1535 impetraremus,

79 1551 210 1625 atraque
229 1542 333 1606 omnia
341 1540 492 1606 Romanis
511 1541 707 1607 dedidimus?
732 1542 795 1607 iam
813 1547 1028 1614 ememcrias

79 1637 114 1713 it,
134 1658 196 1719 quo
215 1645 353 1720 tempore
372 1646 402 1699 et
419 1636 451 1699 in
470 1657 533 1718 qua
550 1635 676 1717 fortuna
688 1659 707 1699 a
719 1638 835 1722 populo
848 1637 993 1707 Romano

80 1730 193 1794 rimus?
227 1730 304 1806 iam,
332 1751 426 1812 quem
448 1730 489 1793 ad
512 1730 639 1794 modum
661 1730 694 1793 in
712 1731 886 1798 defectione
904 1757 994 1820 prae-

87 1874 95 1901 ,
124 1824 207 1908 quod
225 1832 345 1908 poterat
363 1823 474 1900 emitti,
502 1845 558 1908 per
580 1824 751 1889 cruciatum
774 1836 805 1890 et
825 1827 866 1891 ad
884 1839 993 1893 contu·

80 1942 91 1981 1
113 1917 308 1982 necarimus?
344 1917 485 1999 quotiens
507 1917 540 1980 in
563 1916 734 1984 obsidentis
757 1941 851 2003 quam
869 1921 1027 1994 inimices

80 2013 173 2088 imus,
202 2021 304 2076 castra
330 2010 590 2096 oppugnarimus,
622 2010 834 2079 Hannibalem
861 2038 995 2084 vocave-

90 2108 131 2171 ad
158 2106 377 2191 opprimendos
409 2105 483 2170 eos?
520 2105 594 2183 hoc,
630 2107 715 2188 quod
745 2111 994 2176 recentissimum

80 2203 91 2266 l
110 2202 354 2287 oppugnandam
371 2201 506 2266 Romam
524 2200 597 2265 hinc
614 2222 686 2265 eum
703 2202 900 2270 miserimus?
934 2230 993 2292 age
1013 2229 1027 2274 7

80 2349 82 2365 .
102 2318 183 2379 quae
201 2296 245 2360 illi
264 2296 376 2361 infeste
393 2296 426 2359 in
443 2317 501 2360 nos
519 2295 664 2371 feceriut,
683 2296 826 2380 repetite,
845 2307 880 2361 ut
898 2320 938 2362 ex
956 2320 994 2364 eo

80 2392 186 2477 ceretis
200 2390 351 2455 habeatis.
379 2413 451 2454 cum
459 2389 559 2455 hostis
570 2389 785 2474 alienigenain
798 2389 890 2455 Italia
899 2401 992 2469 esset,

82 2485 169 2549 nibal
182 2484 295 2562 hostis,
315 2493 346 2548 et
363 2495 475 2548 cuncta
489 2483 570 2549 bello
585 2484 737 2559 arderent,
756 2483 881 2548 omissis
895 2485 995 2549 omni-

80 2580 185 2644 ›misso
207 2580 277 2663 ipso
295 2576 474 2643 Hannibale
500 2575 593 2642 ambo
616 2576 760 2642 consules
783 2587 815 2642 et
836 2578 898 2642 duo
920 2599 995 2643 con·

80 2698 86 2736 r
122 2673 275 2737 exercitus
311 2673 351 2736 ad
379 2668 522 2755 Capuam
556 2669 800 2756 oppugnandam
832 2669 993 2738 miserunt.

80 2790 233 2831 nannum
256 2765 504 2831 circumvallatos
528 2764 727 2848 inclusosque
749 2788 807 2831 nos
826 2766 910 2831 fame
927 2787 1028 2837 ωτι-8

80 2909 86 2936 ,
115 2872 145 2925 et
172 2862 232 2946 ipsi
257 2860 423 2926 nobiscum
444 2860 554 2924 ultima
574 2859 714 2945 pericula
736 2870 768 2925 et
789 2859 994 2948 gravissimo&

80 2979 90 3020 3
116 2955 270 3040 perpessi,
298 2955 381 3021 circa
406 2954 522 3020 vallum
549 2976 586 3020 ac
608 2955 712 3020 fossas
735 2977 829 3040 saepe
852 2957 996 3025 trucidati

80 3072 123 3134 pc
147 3050 187 3113 ad
209 3059 383 3113 extremum
405 3049 516 3115 castris
544 3049 639 3113 exuti.
684 3050 741 3114 sed
767 3049 875 3114 omitto
902 3050 1029 3118 haema

80 3154 171 3226 atquc
193 3144 308 3208 usitata
328 3165 379 3208 res
401 3143 503 3209 estin
525 3143 737 3229 oppugnanda
757 3142 894 3208 hostium
917 3143 994 3209 urbe

81 3261 147 3302 sac
168 3237 306 3322 pericula
327 3237 401 3321 pati.
446 3237 524 3302 illud
547 3238 610 3302 irae
633 3246 726 3320 atque
748 3237 812 3302 cdii
835 3234 995 3322 [inexpia-

83 3331 328 3416 execrabilisque
354 3332 503 3396 indicium
530 3341 591 3396 est:
626 3329 788 3395 Hannibal
814 3329 995 3416 ingentibus
1016 3348 1048 3398 ιο

83 3427 224 3512 peditum
242 3427 444 3510 equitumque
462 3434 564 3490 castra
586 3424 780 3510 oppugnavit
802 3433 889 3491 etex
906 3434 994 3510 parte

97 3530 182 3586 tanto
204 3520 343 3606 periculo
364 3519 442 3583 nihil
463 3519 540 3584 moti
563 3528 636 3584 sunt
658 3517 697 3583 ab
720 3517 896 3597 obsidione
923 3541 996 3604 pro·

97 3627 182 3680 trans
200 3615 390 3679 Vulturnum
417 3613 553 3699 perussit
577 3613 731 3678 Calenum
758 3634 882 3699 agrum:
918 3611 994 3676 nihil

89 3710 244 3774 sociorum
279 3709 367 3773 clade
402 3708 525 3773 avocati
560 3716 647 3784 sunt3
682 3707 722 3771 ad
752 3706 854 3792 ipsam
884 3704 994 3770 urbem
1015 3726 1045 3774 11

81 3829 102 3868 n
116 3803 231 3868 infesta
245 3804 335 3889 signa
348 3802 423 3868 femi
436 3802 541 3868 iussit:
555 3825 625 3868 eam
638 3823 763 3886 quoque
777 3809 996 3888 tempestatem

81 3906 181 3962 entem
207 3906 410 3982 spreverunt3
446 3906 661 3983 transgressus
686 3895 844 3961 Anienem
870 3917 996 3961 amnem

84 3991 138 4056 ilia
164 3993 294 4076 passtlm
320 3989 360 4056 ab
387 3988 463 4055 urbe
491 3999 593 4056 castra
615 3990 733 4076 posuit,
769 3997 929 4076 postremo
955 3989 997 4055 ad
