2528 4530
367 270 486 326 nunu
502 268 662 339 xxmso.
683 269 836 339 [acme]
1057 259 1121 327 513

93 431 265 509 classibus,
293 439 341 495 tot
361 427 566 505 exercitibus,
592 436 640 493 tot
661 437 726 493 tam
748 427 884 514 egregiis
911 427 1036 494 amissis
1064 429 1122 495 du-

101 524 193 593 abus.
248 523 306 589 sed
329 520 499 610 praeterita
524 521 626 609 magis
652 520 840 607 reprehendi
866 532 1001 608 possunt
1026 543 1122 607 quam

103 617 219 708 corrigi.
253 617 299 683 ita
316 615 419 681 aliena
437 615 639 702 adpetiimus,
657 626 693 680 ut
706 615 745 681 de
757 615 874 681 nostris
889 616 1120 697 dimicaremus,
1139 637 1155 685 8

107 734 154 779 nec
168 713 203 779 in
218 711 315 778 Italia
337 709 440 777 solum
457 709 547 776 vobis
569 710 702 788 bellum,
728 709 820 775 nobis
841 710 875 775 in
892 710 1005 776 Africa
1026 723 1121 791 esset,
1221 728 1228 737 ·

109 807 153 873 ιιι]
168 819 201 875 et
218 829 277 872 vos
294 803 328 870 in
344 804 444 892 portis
467 803 581 869 vestris
603 826 702 891 prope
724 825 762 869 ac
779 804 989 870 moenibus
963 829 1055 892 s1gna
1072 830 1122 872 ar-

80 918 207 997 suaque
224 899 365 967 hostium
386 896 509 963 vidistis
538 908 569 963 et
595 920 654 963 nos
681 897 722 962 ab
745 895 940 1007 Carthagine
962 900 1123 966 fremitum

80 1006 271 1063 umbonum
287 994 505 1060 Romanorum
522 992 719 1059 exaudimus.
759 991 870 1102 quod·
860 993 957 1079 igitur
973 1017 1032 1060 nos
1055 1019 1123 1062 ma·
1141 1014 1155 1061 9

80 1082 178 1185 rime
203 1087 437 1165 abominamur,
463 1109 521 1152 vos
548 1097 654 1151 autem
676 1097 749 1152 ante
771 1086 877 1152 omnia
898 1088 1123 1174 optaretis,in

80 1156 224 1253 imeliora
246 1192 353 1248 vestra
373 1182 501 1247 fortuna
518 1179 558 1246 de
574 1202 653 1268 pace
671 1180 784 1267 agitur.
829 1180 952 1290 agimus
975 1181 1018 1260 ei,
1046 1203 1123 1266 quo-

82 1294 163 1345 ¹tum
188 1275 328 1343 maxime
353 1275 486 1340 interest
510 1295 622 1361 paoem
649 1297 735 1353 esse,
771 1286 804 1339 et
826 1274 880 1359 qui
902 1276 1121 1360 quodcumque

98 1372 269 1461 egerimus,
290 1379 394 1435 ratum
412 1368 555 1435 civitates
572 1380 700 1434 nostrae
717 1368 926 1434 habiturae
900 1380 972 1434 sm.
1017 1369 1122 1436 auimo

93 1472 217 1533 ἱιιιιιιιιι
235 1463 328 1531 nobis
346 1485 426 1551 opus
444 1473 575 1528 estnon
593 1463 781 1529 abhorrente
799 1486 819 1527 a
834 1461 949 1547 quietis
972 1463 1120 1530 consiliis.

90 1560 180 1645 quod
200 1558 245 1625 ad
264 1579 316 1623 me
339 1557 513 1634 adtinebat,
539 1555 604 1622 iam
625 1568 712 1622 aetas
736 1579 846 1622 senem
867 1557 901 1622 in
921 1558 1056 1644 patriam
1072 1582 1122 1623 re-
1142 1579 1173 1627 10

86 1664 284 1731 vertentem,
302 1651 387 1717 unde
404 1673 482 1738 puer
498 1651 660 1736 profectus
679 1673 764 1728 sum,
782 1650 847 1715 iam
864 1652 1035 1730 secundae,
1057 1651 1122 1717 iam

84 1750 248 1817 adversam
273 1768 325 1812 res
346 1744 391 1810 ita
413 1745 651 1822 fraudaverunt,
679 1756 715 1809 ut
734 1743 889 1810 rationem
915 1745 1005 1829 sequi
1027 1767 1122 1829 quam
1152 1786 1156 1790 -

81 1840 256 1911 fortunam
282 1839 403 1904 malim:
435 1849 522 1903 tuam
548 1848 580 1902 et
606 1838 853 1905 adulescentiam
879 1850 912 1904 et
936 1852 1122 1927 perpetuam
1141 1861 1171 1909 11

81 1934 292 2011 felicitatem,
314 1931 469 1998 ferociora
486 1945 618 2017 utraque
636 1954 731 2017 quam
749 1933 863 2018 quietis
882 1957 962 2021 opus
981 1946 1031 2000 est
1047 1955 1123 2001 con-

80 2030 187 2108 siliis,
204 2039 323 2093 metuo.
367 2049 431 2092 uon
449 2037 566 2091 temere
584 2026 704 2092 incerta
721 2049 853 2094 casuum
869 2040 1008 2115 reputat,
1028 2052 1123 2114 quem

80 2124 221 2193 fumuua
242 2142 414 2205 numquam
440 2120 565 2207 decipit.
610 2121 695 2204 quod
716 2144 776 2206 ego
799 2122 846 2186 fui
868 2123 909 2186 ad
930 2124 1173 2192 Trasumen-12

80 2234 185 2297 num,
213 2216 255 2282 ad
272 2213 417 2293 Cannas,
443 2215 478 2280 id
503 2228 537 2280 tu
563 2214 666 2280 hodie.
710 2214 842 2278 vixdum
867 2215 994 2279 militari
1020 2228 1122 2282 aetate

81 2310 227 2400 imperio
244 2321 375 2397 accepto
393 2309 498 2375 omnia
516 2308 725 2374 audacissime
746 2307 948 2392 incipientem
966 2330 1123 2392 nusquam

83 2405 209 2473 :fefellit
233 2405 369 2471 fortuna
413 2386 513 2491 patris
540 2415 572 2470 et
593 2403 697 2491 patrui
717 2414 902 2514 persecutus
924 2414 1059 2469 mortem
1082 2406 1123 2470 ab
1143 2425 1173 2472 ιι

89 2499 273 2566 calamitate
291 2510 415 2566 vostrae
434 2500 546 2565 domus
569 2497 698 2565 decus
688 2497 813 2584 msigne
835 2496 959 2563 virtutis
981 2497 1123 2584 pietatis·

89 2606 158 2680 'que
174 2592 309 2660 eximiae
328 2592 454 2679 cepisti:
478 2593 612 2658 amissas
629 2590 805 2679 Hispanias
827 2591 1012 2677 reciperasti
1033 2602 1124 2676 quat-

91 2700 166 2755 tuor
182 2687 258 2752 inde
274 2687 405 2753 Punicis
424 2687 613 2752 exercitibus
631 2685 731 2773 pulsis
737 2710 746 2763 3
770 2685 880 2750 consul
898 2697 1032 2763 creatus,
1051 2707 1123 2750 cum
1144 2706 1175 2754 ιι

88 2781 209 2849 ceteris
236 2781 277 2846 ad
302 2781 467 2846 tutandam
487 2781 614 2846 Italiam
634 2803 748 2867 parum
773 2780 870 2847 animi
891 2794 990 2860 esset,
1021 2793 1124 2848 trans·

86 2898 227 2965 gressus
244 2875 278 2940 in
295 2875 453 2954 Africam,
476 2875 600 2941 duobus
619 2875 671 2940 hio
688 2873 878 2942 exercitibus
897 2877 1013 2955 caesis,
1040 2877 1123 2944 binis

87 2970 208 3037 eadem
233 2968 311 3035 hora
337 2971 437 3057 captis
465 2970 558 3035 simul
583 2969 784 3055 incensisque
811 2972 939 3050 castris,
976 2970 1124 3059 Syphace

87 3062 314 3155 potentissimo
332 3088 408 3152 rege
427 3077 533 3152 capto,
552 3076 599 3132 tot
612 3066 742 3132 urbibus
756 3067 848 3153 regni
861 3067 943 3143 eius,
961 3076 1009 3133 tot
1025 3066 1125 3132 nostri

80 3158 219 3246 imperii
236 3159 366 3246 ereptis,
389 3183 440 3226 me
460 3172 584 3226 sextum
602 3161 759 3226 decimum
776 3159 840 3225 iam
857 3182 974 3224 annum
991 3158 1125 3224 haeren-

86 3266 160 3323 tem
186 3253 221 3319 in
245 3254 449 3341 possessione
475 3254 587 3320 Italiae
616 3253 791 3319 detraxisti.
834 3262 940 3339 potest
961 3251 1125 3318 victoriam
1144 3272 1176 3321 ιι

89 3348 191 3415 malle
208 3371 304 3433 quam
321 3372 434 3438 pacem
452 3350 586 3415 animus.
629 3348 705 3415 novi
724 3348 852 3434 spiritus
870 3370 1003 3435 magnos
1022 3346 1124 3434 magis

90 3464 192 3529 quam
218 3444 327 3510 utiles:
367 3455 400 3510 et
425 3443 503 3509 mihi
528 3444 600 3509 talis
629 3443 797 3528 aliquando
828 3443 954 3509 fortuna
984 3442 1123 3508 adfulsit.

80 3536 264 3621 'quodsiin
288 3538 435 3605 secundis
457 3540 552 3604 rebus
574 3538 691 3604 bonam
713 3559 837 3623 quoque
854 3547 993 3602 mentem
1015 3537 1126 3603 darent

92 3631 161 3713 dei,
187 3656 254 3699 non
275 3657 314 3699 ea
337 3634 439 3700 solum
462 3656 543 3719 quae
565 3633 760 3713 evenissent,
788 3633 845 3698 sed
867 3632 962 3697 etiam
984 3655 1022 3697 ea
1044 3654 1124 3716 quae

91 3726 223 3794 meuire
251 3739 384 3814 possent
412 3739 641 3816 reputaremus.
694 3739 729 3794 ut
758 3726 899 3793 omnium
928 3725 1123 3792 obliviscaris
1145 3745 1176 3796 16

93 3820 243 3901 aliorum,
263 3822 340 3887 satis
358 3845 418 3909 ego
436 3823 618 3888 documenti
634 3822 669 3888 in
686 3822 787 3888 omnis
803 3843 895 3887 casus
915 3844 994 3887 sum.
1031 3843 1125 3905 quem
1145 3841 1175 3889 1⁷

94 3915 190 3982 modo
210 3916 322 3982 castris
339 3916 421 3982 inter
437 3918 598 3985 Anienem
616 3929 711 4003 atque
728 3917 839 3982 urbem
856 3926 996 3982 vestram
1013 3915 1125 4003 positis

92 4009 188 4100 signa
206 4007 395 4077 inferentem
411 4012 445 4076 in
461 4014 587 4080 moenia
594 4014 790 4080 Romana-
801 4011 853 4078 hic
871 4033 982 4078 cernas
1001 4011 1125 4079 duobus
1241 4070 1243 4075 .

146 4111 200 4155 Liui
209 4111 251 4155 sol.
264 4111 290 4155 ll.
919 4113 953 4167 33
