2528 4514
312 244 429 299 amun
446 243 589 316 xxvm,
607 244 648 299 42.
670 249 708 314 [a.
719 245 822 316 cauo]
1020 236 1083 303 431

107 401 314 466 XXXXH.
357 401 500 467 Externa
522 411 554 468 et
570 402 664 467 nimis
683 403 809 488 antiqua
826 415 947 491 repeto:
972 405 1084 473 Africa
1102 429 1115 477 r

86 496 162 561 lem
181 496 245 561 ista
263 507 293 562 et
310 495 358 560 M.
376 495 510 575 Atilius,
537 496 661 583 insigne
683 498 846 582 utriusque
867 498 1010 566 fortunae
1028 524 1083 567 ex-

86 590 208 676 tplum,
227 589 318 655 nobis
337 590 524 657 documento
542 590 614 656 sint.
649 613 690 656 ne
708 591 778 669 tibi,
796 591 835 657 P.
850 591 991 672 Corneli,
1010 616 1117 664 cuma

99 684 173 749 alto
188 684 334 749 Africam
352 685 567 769 conspexeris,
585 685 680 751 ludus
698 698 730 751 ct
746 686 833 753 iocus
852 686 951 754 fuisse
965 688 1084 775 Hispa·

86 800 116 843 te
147 789 224 843 tuas
250 777 453 843 videbunturl
497 779 574 864 quid
600 778 684 844 enim
710 779 830 846 simile?
868 793 980 868 pacato
1005 785 1119 855 maris

87 883 175 938 aeter
188 873 396 938 oramItaliae
411 870 596 957 Galliaeque
614 883 722 938 vectus
736 874 905 961 Emporias
923 877 956 942 in
974 878 1084 945 urbem

87 969 210 1032 :iorum
228 968 362 1033 classem
375 968 538 1053 adpulisti;
558 969 718 1053 expositos
731 968 845 1035 milites
858 992 915 1056 per
928 972 1085 1039 tutissima

110 1062 219 1127 socios
242 1072 274 1127 et
294 1062 413 1127 amicos
434 1061 543 1148 populi
559 1061 697 1127 Romani
714 1062 925 1129 Tarraconem
947 1066 1065 1131 duxisti
1072 1093 1082 1146 3

114 1155 298 1222 Tarracone
324 1157 437 1222 deinde
462 1157 522 1222 iter
546 1178 604 1242 per
627 1157 784 1242 praesidia
808 1157 969 1238 Romana;
999 1159 1118 1232 circas.

87 1249 209 1316 iberum
231 1251 386 1317 exercitus
407 1252 506 1338 patris
527 1251 694 1336 patruique
715 1252 761 1317 tui
781 1263 854 1337 post
871 1253 1005 1319 amissos
1023 1254 1083 1320 im·

88 1355 210 1411 ratores
227 1345 396 1411 ferociores
414 1356 445 1410 et
463 1345 638 1412 calamitate
660 1345 745 1431 ipsa;
772 1347 837 1411 dux
859 1348 1080 1414 tumultuarius
1099 1373 1117 1419 5

87 1438 179 1506 tidem
203 1440 257 1504 ille
280 1440 322 1505 L.
340 1439 482 1506 Marcius
508 1450 540 1506 et
565 1440 691 1505 militari
717 1440 867 1527 suffragio
894 1442 935 1507 ad
956 1452 1081 1529 tempus

88 1542 165 1613 curs,
193 1546 331 1600 ceterum
354 1535 382 1600 si
402 1535 548 1601 nobilitas
570 1557 608 1601 ac
630 1535 705 1600 iusti
727 1534 861 1601 honores
884 1537 1080 1616 adornarent,

88 1628 143 1693 aris
169 1629 410 1715 imperatoribus
437 1629 575 1714 qualibet
600 1639 666 1695 arte
693 1628 767 1695 belli
791 1651 867 1716 par;
898 1640 1081 1718 oppugnata

88 1739 115 1784 er
143 1745 300 1788 summum
330 1724 428 1789 otium
460 1722 621 1811 Carthago
650 1723 736 1789 nullo
767 1724 861 1789 trium
886 1724 1080 1790 Punicorum

88 1819 245 1884 xercituum
272 1820 375 1886 socios
402 1819 604 1899 defendente3
639 1830 757 1899 cetera,
789 1843 891 1906 neque
917 1844 955 1887 ea
981 1821 1115 1900 clevos

88 1907 141 1976 ullo
157 1923 260 1979 tamen
277 1915 371 1979 modo
384 1913 496 1980 Africo
514 1913 596 1981 bello
614 1916 837 2001 comparanda,
855 1914 911 1981 ubi
927 1938 992 1981 non
1008 1938 1082 2002 por-

89 2018 118 2064 tu
132 2006 206 2072 ullus
230 2007 325 2074 classi
347 2019 472 2075 nostrae
494 2018 635 2094 apertus,
658 2031 722 2075 non
738 2032 816 2096 ager
831 2020 972 2095 pacatus.
1016 2031 1081 2076 non

89 2091 163 2164 lvitas
188 2102 286 2180 socia,
313 2125 377 2168 non
397 2125 454 2168 rex
475 2102 609 2181 amicus,
637 2126 701 2168 non
728 2104 918 2169 consistendi
944 2126 1079 2189 usquam

89 2202 157 2270 trus,
172 2219 234 2261 non
250 2197 453 2283 procedendi:
472 2219 670 2283 quacumque
688 2198 962 2283 circumspexeris,
981 2199 1079 2265 hosti·
1098 2223 1113 2269 a

89 2292 213 2357 lemnia
230 2302 326 2376 atque
342 2292 466 2358 infesta.
511 2317 552 2359 au
571 2292 711 2380 Syphaci
728 2293 936 2376 Numidisque
958 2295 1079 2359 credis?

90 2375 137 2442 fis
152 2384 187 2449 sit
203 2387 301 2451 semel
319 2388 484 2453 creditum:
502 2412 566 2454 non
579 2411 704 2474 semper
718 2389 874 2454 temeritas
888 2399 937 2453 est
954 2389 1031 2453 felix
1048 2399 1080 2454 et

89 2491 146 2537 rus
159 2478 249 2545 fidem
266 2481 299 2545 in
316 2482 422 2567 parvis
441 2482 502 2548 sibi
518 2484 700 2569 praestruit,
719 2492 768 2562 ut,
787 2505 860 2548 cum
878 2505 991 2569 operae
1008 2505 1079 2569 pre-

90 2582 136 2627 m
150 2572 199 2652 sit,
223 2597 295 2640 cum
313 2577 457 2642 mercede
475 2600 590 2663 magna
607 2577 705 2643 fallat.
750 2600 814 2642 non
835 2577 935 2643 hostis
957 2587 1078 2663 patrem
1095 2597 1113 2646 8

90 2675 256 2754 ²'utrmque
274 2680 363 2736 tuum
381 2672 475 2736 armis
493 2671 580 2757 prius
599 2695 695 2757 quam
711 2669 861 2737 Celtiberi
877 2672 954 2737 socii
966 2671 1078 2737 fraude

90 2764 319 2857 ³¹3uvenerunt
343 2787 402 2830 nec
428 2765 485 2832 tibi
510 2766 573 2851 ipsi
598 2790 618 2831 a
643 2766 783 2854 Magone
810 2775 841 2831 et
866 2765 1077 2846 Hasdrubale,

90 2849 186 2922 *hum
208 2858 357 2938 ducibus,
384 2870 536 2944 quantum
559 2860 599 2926 ab
621 2859 757 2926 Indibile
780 2869 811 2926 et
832 2859 1020 2941 Mandonio,
1045 2861 1080 2926 in

90 2951 139 3004 ’ΠΙ
160 2953 314 3039 acceptis,
336 2954 466 3040 periculi
487 2953 557 3019 fuit.
602 2953 748 3019 Numidis
772 2965 806 3021 tu
829 2956 955 3022 credere
977 2967 1113 3041 puteas

90 3042 257 3112 eetionem
275 3048 408 3113 militum
426 3059 551 3115 tuorum
569 3049 736 3134 expertus?
758 3059 790 3114 et
808 3047 941 3134 Syphax
958 3059 990 3113 et
1006 3048 1079 3113 Ma-

91 3138 165 3204 ’⁸⁸12
181 3164 215 3206 se
234 3163 329 3225 quam
345 3140 615 3229 Carthaginiensis
633 3143 753 3207 malunt
770 3142 905 3227 potentis
919 3143 952 3206 in
966 3140 1079 3207 Africa

91 3229 125 3294 θ’
152 3235 425 3323 Carthaginiensis
444 3260 538 3322 quam
556 3259 747 3322 quemquam
765 3237 870 3301 alium.
905 3257 989 3301 nunc
1005 3235 1076 3302 illos
1097 3257 1130 3304 10

91 3323 217 3397 lulatio
237 3330 319 3396 inter
341 3353 375 3396 se
398 3341 430 3397 et
452 3354 561 3398 omnes
584 3354 698 3398 causae
720 3330 925 3396 certaminum
950 3340 1076 3409 acuunt,

91 3421 114 3467 ἢ
134 3426 249 3508 procul
267 3435 413 3492 externus
431 3438 534 3492 metus
553 3438 615 3506 est3
638 3426 768 3492 ostende
781 3424 925 3490 Romana
942 3447 1029 3489 arma
1046 3433 1078 3489 et

91 3514 219 3584 *citum
237 3519 462 3607 alienigenam,
481 3521 567 3586 velut
581 3522 622 3587 ad
636 3542 801 3586 commune
818 3519 1078 3605 restinguendum

91 3610 227 3679 ‘adium
253 3626 448 3681 concurrent.
492 3616 582 3681 aliter
606 3616 708 3681 eidem
730 3615 776 3680 illi
800 3613 1075 3700 Carthaginienses
1095 3633 1126 3680 11

92 3705 238 3782 Spanum
269 3711 490 3789 defenderunt,
526 3711 616 3776 aliter
640 3711 765 3776 moenia
791 3710 924 3795 patriae,
960 3707 1077 3793 templa

92 3783 158 3884 hm,
185 3828 256 3871 aras
280 3816 311 3871 et
333 3807 421 3872 focos
444 3805 626 3884 defendent,
655 3827 728 3870 cum
751 3804 853 3869 euntis
873 3803 907 3868 in
923 3801 1076 3889 proelium

92 3886 165 3992 ¹lida
184 3911 392 3987 prosequetur
413 3901 550 3966 coniunx
572 3909 604 3965 et
628 3899 718 3986 parvi
742 3897 832 3963 liberi
857 3894 1074 3962 occursabunt.

92 3986 130 4052 ιιί]
153 3995 266 4079 porro?
305 3996 332 4060 si
364 3997 439 4062 satis
470 3995 581 4061 confisi
611 3993 888 4079 Carthaginienses
919 4014 1075 4058 consensu
1095 4010 1127 4058 12
