2528 4514
138 216 201 283 298
370 226 488 282 LIBER
505 225 618 296 XXVI,
637 226 681 280 29.
694 224 737 280 30.
758 228 833 294 [au.
845 224 942 294 aaa]
989 235 994 241 '

138 384 310 453 facturuml
346 383 437 450 obrui
457 383 582 449 Aetnae
608 383 736 470 ignibus
763 391 817 448 aut
844 382 946 468 mergi
968 381 1035 449 freto
1049 383 1109 449 utin

104 482 185 550 silli
211 480 333 547 insulae
358 500 429 544 esse
455 499 550 562 quam
577 477 663 542 velut
688 476 761 543 dedi
791 499 895 542 noxae
920 478 1040 544 inimico.
1072 476 1106 543 lut
1141 515 1144 524 ν

142 574 321 642 Siculorum
339 571 495 656 querellae
513 573 624 637 domos
642 572 779 658 primum
800 571 955 638 nobilium
970 571 1105 638 emmau

140 667 376 752 celebrataeque
395 665 605 743 sermonibus,
625 688 705 750 quos
722 666 837 752 partim
854 663 1106 733 misericordiali!¹
1133 680 1151 761 p

138 764 259 841 lorum,
294 762 409 848 partim
434 761 553 826 invidia
578 759 724 826 Marcelli
754 759 931 840 excitabat,
964 761 996 827 iu
1020 768 1105 828 seut!

104 858 235 927 uetiam
255 865 473 943 pervenerunt.
516 854 710 940 postulatum
731 879 752 920 a
772 854 956 922 consulibus
980 864 1032 934 est,
1048 850 1106 919 utb
1131 869 1151 925 μ]

139 949 353 1038 permutandis
370 949 540 1036 provinciis
564 959 708 1015 senatum
730 949 939 1016 consulerent.
987 945 1104 1025 Matala
1132 968 1151 990 ⁴²

141 1046 169 1110 si
185 1045 248 1110 iam
267 1044 365 1109 auditi
387 1042 427 1109 ab
450 1051 562 1108 senatu
580 1040 680 1109 Siculi
702 1053 822 1123 essent,
851 1044 946 1110 aliam
967 1036 1104 1109 forsitanti·
1129 1060 1151 1095 ³2

107 1163 121 1209 t
141 1150 243 1204 turam
257 1138 357 1204 fuisse
371 1138 559 1203 sententiam
573 1161 665 1203 suam
677 1138 795 1203 dicerer
813 1161 910 1217 nuno,
923 1137 1034 1222 nequis
1043 1134 1104 1199 tinet
1131 1129 1138 1176 ἶ

140 1232 257 1299 frenari
280 1255 335 1299 eos
357 1232 460 1298 dicere
482 1240 604 1318 posset,
640 1254 703 1316 quo
728 1232 832 1297 minus
856 1233 896 1298 de
919 1255 957 1299 eo
977 1231 1104 1311 liberet*
1136 1244 1151 1306 p

140 1338 261 1406 rantur,
287 1327 321 1392 in
347 1327 436 1393 cuius
462 1335 616 1411 potestate
642 1348 718 1392 mox
743 1326 843 1392 futuri
865 1326 943 1405 sint,
969 1326 996 1392 si
1015 1320 1104 1407 codtp
1130 1352 1144 1391 ⁴

104 1442 122 1491 8
141 1423 219 1488 nihil
235 1421 369 1500 intersit,
388 1429 510 1486 mutare
529 1443 563 1486 se
580 1421 774 1506 provinciam
787 1430 933 1508 paratum
947 1443 1019 1487 esse.
1043 1416 1104 1501 dep*
1129 1435 1137 1462 t

141 1517 206 1583 cari
232 1525 359 1583 senatus
385 1514 625 1601 praeiudicium:
651 1538 726 1581 nam
747 1537 820 1580 cum
842 1524 932 1581 extra
957 1524 1051 1582 sortem
1070 1538 1082 1561 o
1136 1527 1151 1566 t

139 1612 229 1698 legae
261 1611 420 1696 optionem
450 1609 519 1675 dari
548 1610 727 1695 provinciae
758 1610 877 1676 inicum
907 1610 1054 1689 sueriuq
1105 1625 1137 1647 '²‘

140 1707 290 1772 maiorem
308 1704 466 1781 iniuriam,
484 1705 581 1770 immo
599 1705 821 1771 contumeliam
839 1727 925 1784 esse,
949 1710 1105 1803 sortenstq
1136 1712 1151 1795 ᾗῇ

106 1819 122 1866 9
142 1802 273 1867 adeum
290 1799 470 1865 transferri?
502 1800 547 1864 ita
565 1810 707 1877 senatus,
731 1822 804 1864 eum
822 1800 900 1884 quid
916 1800 1107 1887 placeretutt!
1131 1809 1138 1818 ’

143 1894 334 1960 ostendisset
355 1914 450 1977 quam
472 1893 645 1971 decresset,
673 1893 847 1959 dimittitur.
892 1894 973 1960 inter
992 1894 1108 1979 ipsese*
1140 1899 1151 1937 t

143 1987 227 2053 sules
249 1987 436 2073 permutatio
458 1988 707 2074 provinciarum,
733 1987 873 2072 rapiente
896 1988 964 2054 fato
985 1976 1109 2053 Marcel!
1135 2003 1137 2008 '

93 2101 125 2150 ιο
144 2081 184 2146 ad
213 2079 446 2160 Hannibalem,
481 2080 566 2146 facta
600 2091 666 2159 est,
705 2091 740 2146 ut
774 2104 814 2146 ex
849 2104 913 2166 quo
947 2082 1052 2168 primus
1072 2076 1112 2161 pti
1134 2081 1136 2091 ‘

142 2177 274 2242 adversa
287 2173 475 2261 [secunda]e
484 2197 611 2262 pugnae
632 2176 765 2263 gloriam
788 2186 927 2262 ceperat,
964 2179 997 2243 in
1015 2166 1114 2242 einls·
1141 2177 1150 2200 '⁴

143 2270 215 2335 dem
236 2281 414 2355 postremus
431 2269 647 2335 Romanorum
663 2271 902 2355 imperatorum,
930 2268 1116 2358 prosperatu

142 2364 278 2429 maxime
296 2362 415 2428 bellicis
433 2361 542 2440 rebuS,
563 2365 698 2429 caderet.

109 2479 121 2526 1
204 2456 325 2522 XXX.
369 2456 560 2522 Permutatis
586 2458 755 2543 provinciis
779 2455 879 2524 Siculi
901 2459 935 2523 in
958 2449 1122 2525 senatun'u

142 2552 276 2618 traducti
297 2551 397 2616 multa
419 2552 458 2616 de
480 2551 631 2617 Hieronis
657 2553 740 2638 regis
764 2553 825 2619 fide
847 2564 1000 2640 perpetua
1021 2564 1125 2639 ergutt

141 2645 251 2731 pulum
281 2645 460 2710 Romanum
491 2645 587 2711 verba
617 2645 759 2711 fecerunt
788 2647 821 2711 in
851 2648 987 2734 gratiam
1016 2643 1128 2735 publius

89 2752 123 2806 '2
142 2747 336 2804 avertentes:
371 2738 603 2824 Hieronymum
630 2762 667 2804 ao
696 2750 805 2825 postea
831 2740 1048 2828 Hippocraten
1072 2748 1129 2820 auu

141 2831 307 2916 Epicyden
325 2840 473 2916 tyrannos
492 2854 564 2897 cum
581 2832 622 2898 ob
641 2832 714 2911 alia,
734 2845 801 2898 tum
818 2846 947 2922 propter
966 2833 1133 2903 defectione

143 2924 182 2990 ab
200 2923 352 2990 Romanis
371 2926 412 2990 ad
428 2925 642 2992 Hannibalem
662 2927 781 2993 invisos
805 2928 906 2994 fuisse
925 2929 997 2995 sibi.
1040 2927 1076 2995 ob
1092 2940 1136 2990 ean

142 3041 271 3084 causam
296 3029 328 3084 et
352 3018 584 3106 Hieronymum
610 3044 629 3086 a
654 3020 848 3106 principibus
874 3022 1049 3089 iuventutis
1071 3034 1137 3108 prop

105 3133 123 3181 3
141 3112 267 3199 publico
286 3113 416 3179 consilio
433 3114 631 3180 interfectum
650 3126 680 3181 et
693 3116 726 3180 in
738 3115 892 3202 Epicydis
906 3116 1140 3205 Hippocratisqtt

141 3209 270 3273 caedem
293 3207 491 3294 septuaginta
517 3209 783 3275 nobilissimorum
808 3211 963 3277 iuvenum
990 3207 1142 3279 coniuratio

141 3309 220 3368 nem'
231 3301 362 3380 factam3
381 3324 460 3386 quos
469 3302 613 3368 Marcelli
631 3326 719 3370 mora
736 3304 913 3384 destitutos,
932 3307 1012 3390 quia
1029 3307 1067 3373 ad
1080 3320 1143 3391 prat·

141 3396 259 3461 dictum
281 3406 404 3482 tempus
427 3398 598 3463 exercitum
619 3398 661 3463 ad
684 3396 860 3485 Syracusas
883 3423 950 3467 non
973 3399 1143 3469 admovisset

105 3509 124 3554 4
141 3489 256 3554 indicio
275 3489 358 3555 facto
376 3492 477 3556 omnis
496 3491 536 3556 ab
555 3492 694 3576 tyrannis
716 3493 909 3560 interfectos.
956 3519 1029 3562 eam
1049 3506 1144 3580 quoqut

140 3582 344 3669 Hippocratis
364 3594 394 3649 et
415 3584 568 3670 Epicydis
592 3587 788 3671 tyrannidem
805 3587 999 3656 Marcellum
1021 3588 1144 3655 excitastt

106 3697 123 3743 5
141 3677 305 3747 Leontinis
315 3677 480 3744 crudeliter
488 3679 626 3765 direptis.
642 3704 814 3766 numquam
824 3682 938 3748 deinde
947 3676 1144 3770 principeaSy

140 3794 363 3839 racusanorum
373 3773 493 3840 desisse
503 3774 545 3839 ad
551 3774 740 3840 Marcellum
754 3776 886 3842 transire
900 3777 1143 3863 polliceamur

140 3864 266 3945 urbem,
285 3889 356 3932 cum
369 3868 475 3946 vellet,
495 3869 524 3936 ei
539 3869 720 3935 tradituros:
745 3875 801 3935 sed
813 3893 887 3936 eum
900 3871 1004 3958 primo
1017 3871 1048 3937 vi
1059 3880 1143 3953 caput

106 3977 123 4026 6
142 3957 304 4041 maluisse3
323 3962 409 4042 dein,
429 3985 502 4030 cum
519 3964 551 4031 id
569 3987 670 4049 neque
687 3974 768 4032 terra
781 3988 884 4052 neque
902 3967 984 4035 mari
996 3963 1091 4033 omnia
1104 3977 1142 4023 ex·
