2528 4514
226 267 344 324 amaa
362 267 476 338 xxm,
493 267 519 322 4.
532 266 556 322 5.
578 269 617 336 [a.
629 267 659 322 o.
670 267 734 337 ιιι]
935 255 997 320 117

89 423 185 504 britio,
208 436 253 491 set
274 425 417 491 affluenti
433 424 530 510 copia
550 424 759 511 voluptatium
781 433 813 491 ct
833 423 999 490 inlecebris

89 519 292 586 amoenitatis
316 519 489 584 maritimae
512 520 744 604 terrestrisque,
771 528 839 584 tum
859 541 935 585 vero
956 520 1001 585 ita
1019 539 1036 588 5

89 613 142 698 quio
152 615 315 701 principum
333 623 364 678 et
381 613 506 678 lieentia
518 613 623 699 plebei
636 613 794 691 lascivire,
813 622 849 679 ut
858 635 917 679 nec
930 612 1002 681 libi·

95 729 133 773 nec
146 709 307 796 sumptibus
325 708 438 772 modus
456 719 549 772 esset
594 707 635 773 ad
653 717 866 795 contemptum
883 708 1000 796 legum,
1019 727 1036 778 6

89 800 225 882 btatuum,
243 814 372 870 senatus
391 802 524 867 accessit
542 812 610 866 tum
626 812 699 888 post
717 800 920 869 Cannensem
938 803 1001 869 cla-

89 906 138 976 ,ut,
152 899 232 964 cuius
251 898 359 981 aliqua
373 897 561 962 verecundia
579 907 659 974 erat,
678 896 858 963 Romanum
876 921 1002 985 quoque

89 1002 159 1057 neunt
172 991 346 1078 imperium.
372 990 406 1055 id
423 991 517 1055 modo
536 990 653 1055 eratin
669 1013 771 1070 mora,
789 1013 830 1057 ne
843 992 1001 1079 extemplo
1020 1009 1034 1055 ι

89 1097 154 1165 erent,
169 1087 252 1172 quod
266 1085 435 1151 conubium
449 1096 607 1150 vetustum
620 1085 736 1151 multas
750 1086 886 1152 familias
901 1087 1001 1153 claras

89 1182 171 1248 tenda
192 1180 345 1246 Romanis
372 1181 541 1245 miscuerat
562 1190 594 1245 et
615 1180 714 1264 quod,
741 1202 813 1246 cum
835 1181 1037 1247 militarente

89 1284 184 1360 ntaput
200 1275 378 1352 Romanos,
397 1275 571 1339 maximum
588 1274 748 1340 vinculum
767 1283 855 1340 erant
872 1275 1003 1341 trecenti

89 1374 122 1446 ts,
138 1369 344 1435 nobilissimus
367 1369 501 1453 quisque
520 1367 769 1455 Campanorum,
792 1369 826 1433 in
847 1369 1004 1456 praesidia

89 1456 155 1527 luam
169 1463 293 1530 urbium
312 1462 425 1528 delecti
443 1461 483 1527 ab
500 1462 654 1528 Romanis
673 1485 710 1529 ac
728 1463 826 1529 missi.

89 1551 105 1619 l,
126 1556 237 1624 Horum
255 1567 401 1644 parentes
420 1557 608 1643 cognatique
625 1579 720 1644 aegre
737 1558 949 1644 pervicerunt,
968 1566 1004 1623 ut
1022 1575 1036 1622 1

89 1646 142 1717 lad
166 1653 327 1720 consulem
352 1652 532 1718 Romanum
563 1653 767 1717 mitterentur.
811 1653 834 1717 ii
863 1652 1004 1719 nondum

89 1743 155 1812 ulum
174 1748 366 1834 profectum,
394 1746 452 1811 sed
473 1745 634 1812 Venusiae
661 1768 734 1811 cum
758 1747 868 1833 paucis
894 1768 932 1812 ac
956 1769 1005 1813 se-

89 1836 159 1907 nibus
182 1841 342 1908 consulem
368 1841 568 1917 invenerunt,
600 1861 695 1924 quam
720 1850 842 1926 poterat
868 1841 1004 1906 maxime

89 1929 181 2000 attam
202 1936 294 2002 bonis
317 1935 426 2012 sociis,
450 1934 593 2020 superbis
617 1944 712 2019 atque
728 1935 908 2013 infidelibus
925 1973 953 1984 -
969 1944 1005 2000 ut

89 2022 239 2116 tempani
260 2066 286 2076 -
310 2029 529 2115 spernendum.
574 2038 605 2094 et
632 2031 719 2096 auxit
744 2053 849 2095 rerum
876 2052 1004 2096 suarum
1022 2049 1055 2096 a·

89 2130 324 2210 montemptum
351 2123 461 2188 consul
487 2123 580 2188 nimis
603 2123 780 2210 detegendo
804 2124 925 2189 cladem
946 2146 1005 2189 nu-

89 2203 155 2293 loqu
174 2241 247 2283 nam
262 2240 333 2282 cum
350 2217 448 2302 legati
465 2239 559 2303 aegre
577 2218 659 2281 ferre
678 2226 822 2282 senatum
839 2218 1006 2304 populum·
1024 2236 1040 2285 3

89 2296 251 2395 llistrpanum
269 2312 393 2377 adversi
411 2312 580 2396 quicquam
598 2311 742 2376 evenisse
755 2309 907 2376 Romanis
924 2334 1006 2376 nun-

89 2408 132 2463 'ffll
146 2408 419 2491 pollicerenturque
455 2405 561 2471 omnia
595 2426 676 2489 quae
706 2404 748 2469 ad
777 2403 894 2470 bellum
925 2426 1005 2490 opus

89 2496 118 2595 ‚ll
135 2502 255 2567 ‘norem
277 2500 393 2587 magis'
414 2499 516 2584 inquit
539 2499 702 2584 ‘loquendi
724 2520 797 2565 cum
821 2499 915 2565 sociis
939 2517 1040 2564 ser-4

89 2603 110 2662 ¹⁸2
126 2588 279 2682 Campani,
306 2594 450 2660 iubentes
477 2616 557 2678 quae
583 2616 662 2680 opus
690 2602 796 2660 essent
821 2594 862 2660 ad
888 2592 1007 2659 bellum

89 2700 145 2766 ure,
176 2712 271 2774 quam
307 2690 528 2754 convenienter
562 2689 603 2754 ad
632 2697 830 2774 praesentem
861 2687 1006 2754 sommae

89 2792 113 2842 te
129 2792 237 2848 statum
259 2784 356 2848 locuti
378 2784 464 2849 estis.
509 2783 586 2867 quid
604 2783 687 2847 enim
704 2781 797 2849 nobis
816 2782 857 2848 ad
875 2779 1004 2848 Cannas
1024 2801 1039 2850 5

89 2889 124 2938 uu
143 2887 202 2956 est,
228 2887 277 2955 ut,
305 2879 378 2962 quia
400 2877 519 2962 aliquid
540 2876 728 2956 habeamus,
754 2877 789 2943 id
810 2877 896 2962 quod
917 2877 1007 2943 deest

89 2965 152 3035 u'ab
168 2971 262 3037 sociis
280 2970 434 3037 velimus?
454 2971 576 3057 pedites
593 2970 685 3037 vobis
702 2972 908 3058 imperemus,
927 2981 1007 3037 tam·

103 3065 212 3148 equites
224 3065 417 3131 habeamus?
432 3066 600 3152 pecuniam
618 3065 729 3131 deesse
747 3067 903 3144 dicamus,
927 3076 1007 3130 tam-

99 3178 129 3222 ea
144 3169 265 3225 tantum
282 3160 382 3225 desit?
399 3159 529 3227 nihilne
543 3159 629 3244 quod
643 3159 860 3246 suppleremus
878 3158 1006 3244 quidem
1026 3179 1040 3226 6

94 3252 211 3337 reliquit
226 3253 361 3319 fortuna.
405 3253 561 3341 legiones,
584 3254 757 3339 equitatus,
779 3276 880 3330 arma,
904 3252 1004 3339 signa,

89 3346 206 3433 urique,
231 3349 379 3433 pecunia,
408 3358 601 3414 commeatus
624 3359 677 3414 aut
698 3349 731 3413 in
754 3348 821 3414 acie
842 3356 897 3413 aut
922 3345 1006 3412 binis

89 3443 170 3508 odie
189 3444 313 3509 amissis
337 3443 446 3508 castris
467 3443 635 3530 perierunt.
679 3445 785 3528 itaque
806 3464 870 3507 non
891 3442 1005 3507 iuvetis
1025 3461 1039 3506 ι

89 3562 92 3598 t
106 3535 185 3603 bello
199 3548 334 3624 oportet,
354 3536 519 3623 Campani,
539 3547 587 3604 set
598 3560 699 3625 paene
712 3536 831 3603 bellum
842 3557 900 3622 pro
913 3533 1005 3600 nobis

89 3629 166 3697 istis.
209 3633 316 3698 veniat
332 3632 364 3696 in
382 3642 534 3710 mentem,
552 3642 587 3697 ut
605 3631 743 3718 trepidos
761 3630 920 3715 quondam
938 3651 1005 3694 ma-
1022 3645 1039 3697 8

89 3736 198 3792 vestros
215 3728 297 3792 intra
315 3727 438 3792 moenia
456 3726 622 3813 conpulsos
640 3748 700 3792 nee
719 3723 894 3793 Samnitem
911 3722 1005 3790 modo

89 3839 121 3895 n,
143 3830 188 3886 set
206 3822 300 3887 etiam
320 3820 494 3888 Sidicinum
512 3821 671 3907 paventis,
693 3828 835 3906 receptos
856 3818 891 3883 in
911 3816 1006 3884 fidem

89 3912 212 3982 tticulam
229 3916 461 3982 defenderimus
480 3926 687 4003 coeptumque
704 3925 831 4002 propter
852 3936 910 3979 vos
932 3935 1006 3979 cum

89 4003 176 4074 itibus
198 4010 315 4077 bellum
336 4033 393 4099 per
411 4020 535 4077 centum
553 4032 651 4096 prope
669 4032 767 4077 annos
784 4007 923 4075 variante
941 4007 1005 4074 for·
