2528 4530
195 247 260 313 462
405 252 524 309 LIBER
540 249 697 319 XXVIIII,
717 250 758 303 19.
772 249 815 303 20.
834 252 873 317 [a.
883 264 911 303 u.
922 265 946 303 c.
956 248 1021 318 550]

197 414 300 503 gratia
317 422 436 498 quanta
453 420 539 476 esset
556 417 634 494 aput
649 407 873 492 imperatorem
889 416 1041 492 expertos
1054 428 1137 486 esse,
1151 429 1205 474 cun

196 513 278 576 inter
303 530 378 574 eum
404 517 436 571 et
461 505 606 569 tribunos
632 501 761 587 cognita
785 521 883 565 causa
904 500 1050 566 tribunos
1072 501 1106 566 in
1125 502 1206 568 vincla

198 603 382 680 coniecerit,
405 600 548 687 legatum
570 618 670 681 aeque
693 606 818 661 sontem
835 606 890 659 aut
907 595 1013 682 magis
1030 596 1125 661 etiam
1139 596 1208 662 inea
1243 606 1253 663 t

165 726 180 773 3
198 708 356 789 potestate
377 693 548 779 reliquerit
592 690 689 755 iussis
707 689 861 755 excedere
878 689 1000 776 templo
1016 689 1142 778 legatis,
1160 714 1209 757 non
1244 684 1254 735 ’ῖ

198 790 373 861 Pleminius
391 788 501 865 modo,
525 785 696 852 sedetiam
714 781 823 871 Scipio
840 784 1021 871 principum
1039 786 1209 852 orationibus

198 885 341 953 lacerari.
385 894 457 948 ante
479 880 582 947 omnis
601 878 643 960 Q,
661 878 782 944 Fabius
804 888 916 944 natum
937 902 1013 945 eum
1030 880 1073 945 ad
1090 902 1210 947 conrum-
1245 872 1254 949 ἓ

166 1011 182 1055 -1
200 980 338 1069 pendam
355 975 556 1062 disciplinam
573 973 740 1038 militarem
758 995 906 1059 arguere:
925 974 973 1038 sic
986 984 1020 1039 et
1031 974 1210 1062 inHispauia

201 1079 274 1167 plus
300 1085 429 1162 propter
456 1070 644 1137 seditionem
669 1069 805 1134 militum
831 1091 927 1154 quam
951 1070 1038 1135 hello
1071 1071 1211 1137 murum.

200 1182 330 1239 externo
357 1179 389 1234 et
415 1166 503 1253 regio
526 1187 613 1230 more
637 1174 669 1228 et
690 1163 856 1250 indulgere
877 1164 1024 1230 licentiae
1047 1165 1212 1230 mihtumet

202 1265 324 1332 saevire
341 1263 376 1327 in
393 1284 459 1327 eos.
504 1259 693 1326 sententiam
710 1258 825 1324 deinde
843 1280 942 1342 aeque
960 1270 1085 1324 trucem
1101 1257 1212 1325 orationi

168 1385 183 1430 5
203 1359 330 1425 adiecit:
361 1354 553 1422 Pleminium
579 1353 721 1440 legatum
746 1352 888 1417 vinctum
909 1353 1052 1419 Romam
1077 1351 1212 1441 deportari

200 1454 326 1541 plaeere
348 1461 443 1516 etex
464 1448 599 1514 vinculis
622 1469 752 1513 causam
774 1446 879 1517 dicere
902 1468 953 1525 ac,
982 1448 1011 1512 si
1034 1470 1112 1514 vera
1129 1448 1213 1513 forent

202 1569 283 1632 quae
304 1545 487 1611 Locrenses
510 1552 724 1627 quererentur,
750 1541 785 1606 in
807 1562 932 1607 carcere
954 1542 1065 1608 necari
1089 1542 1214 1626 bonoque

169 1665 183 1712 t
203 1643 270 1708 eius
284 1639 453 1727 pubhcari3
470 1638 510 1704 P.
525 1636 722 1723 Scipionem,
741 1637 827 1721 quod
840 1636 880 1701 de
896 1636 1064 1722 provincia
1081 1636 1213 1703 detersis

204 1749 252 1801 set
268 1735 392 1799 iniussu
410 1743 555 1811 senatus,
572 1731 729 1809 revocari,
749 1731 863 1817 agique
881 1752 955 1796 cum
972 1732 1109 1799 tribunis
1121 1732 1213 1820 plebis,

170 1843 238 1900 rut
256 1830 296 1895 de
313 1827 446 1914 imperio
470 1827 537 1892 eius
561 1826 744 1912 abrogando
766 1826 885 1891 ferrent
907 1827 950 1891 ad
970 1827 1140 1915 populum3
1164 1826 1215 1891 Lo-

204 1923 367 1989 crensibus
390 1943 497 1986 coram
521 1931 666 1987 senatum
685 1920 893 2007 respondere,
920 1943 1001 2006 quas
1025 1922 1155 1988 iniurias
1170 1918 1216 1986 sihi

203 2018 305 2082 factas
332 2025 546 2100 quererentur,
573 2036 628 2079 eas
649 2035 754 2098 neque
781 2024 926 2080 senatum
950 2038 1058 2100 neque
1083 2015 1215 2104 populun

203 2111 305 2176 factas
323 2110 420 2188 velle,
443 2110 529 2175 viros
547 2110 648 2175 bonos
668 2109 836 2193 sociosque
853 2122 886 2175 et
903 2111 1023 2176 amicos
1048 2133 1105 2178 eos
1128 2108 1216 2197 appel-

202 2207 274 2285 lari,
292 2206 424 2285 hberos,
443 2206 595 2292 coniuges
608 2227 752 2291 quaeque
766 2206 828 2271 alia
845 2217 954 2294 erepta
971 2219 1082 2274 essent
1098 2205 1215 2283 restitui;

201 2302 378 2390 pecuniam,
397 2312 515 2386 quanta
528 2324 569 2366 ex
582 2299 762 2366 thensauris
770 2301 983 2388 Proserpinae
997 2302 1127 2369 sublata
1138 2312 1218 2377 esset,
1254 2326 1256 2365 ι

152 2408 155 2413 “
203 2397 347 2481 conquiri
378 2396 571 2482 duplamque
598 2395 767 2481 pecuniam
792 2395 826 2459 in
850 2396 1041 2462 thensauros
1067 2398 1219 2485 reponiet

168 2512 184 2558 8
204 2513 329 2557 sacrum
349 2491 508 2577 piaculare
531 2490 613 2568 fieri,
639 2490 685 2555 ita
705 2501 742 2555 ut
762 2491 850 2576 prius
873 2491 915 2555 ad
932 2491 1117 2579 conlegium
1133 2490 1220 2580 ponti-

203 2585 298 2651 ficum
310 2587 491 2662 referretur,
509 2585 595 2668 quod
613 2584 695 2649 sacri
712 2585 874 2650 thensauri
891 2586 971 2650 moti
987 2586 1102 2652 violati
1120 2596 1220 2661 essent,

204 2703 284 2764 quae
314 2680 441 2767 piacula
466 2679 581 2764 quibus
610 2679 676 2744 deis
704 2679 819 2764 quibus
846 2680 958 2746 hostiis
984 2681 1056 2746 fieri
1082 2683 1221 2769 placeret

169 2796 183 2841 c
203 2775 332 2852 milites,
350 2775 459 2858 quiqui
468 2775 583 2839 Locris
597 2788 718 2853 essent,
737 2798 847 2840 omnes
865 2775 899 2839 in
913 2773 1058 2840 Siciliam
1076 2787 1223 2865 transpor-

202 2867 276 2945 tari,
300 2879 447 2952 quattuor
464 2868 610 2934 cohortes
630 2869 787 2935 sociorum
803 2869 913 2935 Latini
930 2869 1071 2935 nominis
1091 2871 1125 2936 in
1146 2892 1224 2959 prae·

153 2982 185 3027 10
205 2960 320 3026 sidium
341 2961 465 3026 Locros
492 2962 616 3028 adduci.
659 2963 823 3051 perrogari
848 2986 886 3029 eo
909 2963 959 3029 die
983 2966 1163 3031 sententiae
1183 2985 1224 3029 ao

202 3057 306 3123 censis
333 3056 445 3122 studiis
472 3080 530 3144 pro
554 3055 703 3144 Scipione
730 3070 763 3124 et
785 3059 937 3124 adversus
962 3055 1152 3147 Scipionem
1173 3080 1225 3125 non

152 3173 180 3217 11
201 3162 341 3239 potuere.
376 3161 502 3239 practer
518 3151 656 3217 Plemini
674 3152 797 3218 facinus
819 3152 1100 3239 Locrensiumque
1118 3154 1225 3221 cladem

201 3246 300 3332 ipsius
319 3245 415 3311 etiam
431 3246 631 3332 imperatoris
648 3270 714 3313 non
730 3247 896 3313 Romanus
912 3248 1026 3326 modo,
1045 3250 1109 3315 sed
1124 3273 1165 3316 ne
1179 3246 1226 3313 mi·

152 3362 183 3407 12
200 3341 300 3406 litaris
328 3341 455 3425 quidem
478 3341 580 3406 cultus
601 3341 792 3408 iactabatur:
821 3362 894 3407 cum
915 3343 1014 3428 pallio
1038 3345 1226 3431 crepidisque

200 3434 395 3500 inambulare
412 3436 446 3500 in
464 3436 647 3521 gymnasio,
673 3437 788 3502 libellis
806 3458 879 3503 eum
895 3436 1145 3524 palaestraeque
1164 3458 1227 3525 opt·

200 3552 269 3595 ram
287 3530 377 3608 dare,
396 3553 496 3614 aeque
515 3531 663 3618 segniter,
684 3532 821 3597 molliter
839 3533 1003 3597 cohortem
1020 3543 1127 3601 totam
1144 3533 1227 3621 Syn-

151 3642 182 3690 13
202 3647 349 3692 cusarum
366 3624 555 3692 amoenitate
574 3627 651 3706 frui,
670 3625 899 3714 Carthaginem
913 3637 1011 3711 atque
1020 3628 1225 3695 Hannibalem

201 3720 359 3787 excidisse
386 3721 426 3786 de
453 3720 621 3799 memoria,
658 3722 831 3787 exercitum
857 3744 987 3787 omnem
1013 3722 1148 3790 licentia
1170 3742 1227 3788 cor·

199 3826 341 3901 ruptum,
365 3816 466 3901 qualis
487 3814 631 3882 Sucrone
652 3817 686 3881 in
703 3816 863 3904 Hispania
886 3815 999 3895 fuerit,
1027 3820 1136 3903 qualis
1156 3834 1226 3882 nunc

199 3907 329 3986 Locris,
348 3915 431 3976 socls
449 3910 553 3997 magis
570 3932 666 3995 quam
684 3911 768 3978 hosti
785 3910 1003 3978 metuendum.

167 4022 181 4067 1
265 4000 350 4069 XX.
393 4006 486 4071 Haec
511 4027 705 4091 quamquam
729 4007 844 4094 partim
870 4028 960 4085 vera,
994 4008 1117 4095 partim
1140 4006 1225 4074 mixta
