<?xml version="1.0" encoding="UTF-8"?>
<!DOCTYPE html PUBLIC "-//W3C//DTD XHTML 1.0 Transitional//EN"
    "http://www.w3.org/TR/xhtml1/DTD/xhtml1-transitional.dtd">
<html xmlns="http://www.w3.org/1999/xhtml" xml:lang="en" lang="en">
 <head>
  <title>
</title>
<meta http-equiv="Content-Type" content="text/html;charset=utf-8" />
  <meta name='ocr-system' content='tesseract 3.04.00' />
  <meta name='ocr-capabilities' content='ocr_page ocr_carea ocr_par ocr_line ocrx_word'/>
</head>
<body>
  <div class='ocr_page' id='page_1' title='image "./titiliviaburbec00weisgoog_0478.png"; bbox 0 0 2528 4514; ppageno 0'>
   <div class='ocr_carea' id='block_1_1' title="bbox 142 249 947 326">
    <p class='ocr_par' dir='ltr' id='par_1_1' title="bbox 142 249 947 326">
     <span class='ocr_line' id='line_1_1' title="bbox 142 249 947 326; baseline -0.009 -10"><span class='ocrx_word' id='word_1_1' title='bbox 142 249 206 316; x_wconf 83' lang='lat'><strong>356</strong></span> <span class='ocrx_word' id='word_1_2' title='bbox 364 255 624 325; x_wconf 77' lang='lat' dir='ltr'><strong>arnanxxvn,</strong></span> <span class='ocrx_word' id='word_1_3' title='bbox 643 255 685 310; x_wconf 83' lang='grc' dir='ltr'><strong>ιι.</strong></span> <span class='ocrx_word' id='word_1_4' title='bbox 700 255 742 310; x_wconf 80' lang='lat' dir='ltr'><strong>aa</strong></span> <span class='ocrx_word' id='word_1_5' title='bbox 762 253 947 326; x_wconf 63' lang='lat' dir='ltr'><strong>[anama]</strong></span> 
     </span>
    </p>
   </div>
   <div class='ocr_carea' id='block_1_2' title="bbox 92 411 1190 3958">
    <p class='ocr_par' dir='ltr' id='par_1_2' title="bbox 92 411 1190 3958">
     <span class='ocr_line' id='line_1_2' title="bbox 144 411 1138 502; baseline -0.008 -18"><span class='ocrx_word' id='word_1_6' title='bbox 144 445 163 485; x_wconf 89' lang='lat' dir='ltr'><strong>a</strong></span> <span class='ocrx_word' id='word_1_7' title='bbox 181 416 292 483; x_wconf 88' lang='lat' dir='ltr'><strong>castris</strong></span> <span class='ocrx_word' id='word_1_8' title='bbox 310 437 498 502; x_wconf 85' lang='lat' dir='ltr'><strong>progressos</strong></span> <span class='ocrx_word' id='word_1_9' title='bbox 515 424 626 500; x_wconf 90' lang='lat' dir='ltr'><strong>posset</strong></span> <span class='ocrx_word' id='word_1_10' title='bbox 644 413 804 500; x_wconf 85' lang='lat' dir='ltr'>excipere,</span> <span class='ocrx_word' id='word_1_11' title='bbox 827 411 958 499; x_wconf 87' lang='lat' dir='ltr'><strong>signum</strong></span> <span class='ocrx_word' id='word_1_12' title='bbox 973 412 1039 490; x_wconf 87' lang='lat' dir='ltr'><strong>dat,</strong></span> <span class='ocrx_word' id='word_1_13' title='bbox 1056 422 1138 499; x_wconf 88' lang='lat' dir='ltr'><strong>ntpa·</strong></span> 
     </span>
     <span class='ocr_line' id='line_1_3' title="bbox 108 507 1141 593; baseline -0.012 -12"><span class='ocrx_word' id='word_1_14' title='bbox 108 514 217 582; x_wconf 73' lang='lat' dir='ltr'><strong>ariter</strong></span> <span class='ocrx_word' id='word_1_15' title='bbox 240 513 280 576; x_wconf 88' lang='lat' dir='ltr'><strong>ab</strong></span> <span class='ocrx_word' id='word_1_16' title='bbox 301 509 443 592; x_wconf 91' lang='lat' dir='ltr'><strong>utrisque</strong></span> <span class='ocrx_word' id='word_1_17' title='bbox 465 507 615 574; x_wconf 89' lang='lat' dir='ltr'><strong>lateribus</strong></span> <span class='ocrx_word' id='word_1_18' title='bbox 639 518 853 574; x_wconf 86' lang='lat' dir='ltr'><strong>exorerentur.</strong></span> <span class='ocrx_word' id='word_1_19' title='bbox 898 529 964 572; x_wconf 91' lang='lat' dir='ltr'><strong>non</strong></span> <span class='ocrx_word' id='word_1_20' title='bbox 985 516 1054 571; x_wconf 89' lang='lat' dir='ltr'><strong>ante</strong></span> <span class='ocrx_word' id='word_1_21' title='bbox 1068 528 1141 593; x_wconf 73' lang='lat' dir='ltr'><strong>appa</strong></span> 
     </span>
     <span class='ocr_line' id='line_1_4' title="bbox 141 601 1144 689; baseline -0.006 -17"><span class='ocrx_word' id='word_1_22' title='bbox 141 630 232 672; x_wconf 91' lang='lat' dir='ltr'><strong>ruere</strong></span> <span class='ocrx_word' id='word_1_23' title='bbox 263 604 377 689; x_wconf 87' lang='lat' dir='ltr'><strong>quibus</strong></span> <span class='ocrx_word' id='word_1_24' title='bbox 409 601 511 668; x_wconf 91' lang='lat' dir='ltr'><strong>obviis</strong></span> <span class='ocrx_word' id='word_1_25' title='bbox 543 603 583 669; x_wconf 92' lang='lat' dir='ltr'><strong>ab</strong></span> <span class='ocrx_word' id='word_1_26' title='bbox 612 603 688 689; x_wconf 89' lang='lat' dir='ltr'><strong>iugo</strong></span> <span class='ocrx_word' id='word_1_27' title='bbox 713 602 784 688; x_wconf 89' lang='lat' dir='ltr'><strong>ipso</strong></span> <span class='ocrx_word' id='word_1_28' title='bbox 811 601 1067 689; x_wconf 86' lang='lat' dir='ltr'><strong>consurgendum</strong></span> <span class='ocrx_word' id='word_1_29' title='bbox 1088 610 1144 676; x_wconf 84' lang='lat' dir='ltr'><strong>erat,</strong></span> 
     </span>
     <span class='ocr_line' id='line_1_5' title="bbox 108 694 1146 786; baseline -0.01 -16"><span class='ocrx_word' id='word_1_30' title='bbox 108 724 238 786; x_wconf 73' lang='lat' dir='ltr'><strong>aquam</strong></span> <span class='ocrx_word' id='word_1_31' title='bbox 264 697 446 764; x_wconf 79' lang='lat' dir='ltr'><strong>circumiere</strong></span> <span class='ocrx_word' id='word_1_32' title='bbox 472 697 527 780; x_wconf 92' lang='lat' dir='ltr'><strong>qui</strong></span> <span class='ocrx_word' id='word_1_33' title='bbox 553 698 594 761; x_wconf 89' lang='lat' dir='ltr'><strong>ab</strong></span> <span class='ocrx_word' id='word_1_34' title='bbox 620 708 710 783; x_wconf 90' lang='lat' dir='ltr'><strong>tergo</strong></span> <span class='ocrx_word' id='word_1_35' title='bbox 736 696 938 762; x_wconf 85' lang='lat' dir='ltr'><strong>includerent</strong></span> <span class='ocrx_word' id='word_1_36' title='bbox 963 694 1057 762; x_wconf 81' lang='lat' dir='ltr'><strong>viam</strong></span> <span class='ocrx_word' id='word_1_37' title='bbox 1098 706 1146 760; x_wconf 82' lang='grc' dir='ltr'>(ιιι</span> 
     </span>
     <span class='ocr_line' id='line_1_6' title="bbox 142 786 1189 878; baseline -0.01 -19"><span class='ocrx_word' id='word_1_38' title='bbox 142 795 281 878; x_wconf 90' lang='lat' dir='ltr'><strong>undique</strong></span> <span class='ocrx_word' id='word_1_39' title='bbox 300 814 409 858; x_wconf 89' lang='lat' dir='ltr'><strong>omnes</strong></span> <span class='ocrx_word' id='word_1_40' title='bbox 428 791 529 857; x_wconf 86' lang='lat' dir='ltr'><strong>exorti</strong></span> <span class='ocrx_word' id='word_1_41' title='bbox 546 802 578 856; x_wconf 88' lang='lat' dir='ltr'><strong>et</strong></span> <span class='ocrx_word' id='word_1_42' title='bbox 596 791 732 856; x_wconf 87' lang='lat' dir='ltr'><strong>clamore</strong></span> <span class='ocrx_word' id='word_1_43' title='bbox 751 786 877 856; x_wconf 91' lang='lat' dir='ltr'><strong>sublato</strong></span> <span class='ocrx_word' id='word_1_44' title='bbox 890 789 1048 878; x_wconf 82' lang='lat' dir='ltr'><strong>impetum</strong></span> <span class='ocrx_word' id='word_1_45' title='bbox 1059 789 1147 857; x_wconf 81' lang='lat' dir='ltr'><strong>iecere</strong></span> <span class='ocrx_word' id='word_1_46' title='bbox 1187 839 1189 849; x_wconf 80' lang='grc'>,</span> 
     </span>
     <span class='ocr_line' id='line_1_7' title="bbox 144 885 1147 971; baseline -0.001 -19"><span class='ocrx_word' id='word_1_47' title='bbox 144 911 216 952; x_wconf 89' lang='lat' dir='ltr'><strong>eum</strong></span> <span class='ocrx_word' id='word_1_48' title='bbox 237 888 271 952; x_wconf 91' lang='lat' dir='ltr'><strong>in</strong></span> <span class='ocrx_word' id='word_1_49' title='bbox 293 909 331 951; x_wconf 90' lang='lat' dir='ltr'><strong>ea</strong></span> <span class='ocrx_word' id='word_1_50' title='bbox 352 885 435 950; x_wconf 87' lang='lat' dir='ltr'><strong>valle</strong></span> <span class='ocrx_word' id='word_1_51' title='bbox 457 885 603 951; x_wconf 90' lang='lat' dir='ltr'><strong>consules</strong></span> <span class='ocrx_word' id='word_1_52' title='bbox 627 895 748 963; x_wconf 83' lang='lat' dir='ltr'><strong>essent,</strong></span> <span class='ocrx_word' id='word_1_53' title='bbox 770 895 807 950; x_wconf 90' lang='lat' dir='ltr'><strong>nt</strong></span> <span class='ocrx_word' id='word_1_54' title='bbox 823 906 929 969; x_wconf 84' lang='lat' dir='ltr'><strong>neque</strong></span> <span class='ocrx_word' id='word_1_55' title='bbox 948 886 1147 971; x_wconf 80' lang='lat' dir='ltr'><strong>evaderepot·</strong></span> 
     </span>
     <span class='ocr_line' id='line_1_8' title="bbox 144 978 1148 1067; baseline -0.001 -21"><span class='ocrx_word' id='word_1_56' title='bbox 144 981 264 1046; x_wconf 89' lang='lat' dir='ltr'><strong>sentin</strong></span> <span class='ocrx_word' id='word_1_57' title='bbox 281 980 392 1067; x_wconf 85' lang='lat' dir='ltr'><strong>iugum</strong></span> <span class='ocrx_word' id='word_1_58' title='bbox 410 990 598 1067; x_wconf 90' lang='lat' dir='ltr'><strong>occupatum</strong></span> <span class='ocrx_word' id='word_1_59' title='bbox 616 980 657 1044; x_wconf 92' lang='lat' dir='ltr'><strong>ab</strong></span> <span class='ocrx_word' id='word_1_60' title='bbox 674 978 766 1045; x_wconf 87' lang='lat' dir='ltr'><strong>hoste</strong></span> <span class='ocrx_word' id='word_1_61' title='bbox 779 1001 839 1044; x_wconf 87' lang='lat' dir='ltr'><strong>nec</strong></span> <span class='ocrx_word' id='word_1_62' title='bbox 852 991 1021 1066; x_wconf 90' lang='lat' dir='ltr'><strong>receptum</strong></span> <span class='ocrx_word' id='word_1_63' title='bbox 1035 979 1148 1063; x_wconf 75' lang='lat' dir='ltr'><strong>abtago</strong></span> 
     </span>
     <span class='ocr_line' id='line_1_9' title="bbox 143 1072 1190 1151; baseline -0.001 -11"><span class='ocrx_word' id='word_1_64' title='bbox 143 1075 348 1140; x_wconf 88' lang='lat' dir='ltr'><strong>circumventi</strong></span> <span class='ocrx_word' id='word_1_65' title='bbox 379 1073 546 1151; x_wconf 87' lang='lat' dir='ltr'><strong>haberent,</strong></span> <span class='ocrx_word' id='word_1_66' title='bbox 582 1072 706 1138; x_wconf 83' lang='lat' dir='ltr'><strong>extrahi</strong></span> <span class='ocrx_word' id='word_1_67' title='bbox 736 1084 843 1138; x_wconf 89' lang='lat' dir='ltr'><strong>tamen</strong></span> <span class='ocrx_word' id='word_1_68' title='bbox 869 1073 992 1139; x_wconf 90' lang='lat' dir='ltr'><strong>diutius</strong></span> <span class='ocrx_word' id='word_1_69' title='bbox 1019 1084 1148 1139; x_wconf 77' lang='lat' dir='ltr'><strong>corana</strong></span> <span class='ocrx_word' id='word_1_70' title='bbox 1186 1084 1190 1146; x_wconf 81' lang='grc' dir='ltr'>Ξ</span> 
     </span>
     <span class='ocr_line' id='line_1_10' title="bbox 142 1165 1148 1256; baseline -0.001 -22"><span class='ocrx_word' id='word_1_71' title='bbox 142 1168 313 1256; x_wconf 88' lang='lat' dir='ltr'><strong>potuisset,</strong></span> <span class='ocrx_word' id='word_1_72' title='bbox 344 1167 378 1231; x_wconf 90' lang='lat' dir='ltr'><strong>ni</strong></span> <span class='ocrx_word' id='word_1_73' title='bbox 404 1177 516 1254; x_wconf 90' lang='lat' dir='ltr'><strong>coepta</strong></span> <span class='ocrx_word' id='word_1_74' title='bbox 543 1167 584 1233; x_wconf 92' lang='lat' dir='ltr'><strong>ab</strong></span> <span class='ocrx_word' id='word_1_75' title='bbox 604 1168 751 1234; x_wconf 81' lang='lat' dir='ltr'><strong>Etruscis</strong></span> <span class='ocrx_word' id='word_1_76' title='bbox 777 1168 857 1255; x_wconf 85' lang='lat' dir='ltr'><strong>fuga</strong></span> <span class='ocrx_word' id='word_1_77' title='bbox 882 1191 1040 1254; x_wconf 85' lang='lat' dir='ltr'><strong>pavorem</strong></span> <span class='ocrx_word' id='word_1_78' title='bbox 1064 1165 1148 1233; x_wconf 69' lang='lat' dir='ltr'><strong>celeb</strong></span> 
     </span>
     <span class='ocr_line' id='line_1_11' title="bbox 110 1261 1148 1348; baseline -0.005 -15"><span class='ocrx_word' id='word_1_79' title='bbox 110 1285 125 1333; x_wconf 80' lang='lat' dir='ltr'><strong>o</strong></span> <span class='ocrx_word' id='word_1_80' title='bbox 143 1263 312 1328; x_wconf 89' lang='lat' dir='ltr'><strong>iniecisset.</strong></span> <span class='ocrx_word' id='word_1_81' title='bbox 355 1284 420 1327; x_wconf 94' lang='lat' dir='ltr'><strong>non</strong></span> <span class='ocrx_word' id='word_1_82' title='bbox 442 1271 548 1326; x_wconf 90' lang='lat' dir='ltr'><strong>tamen</strong></span> <span class='ocrx_word' id='word_1_83' title='bbox 571 1261 706 1328; x_wconf 91' lang='lat' dir='ltr'><strong>omisere</strong></span> <span class='ocrx_word' id='word_1_84' title='bbox 723 1285 866 1348; x_wconf 86' lang='lat' dir='ltr'><strong>pugnam</strong></span> <span class='ocrx_word' id='word_1_85' title='bbox 884 1262 1006 1328; x_wconf 87' lang='lat' dir='ltr'><strong>deserti</strong></span> <span class='ocrx_word' id='word_1_86' title='bbox 1025 1263 1064 1328; x_wconf 90' lang='lat' dir='ltr'><strong>ab</strong></span> <span class='ocrx_word' id='word_1_87' title='bbox 1079 1262 1148 1327; x_wconf 74' lang='lat' dir='ltr'><strong>En</strong></span> 
     </span>
     <span class='ocr_line' id='line_1_12' title="bbox 144 1355 1147 1443; baseline -0.002 -21"><span class='ocrx_word' id='word_1_88' title='bbox 144 1357 206 1422; x_wconf 91' lang='lat' dir='ltr'><strong>scis</strong></span> <span class='ocrx_word' id='word_1_89' title='bbox 223 1355 419 1443; x_wconf 85' lang='lat' dir='ltr'><strong>Fregellani,</strong></span> <span class='ocrx_word' id='word_1_90' title='bbox 442 1355 543 1420; x_wconf 91' lang='lat' dir='ltr'><strong>donec</strong></span> <span class='ocrx_word' id='word_1_91' title='bbox 564 1355 680 1442; x_wconf 83' lang='lat' dir='ltr'><strong>integri</strong></span> <span class='ocrx_word' id='word_1_92' title='bbox 703 1356 849 1421; x_wconf 89' lang='lat' dir='ltr'><strong>consules</strong></span> <span class='ocrx_word' id='word_1_93' title='bbox 872 1356 1033 1422; x_wconf 89' lang='lat' dir='ltr'><strong>hortando</strong></span> <span class='ocrx_word' id='word_1_94' title='bbox 1053 1355 1147 1443; x_wconf 76' lang='lat' dir='ltr'><strong>ipsiquo</strong></span> 
     </span>
     <span class='ocr_line' id='line_1_13' title="bbox 110 1446 1178 1537; baseline -0.003 -21"><span class='ocrx_word' id='word_1_95' title='bbox 110 1472 124 1517; x_wconf 86' lang='grc' dir='ltr'><strong>ι</strong></span> <span class='ocrx_word' id='word_1_96' title='bbox 144 1461 291 1536; x_wconf 86' lang='lat' dir='ltr'><strong>exparte</strong></span> <span class='ocrx_word' id='word_1_97' title='bbox 308 1449 480 1536; x_wconf 89' lang='lat' dir='ltr'><strong>pugnando</strong></span> <span class='ocrx_word' id='word_1_98' title='bbox 502 1472 570 1514; x_wconf 93' lang='lat' dir='ltr'><strong>rem</strong></span> <span class='ocrx_word' id='word_1_99' title='bbox 593 1449 805 1529; x_wconf 85' lang='lat' dir='ltr'><strong>sustinebant3</strong></span> <span class='ocrx_word' id='word_1_100' title='bbox 833 1451 892 1515; x_wconf 88' lang='lat' dir='ltr'><strong>sed</strong></span> <span class='ocrx_word' id='word_1_101' title='bbox 913 1461 1084 1537; x_wconf 88' lang='lat' dir='ltr'><strong>postquam</strong></span> <span class='ocrx_word' id='word_1_102' title='bbox 1100 1446 1146 1513; x_wconf 81' lang='lat' dir='ltr'><strong>ul·</strong></span> <span class='ocrx_word' id='word_1_103' title='bbox 1177 1521 1178 1524; x_wconf 8' lang='grc' dir='ltr'><strong>Ἴ</strong></span> 
     </span>
     <span class='ocr_line' id='line_1_14' title="bbox 143 1542 1144 1621; baseline -0.002 -12"><span class='ocrx_word' id='word_1_104' title='bbox 143 1557 270 1611; x_wconf 89' lang='lat' dir='ltr'><strong>neratos</strong></span> <span class='ocrx_word' id='word_1_105' title='bbox 289 1546 382 1608; x_wconf 92' lang='lat' dir='ltr'><strong>ambo</strong></span> <span class='ocrx_word' id='word_1_106' title='bbox 401 1543 562 1621; x_wconf 88' lang='lat' dir='ltr'><strong>consules,</strong></span> <span class='ocrx_word' id='word_1_107' title='bbox 580 1543 770 1608; x_wconf 92' lang='lat' dir='ltr'><strong>Marcellum</strong></span> <span class='ocrx_word' id='word_1_108' title='bbox 788 1544 884 1609; x_wconf 89' lang='lat' dir='ltr'><strong>etiam</strong></span> <span class='ocrx_word' id='word_1_109' title='bbox 901 1546 1088 1613; x_wconf 85' lang='lat' dir='ltr'><strong>transfixum</strong></span> <span class='ocrx_word' id='word_1_110' title='bbox 1099 1542 1144 1607; x_wconf 79' lang='lat' dir='ltr'><strong>lm·</strong></span> 
     </span>
     <span class='ocr_line' id='line_1_15' title="bbox 145 1637 1148 1725; baseline 0 -23"><span class='ocrx_word' id='word_1_111' title='bbox 145 1661 201 1703; x_wconf 92' lang='lat' dir='ltr'><strong>cea</strong></span> <span class='ocrx_word' id='word_1_112' title='bbox 217 1638 436 1725; x_wconf 86' lang='lat' dir='ltr'><strong>prolabentem</strong></span> <span class='ocrx_word' id='word_1_113' title='bbox 454 1660 494 1702; x_wconf 86' lang='lat' dir='ltr'><strong>ex</strong></span> <span class='ocrx_word' id='word_1_114' title='bbox 512 1659 594 1720; x_wconf 92' lang='lat' dir='ltr'><strong>equo</strong></span> <span class='ocrx_word' id='word_1_115' title='bbox 608 1638 830 1703; x_wconf 91' lang='lat' dir='ltr'><strong>moribundum</strong></span> <span class='ocrx_word' id='word_1_116' title='bbox 843 1637 969 1717; x_wconf 89' lang='lat' dir='ltr'><strong>videre,</strong></span> <span class='ocrx_word' id='word_1_117' title='bbox 989 1649 1056 1703; x_wconf 91' lang='lat' dir='ltr'><strong>tum</strong></span> <span class='ocrx_word' id='word_1_118' title='bbox 1067 1630 1151 1721; x_wconf 68' lang='lat' dir='ltr'><strong>eripi.</strong></span> 
     </span>
     <span class='ocr_line' id='line_1_16' title="bbox 143 1726 1140 1819; baseline -0.001 -24"><span class='ocrx_word' id='word_1_119' title='bbox 143 1769 170 1779; x_wconf 94' lang='lat'><em>-</em></span> <span class='ocrx_word' id='word_1_120' title='bbox 189 1731 341 1817; x_wconf 83' lang='lat' dir='ltr'><strong>perpauci</strong></span> <span class='ocrx_word' id='word_1_121' title='bbox 367 1742 473 1795; x_wconf 90' lang='lat' dir='ltr'><strong>antem</strong></span> <span class='ocrx_word' id='word_1_122' title='bbox 504 1742 739 1817; x_wconf 90' lang='lat' dir='ltr'><strong>supererant-</strong></span> <span class='ocrx_word' id='word_1_123' title='bbox 766 1753 838 1796; x_wconf 91' lang='lat' dir='ltr'><strong>cum</strong></span> <span class='ocrx_word' id='word_1_124' title='bbox 866 1729 1020 1819; x_wconf 84' lang='lat' dir='ltr'><strong>Crispino</strong></span> <span class='ocrx_word' id='word_1_125' title='bbox 1045 1726 1140 1797; x_wconf 69' lang='lat' dir='ltr'><strong>oonnh</strong></span> 
     </span>
     <span class='ocr_line' id='line_1_17' title="bbox 144 1822 1144 1909; baseline 0.001 -20"><span class='ocrx_word' id='word_1_126' title='bbox 144 1825 267 1890; x_wconf 92' lang='lat' dir='ltr'><strong>duobus</strong></span> <span class='ocrx_word' id='word_1_127' title='bbox 285 1824 395 1889; x_wconf 88' lang='lat' dir='ltr'><strong>iaculis</strong></span> <span class='ocrx_word' id='word_1_128' title='bbox 412 1824 475 1889; x_wconf 90' lang='lat' dir='ltr'><strong>icto</strong></span> <span class='ocrx_word' id='word_1_129' title='bbox 494 1833 525 1888; x_wconf 92' lang='lat' dir='ltr'><strong>et</strong></span> <span class='ocrx_word' id='word_1_130' title='bbox 538 1823 692 1890; x_wconf 90' lang='lat' dir='ltr'><strong>Marcello</strong></span> <span class='ocrx_word' id='word_1_131' title='bbox 711 1825 915 1890; x_wconf 81' lang='lat' dir='ltr'><strong>adulescente</strong></span> <span class='ocrx_word' id='word_1_132' title='bbox 935 1824 1042 1890; x_wconf 91' lang='lat' dir='ltr'><strong>saucio</strong></span> <span class='ocrx_word' id='word_1_133' title='bbox 1057 1822 1144 1909; x_wconf 72' lang='lat' dir='ltr'><strong>etqua</strong></span> 
     </span>
     <span class='ocr_line' id='line_1_18' title="bbox 111 1917 1140 2004; baseline 0.001 -21"><span class='ocrx_word' id='word_1_134' title='bbox 111 1938 126 1986; x_wconf 87' lang='lat'>8</span> <span class='ocrx_word' id='word_1_135' title='bbox 145 1919 334 2004; x_wconf 85' lang='lat' dir='ltr'><strong>effugerunt.</strong></span> <span class='ocrx_word' id='word_1_136' title='bbox 378 1917 563 1982; x_wconf 86' lang='lat' dir='ltr'><strong>interfectus</strong></span> <span class='ocrx_word' id='word_1_137' title='bbox 581 1918 686 1983; x_wconf 90' lang='lat' dir='ltr'><strong>Aulus</strong></span> <span class='ocrx_word' id='word_1_138' title='bbox 704 1918 847 1983; x_wconf 84' lang='lat' dir='ltr'><strong>Manlius</strong></span> <span class='ocrx_word' id='word_1_139' title='bbox 865 1919 1013 1984; x_wconf 90' lang='lat' dir='ltr'><strong>tribunus</strong></span> <span class='ocrx_word' id='word_1_140' title='bbox 1029 1917 1140 1991; x_wconf 59' lang='lat' dir='ltr'><strong>milam:</strong></span> 
     </span>
     <span class='ocr_line' id='line_1_19' title="bbox 144 2008 1141 2097; baseline 0.007 -21"><span class='ocrx_word' id='word_1_141' title='bbox 144 2024 237 2076; x_wconf 90' lang='lat' dir='ltr'><strong>etex</strong></span> <span class='ocrx_word' id='word_1_142' title='bbox 260 2011 383 2076; x_wconf 87' lang='lat' dir='ltr'><strong>duobus</strong></span> <span class='ocrx_word' id='word_1_143' title='bbox 405 2011 574 2097; x_wconf 86' lang='lat' dir='ltr'><strong>praefectis</strong></span> <span class='ocrx_word' id='word_1_144' title='bbox 598 2010 720 2077; x_wconf 82' lang='lat' dir='ltr'><strong>sociflm</strong></span> <span class='ocrx_word' id='word_1_145' title='bbox 740 2012 872 2078; x_wconf 90' lang='lat' dir='ltr'><strong>Manius</strong></span> <span class='ocrx_word' id='word_1_146' title='bbox 893 2012 1013 2078; x_wconf 89' lang='lat' dir='ltr'><strong>Aulius</strong></span> <span class='ocrx_word' id='word_1_147' title='bbox 1038 2008 1141 2083; x_wconf 65' lang='lat' dir='ltr'><strong>0th-</strong></span> 
     </span>
     <span class='ocr_line' id='line_1_20' title="bbox 144 2098 1190 2191; baseline -0.004 -22"><span class='ocrx_word' id='word_1_148' title='bbox 144 2105 300 2170; x_wconf 88' lang='lat' dir='ltr'><strong>Arrenius</strong></span> <span class='ocrx_word' id='word_1_149' title='bbox 323 2115 522 2191; x_wconf 88' lang='lat' dir='ltr'><strong>captus.et</strong></span> <span class='ocrx_word' id='word_1_150' title='bbox 490 2105 672 2171; x_wconf 90' lang='lat' dir='ltr'><strong>etlictores</strong></span> <span class='ocrx_word' id='word_1_151' title='bbox 700 2107 866 2172; x_wconf 84' lang='lat' dir='ltr'><strong>consulum</strong></span> <span class='ocrx_word' id='word_1_152' title='bbox 892 2106 1031 2191; x_wconf 92' lang='lat' dir='ltr'><strong>quinque</strong></span> <span class='ocrx_word' id='word_1_153' title='bbox 1050 2098 1190 2175; x_wconf 75' lang='lat' dir='ltr'><strong>viri‘n</strong></span> 
     </span>
     <span class='ocr_line' id='line_1_21' title="bbox 144 2199 1129 2287; baseline 0.006 -22"><span class='ocrx_word' id='word_1_154' title='bbox 144 2199 300 2265; x_wconf 91' lang='lat' dir='ltr'><strong>hostium</strong></span> <span class='ocrx_word' id='word_1_155' title='bbox 314 2224 355 2287; x_wconf 94' lang='lat' dir='ltr'><strong>po</strong></span> <span class='ocrx_word' id='word_1_156' title='bbox 357 2210 453 2265; x_wconf 90' lang='lat' dir='ltr'><strong>ttesta</strong></span> <span class='ocrx_word' id='word_1_157' title='bbox 453 2223 503 2264; x_wconf 89' lang='lat' dir='ltr'><strong>ern</strong></span> <span class='ocrx_word' id='word_1_158' title='bbox 535 2212 702 2278; x_wconf 80' lang='lat' dir='ltr'><strong>venerunt,</strong></span> <span class='ocrx_word' id='word_1_159' title='bbox 734 2202 830 2267; x_wconf 90' lang='lat' dir='ltr'><strong>ceteri</strong></span> <span class='ocrx_word' id='word_1_160' title='bbox 857 2213 912 2266; x_wconf 89' lang='lat' dir='ltr'><strong>aut</strong></span> <span class='ocrx_word' id='word_1_161' title='bbox 899 2199 1129 2271; x_wconf 81' lang='lat' dir='ltr'><strong>tinterfeati</strong></span> 
     </span>
     <span class='ocr_line' id='line_1_22' title="bbox 112 2294 1079 2380; baseline -0.001 -19"><span class='ocrx_word' id='word_1_162' title='bbox 112 2317 218 2362; x_wconf 84' lang='lat' dir='ltr'><strong>ocum</strong></span> <span class='ocrx_word' id='word_1_163' title='bbox 248 2294 378 2359; x_wconf 90' lang='lat' dir='ltr'><strong>consule</strong></span> <span class='ocrx_word' id='word_1_164' title='bbox 411 2294 600 2379; x_wconf 87' lang='lat' dir='ltr'><strong>effugerunt.</strong></span> <span class='ocrx_word' id='word_1_165' title='bbox 646 2295 787 2378; x_wconf 88' lang='lat' dir='ltr'><strong>equitum</strong></span> <span class='ocrx_word' id='word_1_166' title='bbox 814 2308 879 2362; x_wconf 87' lang='lat' dir='ltr'><strong>tres</strong></span> <span class='ocrx_word' id='word_1_167' title='bbox 907 2307 1079 2380; x_wconf 89' lang='lat' dir='ltr'><strong>etqua</strong></span> 
     </span>
     <span class='ocr_line' id='line_1_23' title="bbox 146 2380 1180 2476; baseline -0.001 -24"><span class='ocrx_word' id='word_1_168' title='bbox 146 2399 199 2452; x_wconf 92' lang='lat' dir='ltr'><strong>aut</strong></span> <span class='ocrx_word' id='word_1_169' title='bbox 220 2388 253 2452; x_wconf 91' lang='lat' dir='ltr'><strong>in</strong></span> <span class='ocrx_word' id='word_1_170' title='bbox 274 2387 393 2474; x_wconf 88' lang='lat' dir='ltr'><strong>proelio</strong></span> <span class='ocrx_word' id='word_1_171' title='bbox 417 2397 472 2450; x_wconf 90' lang='lat' dir='ltr'><strong>aut</strong></span> <span class='ocrx_word' id='word_1_172' title='bbox 492 2387 525 2451; x_wconf 93' lang='lat' dir='ltr'><strong>in</strong></span> <span class='ocrx_word' id='word_1_173' title='bbox 548 2388 625 2475; x_wconf 85' lang='lat' dir='ltr'><strong>fuga</strong></span> <span class='ocrx_word' id='word_1_174' title='bbox 648 2389 842 2468; x_wconf 91' lang='lat' dir='ltr'><strong>ceciderunt,</strong></span> <span class='ocrx_word' id='word_1_175' title='bbox 870 2380 1112 2476; x_wconf 87' lang='lat' dir='ltr'><strong>duodeviginti</strong></span> <span class='ocrx_word' id='word_1_176' title='bbox 1167 2432 1180 2469; x_wconf 67' lang='lat'><em>3</em></span> 
     </span>
     <span class='ocr_line' id='line_1_24' title="bbox 94 2477 1190 2568; baseline -0.002 -22"><span class='ocrx_word' id='word_1_177' title='bbox 94 2506 126 2552; x_wconf 88' lang='lat'><strong>10</strong></span> <span class='ocrx_word' id='word_1_178' title='bbox 145 2483 238 2568; x_wconf 89' lang='lat' dir='ltr'><strong>capti.</strong></span> <span class='ocrx_word' id='word_1_179' title='bbox 282 2481 451 2545; x_wconf 89' lang='lat' dir='ltr'><strong>tumultuat</strong></span> <span class='ocrx_word' id='word_1_180' title='bbox 438 2491 505 2544; x_wconf 86' lang='lat' dir='ltr'><strong>turn</strong></span> <span class='ocrx_word' id='word_1_181' title='bbox 522 2481 556 2545; x_wconf 95' lang='lat' dir='ltr'><strong>in</strong></span> <span class='ocrx_word' id='word_1_182' title='bbox 573 2493 641 2546; x_wconf 91' lang='lat' dir='ltr'><strong>cast</strong></span> <span class='ocrx_word' id='word_1_183' title='bbox 641 2483 685 2548; x_wconf 90' lang='lat' dir='ltr'><strong>ris</strong></span> <span class='ocrx_word' id='word_1_184' title='bbox 629 2483 820 2561; x_wconf 88' lang='lat' dir='ltr'><strong>t,fuerat</strong></span> <span class='ocrx_word' id='word_1_185' title='bbox 838 2495 874 2548; x_wconf 89' lang='lat' dir='ltr'><strong>nt</strong></span> <span class='ocrx_word' id='word_1_186' title='bbox 892 2477 1115 2550; x_wconf 88' lang='lat' dir='ltr'><strong>consulibns&#39;·</strong></span> <span class='ocrx_word' id='word_1_187' title='bbox 1157 2521 1190 2567; x_wconf 73' lang='lat' dir='ltr'><strong>a:</strong></span> 
     </span>
     <span class='ocr_line' id='line_1_25' title="bbox 144 2570 1188 2653; baseline 0.002 -14"><span class='ocrx_word' id='word_1_188' title='bbox 144 2575 300 2653; x_wconf 91' lang='lat' dir='ltr'><strong>subsidio,</strong></span> <span class='ocrx_word' id='word_1_189' title='bbox 320 2597 391 2639; x_wconf 92' lang='lat' dir='ltr'><strong>cum</strong></span> <span class='ocrx_word' id='word_1_190' title='bbox 410 2575 572 2639; x_wconf 87' lang='lat' dir='ltr'><strong>consulem</strong></span> <span class='ocrx_word' id='word_1_191' title='bbox 590 2587 622 2639; x_wconf 91' lang='lat' dir='ltr'><strong>et</strong></span> <span class='ocrx_word' id='word_1_192' title='bbox 637 2576 738 2640; x_wconf 87' lang='lat' dir='ltr'><strong>filium</strong></span> <span class='ocrx_word' id='word_1_193' title='bbox 751 2577 879 2642; x_wconf 86' lang='lat' dir='ltr'><strong>alterins</strong></span> <span class='ocrx_word' id='word_1_194' title='bbox 893 2564 1096 2644; x_wconf 77' lang='lat' dir='ltr'><strong>consulisssn</strong></span> <span class='ocrx_word' id='word_1_195' title='bbox 1112 2570 1188 2643; x_wconf 67' lang='grc' dir='ltr'><strong>(ἓ</strong></span> 
     </span>
     <span class='ocr_line' id='line_1_26' title="bbox 144 2656 1190 2765; baseline -0.001 -30"><span class='ocrx_word' id='word_1_196' title='bbox 144 2670 338 2755; x_wconf 86' lang='lat' dir='ltr'><strong>exiguasque</strong></span> <span class='ocrx_word' id='word_1_197' title='bbox 355 2668 489 2734; x_wconf 83' lang='lat' dir='ltr'><strong>infelicis</strong></span> <span class='ocrx_word' id='word_1_198' title='bbox 508 2669 716 2755; x_wconf 85' lang='lat' dir='ltr'><strong>expeditionis</strong></span> <span class='ocrx_word' id='word_1_199' title='bbox 734 2671 884 2755; x_wconf 86' lang='lat' dir='ltr'><strong>reliquias</strong></span> <span class='ocrx_word' id='word_1_200' title='bbox 905 2673 947 2737; x_wconf 90' lang='lat' dir='ltr'><strong>ad</strong></span> <span class='ocrx_word' id='word_1_201' title='bbox 964 2656 1114 2765; x_wconf 48' lang='lat' dir='ltr'><strong>cssmvff‘</strong></span> <span class='ocrx_word' id='word_1_202' title='bbox 1173 2705 1190 2764; x_wconf 69' lang='lat' dir='ltr'><strong>q</strong></span> 
     </span>
     <span class='ocr_line' id='line_1_27' title="bbox 94 2757 1190 2850; baseline 0.005 -19"><span class='ocrx_word' id='word_1_203' title='bbox 94 2786 123 2831; x_wconf 88' lang='lat'><strong>11</strong></span> <span class='ocrx_word' id='word_1_204' title='bbox 144 2772 232 2826; x_wconf 88' lang='lat' dir='ltr'><strong>entes</strong></span> <span class='ocrx_word' id='word_1_205' title='bbox 260 2773 401 2826; x_wconf 90' lang='lat' dir='ltr'><strong>cernunt.</strong></span> <span class='ocrx_word' id='word_1_206' title='bbox 445 2786 531 2828; x_wconf 92' lang='lat' dir='ltr'><strong>mors</strong></span> <span class='ocrx_word' id='word_1_207' title='bbox 558 2763 705 2829; x_wconf 87' lang='lat' dir='ltr'><strong>Marcelli</strong></span> <span class='ocrx_word' id='word_1_208' title='bbox 735 2786 807 2830; x_wconf 90' lang='lat' dir='ltr'><strong>cum</strong></span> <span class='ocrx_word' id='word_1_209' title='bbox 838 2757 975 2850; x_wconf 83' lang='lat' dir='ltr'><strong>alioqui</strong></span> <span class='ocrx_word' id='word_1_210' title='bbox 983 2765 1067 2829; x_wconf 82' lang='lat' dir='ltr'><strong>mis</strong></span> <span class='ocrx_word' id='word_1_211' title='bbox 1112 2775 1190 2837; x_wconf 73' lang='lat' dir='ltr'><strong>:c</strong></span> 
     </span>
     <span class='ocr_line' id='line_1_28' title="bbox 143 2856 1190 2944; baseline 0.01 -24"><span class='ocrx_word' id='word_1_212' title='bbox 143 2856 217 2935; x_wconf 88' lang='lat' dir='ltr'><strong>fuit,</strong></span> <span class='ocrx_word' id='word_1_213' title='bbox 191 2867 312 2921; x_wconf 93' lang='lat' dir='ltr'><strong>ttum</strong></span> <span class='ocrx_word' id='word_1_214' title='bbox 334 2858 419 2940; x_wconf 90' lang='lat' dir='ltr'><strong>qnod</strong></span> <span class='ocrx_word' id='word_1_215' title='bbox 441 2880 501 2922; x_wconf 93' lang='lat' dir='ltr'><strong>nec</strong></span> <span class='ocrx_word' id='word_1_216' title='bbox 523 2881 581 2944; x_wconf 93' lang='lat' dir='ltr'><strong>pro</strong></span> <span class='ocrx_word' id='word_1_217' title='bbox 604 2882 641 2924; x_wconf 89' lang='lat' dir='ltr'><strong>ae</strong></span> <span class='ocrx_word' id='word_1_218' title='bbox 643 2870 750 2924; x_wconf 90' lang='lat' dir='ltr'><strong>t—ate</strong></span> <span class='ocrx_word' id='word_1_219' title='bbox 723 2860 867 2927; x_wconf 89' lang='lat' dir='ltr'><strong>—maior</strong></span> <span class='ocrx_word' id='word_1_220' title='bbox 888 2861 953 2926; x_wconf 85' lang='lat' dir='ltr'><strong>ianr</strong></span> <span class='ocrx_word' id='word_1_221' title='bbox 974 2859 1086 2926; x_wconf 88' lang='lat' dir='ltr'><strong>enin</strong></span> <span class='ocrx_word' id='word_1_222' title='bbox 1092 2869 1190 2930; x_wconf 65' lang='lat' dir='ltr'><strong>nbc</strong></span> 
     </span>
     <span class='ocr_line' id='line_1_29' title="bbox 144 2936 1103 3041; baseline 0.003 -28"><span class='ocrx_word' id='word_1_223' title='bbox 144 2949 233 3036; x_wconf 83' lang='lat' dir='ltr'><strong>ginta</strong></span> <span class='ocrx_word' id='word_1_224' title='bbox 260 2950 350 3016; x_wconf 92' lang='lat' dir='ltr'><strong>annis</strong></span> <span class='ocrx_word' id='word_1_225' title='bbox 378 2962 501 3016; x_wconf 91' lang='lat' dir='ltr'><strong>erat-</strong></span> <span class='ocrx_word' id='word_1_226' title='bbox 527 2975 630 3036; x_wconf 91' lang='lat' dir='ltr'><strong>neque</strong></span> <span class='ocrx_word' id='word_1_227' title='bbox 661 2977 718 3039; x_wconf 89' lang='lat' dir='ltr'><strong>pro</strong></span> <span class='ocrx_word' id='word_1_228' title='bbox 746 2954 861 3020; x_wconf 88' lang='lat' dir='ltr'><strong>veteris</strong></span> <span class='ocrx_word' id='word_1_229' title='bbox 889 2936 1103 3041; x_wconf 68' lang='lat' dir='ltr'><strong>prudentiau</strong></span> 
     </span>
     <span class='ocr_line' id='line_1_30' title="bbox 143 3044 1106 3135; baseline 0.003 -26"><span class='ocrx_word' id='word_1_230' title='bbox 143 3058 208 3109; x_wconf 90' lang='lat' dir='ltr'><strong>tam</strong></span> <span class='ocrx_word' id='word_1_231' title='bbox 225 3044 390 3130; x_wconf 87' lang='lat' dir='ltr'><strong>inprovide</strong></span> <span class='ocrx_word' id='word_1_232' title='bbox 409 3069 444 3110; x_wconf 85' lang='lat' dir='ltr'><strong>se</strong></span> <span class='ocrx_word' id='word_1_233' title='bbox 463 3046 690 3133; x_wconf 85' lang='lat' dir='ltr'><strong>conlegamque</strong></span> <span class='ocrx_word' id='word_1_234' title='bbox 708 3060 740 3112; x_wconf 91' lang='lat' dir='ltr'><strong>et</strong></span> <span class='ocrx_word' id='word_1_235' title='bbox 755 3072 855 3135; x_wconf 89' lang='lat' dir='ltr'><strong>prope</strong></span> <span class='ocrx_word' id='word_1_236' title='bbox 873 3058 972 3115; x_wconf 88' lang='lat' dir='ltr'><strong>totam</strong></span> <span class='ocrx_word' id='word_1_237' title='bbox 986 3064 1106 3129; x_wconf 86' lang='lat' dir='ltr'><strong>remp</strong></span> 
     </span>
     <span class='ocr_line' id='line_1_31' title="bbox 143 3139 1190 3232; baseline 0.001 -30"><span class='ocrx_word' id='word_1_238' title='bbox 143 3161 213 3203; x_wconf 87' lang='lat' dir='ltr'><strong>carn</strong></span> <span class='ocrx_word' id='word_1_239' title='bbox 231 3139 264 3202; x_wconf 92' lang='lat' dir='ltr'><strong>in</strong></span> <span class='ocrx_word' id='word_1_240' title='bbox 281 3161 434 3226; x_wconf 89' lang='lat' dir='ltr'><strong>praeceps</strong></span> <span class='ocrx_word' id='word_1_241' title='bbox 454 3140 592 3205; x_wconf 89' lang='lat' dir='ltr'><strong>dederat.</strong></span> <span class='ocrx_word' id='word_1_242' title='bbox 1153 3172 1190 3232; x_wconf 64' lang='lat' dir='ltr'><strong>js,</strong></span> 
     </span>
     <span class='ocr_line' id='line_1_32' title="bbox 93 3233 1150 3316; baseline 0.003 -15"><span class='ocrx_word' id='word_1_243' title='bbox 93 3256 124 3301; x_wconf 82' lang='lat'><strong>12</strong></span> <span class='ocrx_word' id='word_1_244' title='bbox 205 3233 293 3297; x_wconf 93' lang='lat' dir='ltr'><strong>Mult</strong></span> <span class='ocrx_word' id='word_1_245' title='bbox 281 3244 329 3298; x_wconf 93' lang='lat' dir='ltr'><strong>tos</strong></span> <span class='ocrx_word' id='word_1_246' title='bbox 352 3234 436 3298; x_wconf 90' lang='lat' dir='ltr'><strong>circa</strong></span> <span class='ocrx_word' id='word_1_247' title='bbox 457 3257 554 3298; x_wconf 89' lang='lat' dir='ltr'><strong>unam</strong></span> <span class='ocrx_word' id='word_1_248' title='bbox 574 3258 643 3300; x_wconf 91' lang='lat' dir='ltr'><strong>rem</strong></span> <span class='ocrx_word' id='word_1_249' title='bbox 664 3235 762 3300; x_wconf 91' lang='lat' dir='ltr'><strong>ambit</strong></span> <span class='ocrx_word' id='word_1_250' title='bbox 750 3247 800 3302; x_wconf 91' lang='lat' dir='ltr'><strong>tus</strong></span> <span class='ocrx_word' id='word_1_251' title='bbox 820 3236 963 3316; x_wconf 87' lang='lat' dir='ltr'><strong>fecerim,</strong></span> <span class='ocrx_word' id='word_1_252' title='bbox 986 3236 1011 3302; x_wconf 88' lang='lat' dir='ltr'><strong>si</strong></span> <span class='ocrx_word' id='word_1_253' title='bbox 1024 3246 1150 3316; x_wconf 76' lang='grc'><strong>((1(</strong></span> 
     </span>
     <span class='ocr_line' id='line_1_33' title="bbox 92 3326 1190 3417; baseline 0.002 -21"><span class='ocrx_word' id='word_1_254' title='bbox 92 3349 122 3396; x_wconf 86' lang='lat'><strong>13</strong></span> <span class='ocrx_word' id='word_1_255' title='bbox 142 3327 288 3391; x_wconf 85' lang='lat' dir='ltr'><strong>Marcelli</strong></span> <span class='ocrx_word' id='word_1_256' title='bbox 305 3338 406 3392; x_wconf 91' lang='lat' dir='ltr'><strong>morte</strong></span> <span class='ocrx_word' id='word_1_257' title='bbox 389 3327 548 3393; x_wconf 89' lang='lat' dir='ltr'><strong>evariant</strong></span> <span class='ocrx_word' id='word_1_258' title='bbox 566 3341 709 3396; x_wconf 88' lang='lat' dir='ltr'><strong>auctores</strong></span> <span class='ocrx_word' id='word_1_259' title='bbox 728 3331 834 3396; x_wconf 89' lang='lat' dir='ltr'><strong>omnia</strong></span> <span class='ocrx_word' id='word_1_260' title='bbox 851 3332 966 3417; x_wconf 85' lang='lat' dir='ltr'><strong>exequi</strong></span> <span class='ocrx_word' id='word_1_261' title='bbox 986 3326 1111 3396; x_wconf 79' lang='lat' dir='ltr'><strong>velun,</strong></span> <span class='ocrx_word' id='word_1_262' title='bbox 1179 3358 1190 3398; x_wconf 87' lang='lat' dir='ltr'><strong>t</strong></span> 
     </span>
     <span class='ocr_line' id='line_1_34' title="bbox 143 3420 1105 3512; baseline -0.001 -27"><span class='ocrx_word' id='word_1_263' title='bbox 143 3421 285 3485; x_wconf 90' lang='lat' dir='ltr'><strong>omittam</strong></span> <span class='ocrx_word' id='word_1_264' title='bbox 304 3421 396 3499; x_wconf 90' lang='lat' dir='ltr'><strong>alios,</strong></span> <span class='ocrx_word' id='word_1_265' title='bbox 421 3420 550 3488; x_wconf 85' lang='lat' dir='ltr'><strong>Coelius</strong></span> <span class='ocrx_word' id='word_1_266' title='bbox 569 3423 723 3510; x_wconf 90' lang='lat' dir='ltr'><strong>triplicem</strong></span> <span class='ocrx_word' id='word_1_267' title='bbox 741 3435 851 3512; x_wconf 84' lang='lat' dir='ltr'><strong>gestae</strong></span> <span class='ocrx_word' id='word_1_268' title='bbox 868 3449 915 3490; x_wconf 84' lang='lat' dir='ltr'><strong>rer</strong></span> <span class='ocrx_word' id='word_1_269' title='bbox 905 3421 1105 3492; x_wconf 87' lang='lat' dir='ltr'><strong>ordinem</strong></span> 
     </span>
     <span class='ocr_line' id='line_1_35' title="bbox 143 3510 1190 3606; baseline 0.003 -28"><span class='ocrx_word' id='word_1_270' title='bbox 143 3537 238 3578; x_wconf 90' lang='lat' dir='ltr'><strong>unam</strong></span> <span class='ocrx_word' id='word_1_271' title='bbox 257 3516 404 3580; x_wconf 87' lang='lat' dir='ltr'><strong>traditam</strong></span> <span class='ocrx_word' id='word_1_272' title='bbox 422 3517 521 3595; x_wconf 88' lang='lat' dir='ltr'><strong>fama,</strong></span> <span class='ocrx_word' id='word_1_273' title='bbox 541 3517 584 3581; x_wconf 89' lang='lat' dir='ltr'><strong>alt</strong></span> <span class='ocrx_word' id='word_1_274' title='bbox 573 3528 671 3582; x_wconf 88' lang='lat' dir='ltr'><strong>teram</strong></span> <span class='ocrx_word' id='word_1_275' title='bbox 687 3519 836 3606; x_wconf 87' lang='lat' dir='ltr'><strong>scriptam</strong></span> <span class='ocrx_word' id='word_1_276' title='bbox 848 3519 1022 3585; x_wconf 80' lang='lat' dir='ltr'><strong>laudatione</strong></span> <span class='ocrx_word' id='word_1_277' title='bbox 1031 3510 1160 3588; x_wconf 67' lang='lat' dir='ltr'><strong>fill,</strong></span> <span class='ocrx_word' id='word_1_278' title='bbox 1139 3544 1190 3587; x_wconf 68' lang='lat' dir='ltr'><strong>...n</strong></span> 
     </span>
     <span class='ocr_line' id='line_1_36' title="bbox 141 3524 1190 3722; baseline 0.006 -50"><span class='ocrx_word' id='word_1_279' title='bbox 141 3609 188 3673; x_wconf 89' lang='lat' dir='ltr'><strong>rei</strong></span> <span class='ocrx_word' id='word_1_280' title='bbox 205 3621 315 3695; x_wconf 86' lang='lat' dir='ltr'><strong>gestae</strong></span> <span class='ocrx_word' id='word_1_281' title='bbox 332 3609 378 3673; x_wconf 93' lang='lat' dir='ltr'><strong>int</strong></span> <span class='ocrx_word' id='word_1_282' title='bbox 366 3609 553 3688; x_wconf 81' lang='lat' dir='ltr'><strong>terfuerit,t</strong></span> <span class='ocrx_word' id='word_1_283' title='bbox 541 3611 678 3690; x_wconf 91' lang='lat' dir='ltr'><strong>tertiam,</strong></span> <span class='ocrx_word' id='word_1_284' title='bbox 697 3634 793 3721; x_wconf 88' lang='lat' dir='ltr'><strong>quam</strong></span> <span class='ocrx_word' id='word_1_285' title='bbox 805 3612 875 3701; x_wconf 88' lang='lat' dir='ltr'><strong>ipse</strong></span> <span class='ocrx_word' id='word_1_286' title='bbox 893 3637 952 3722; x_wconf 81' lang='lat' dir='ltr'><strong>prp</strong></span> <span class='ocrx_word' id='word_1_287' title='bbox 968 3524 1190 3703; x_wconf 51' lang='lat' dir='ltr'><strong>imaum}</strong></span> 
     </span>
     <span class='ocr_line' id='line_1_37' title="bbox 94 3702 1153 3790; baseline -0.002 -21"><span class='ocrx_word' id='word_1_288' title='bbox 94 3723 125 3769; x_wconf 85' lang='grc'><strong>14</strong></span> <span class='ocrx_word' id='word_1_289' title='bbox 144 3702 204 3767; x_wconf 89' lang='lat' dir='ltr'><strong>sibi</strong></span> <span class='ocrx_word' id='word_1_290' title='bbox 222 3713 372 3790; x_wconf 90' lang='lat' dir='ltr'><strong>conperta</strong></span> <span class='ocrx_word' id='word_1_291' title='bbox 389 3704 501 3769; x_wconf 82' lang='lat' dir='ltr'><strong>adfert.</strong></span> <span class='ocrx_word' id='word_1_292' title='bbox 548 3715 686 3770; x_wconf 90' lang='lat' dir='ltr'><strong>ceterum</strong></span> <span class='ocrx_word' id='word_1_293' title='bbox 707 3706 753 3770; x_wconf 91' lang='lat' dir='ltr'><strong>ita</strong></span> <span class='ocrx_word' id='word_1_294' title='bbox 775 3708 861 3772; x_wconf 89' lang='lat' dir='ltr'><strong>fama</strong></span> <span class='ocrx_word' id='word_1_295' title='bbox 878 3706 991 3784; x_wconf 89' lang='lat' dir='ltr'><strong>variat,</strong></span> <span class='ocrx_word' id='word_1_296' title='bbox 1010 3714 1075 3769; x_wconf 90' lang='lat' dir='ltr'><strong>nt</strong></span> <span class='ocrx_word' id='word_1_297' title='bbox 1139 3743 1153 3760; x_wconf 77' lang='lat'><strong>··</strong></span> 
     </span>
     <span class='ocr_line' id='line_1_38' title="bbox 142 3796 1090 3889; baseline 0.007 -30"><span class='ocrx_word' id='word_1_298' title='bbox 142 3796 284 3880; x_wconf 92' lang='lat' dir='ltr'><strong>plerique</strong></span> <span class='ocrx_word' id='word_1_299' title='bbox 310 3797 371 3863; x_wconf 92' lang='lat' dir='ltr'><strong>loci</strong></span> <span class='ocrx_word' id='word_1_300' title='bbox 395 3798 578 3885; x_wconf 89' lang='lat' dir='ltr'><strong>speculandi</strong></span> <span class='ocrx_word' id='word_1_301' title='bbox 601 3821 697 3864; x_wconf 89' lang='lat' dir='ltr'><strong>causa</strong></span> <span class='ocrx_word' id='word_1_302' title='bbox 719 3811 788 3865; x_wconf 89' lang='lat' dir='ltr'><strong>cast</strong></span> <span class='ocrx_word' id='word_1_303' title='bbox 788 3801 832 3867; x_wconf 92' lang='lat' dir='ltr'><strong>ris</strong></span> <span class='ocrx_word' id='word_1_304' title='bbox 855 3820 1090 3889; x_wconf 60' lang='lat' dir='ltr'><strong>egressnm,·¹¹¹</strong></span> 
     </span>
     <span class='ocr_line' id='line_1_39' title="bbox 142 3889 683 3958; baseline 0.013 -7"><span class='ocrx_word' id='word_1_305' title='bbox 142 3889 264 3956; x_wconf 88' lang='lat' dir='ltr'><strong>insidiis</strong></span> <span class='ocrx_word' id='word_1_306' title='bbox 285 3892 532 3957; x_wconf 88' lang='lat' dir='ltr'><strong>circumventum</strong></span> <span class='ocrx_word' id='word_1_307' title='bbox 549 3894 683 3958; x_wconf 90' lang='lat' dir='ltr'><strong>tradant.</strong></span> 
     </span>
    </p>
   </div>
   <div class='ocr_carea' id='block_1_3' title="bbox 112 3970 1190 4074">
    <p class='ocr_par' dir='ltr' id='par_1_3' title="bbox 112 3970 1190 4074">
     <span class='ocr_line' id='line_1_40' title="bbox 112 3970 1190 4074; baseline 0.004 -26"><span class='ocrx_word' id='word_1_308' title='bbox 112 4003 124 4048; x_wconf 91' lang='lat'>1</span> <span class='ocrx_word' id='word_1_309' title='bbox 210 3983 379 4052; x_wconf 89' lang='lat' dir='ltr'><strong>XXVHI.</strong></span> <span class='ocrx_word' id='word_1_310' title='bbox 406 3987 569 4052; x_wconf 89' lang='lat' dir='ltr'><strong>Hannibal</strong></span> <span class='ocrx_word' id='word_1_311' title='bbox 583 4012 734 4074; x_wconf 87' lang='lat' dir='ltr'><strong>magnum</strong></span> <span class='ocrx_word' id='word_1_312' title='bbox 748 3998 901 4057; x_wconf 88' lang='lat' dir='ltr'><strong>terrorem</strong></span> <span class='ocrx_word' id='word_1_313' title='bbox 913 3970 1190 4059; x_wconf 67' lang='lat' dir='ltr'><strong>horatiano·</strong></span> 
     </span>
    </p>
   </div>
   <div class='ocr_carea' id='block_1_4' title="bbox 0 0 1269 4514">
    <p class='ocr_par' dir='ltr' id='par_1_4' title="bbox 0 0 1269 4514">
     <span class='ocr_line' id='line_1_41' title="bbox 0 0 1269 4514; baseline 0 0"><span class='ocrx_word' id='word_1_314' title='bbox 0 0 1269 4514; x_wconf 95' lang='lat' dir='ltr'><strong> </strong></span> 
     </span>
    </p>
   </div>
  </div>
 </body>
</html>
