2528 4530
140 230 208 293 494
376 232 609 299 ausuum,
627 230 729 284 lat..
746 228 931 298 ζζιιοιῑῡι

141 406 348 483 mpeetum
373 390 556 500 quidem
529 412 694 498 signorm
720 406 817 470 atque
836 408 997 450 nam
1015 384 1132 452 tulerun-

141 510 267 556 tantum
283 511 341 554 seu
357 485 513 551 memoria
527 484 671 570 priorum
682 481 821 546 dadin
836 503 897 545 aa
907 492 1134 567 pantenu

141 584 254 649 valuit.

110 704 121 749 1
206 677 290 742 XII.
325 676 377 740 Ibi
391 672 540 760 Syphax,
563 672 640 736 dnm
657 669 820 754 obequitat
835 669 978 734 hain
992 668 1102 746 nuris,
1118 666 1137 734 si

140 773 278 860 pudore,
305 766 977 876 sipericnlosnofugamsintutpom,
1000 786 1138 850 cquogrt·

108 866 304 937 svitericto
321 864 444 928 effusus
461 880 649 948 opprimitur
669 859 1031 946 capimqueetrim,
1052 859 1138 924 leon

143 972 218 1026 aute
235 958 339 1025 omnis
356 957 552 1021 Masinissae
569 955 770 1043 praebitmus
786 955 1018 1040 specnmlnn,
1033 953 1140 1018 adlae

142 1056 222 1119 lium
239 1051 442 1139 pertrahimr.

109 1173 125 1219 s
209 1145 301 1213 Cirta
325 1160 422 1232 capnt
445 1142 714 1231 regnisyphacis
740 1164 822 1222 ειη
851 1167 893 1209 eo
916 1167 955 1209 se
978 1141 1142 1230 ingenahc

109 1244 266 1313 sminnm
290 1240 425 1306 contulit
449 1239 510 1304 ria.
558 1240 674 1304 caedes
699 1239 1143 1326 ineopnoelnmimqusn

143 1337 277 1402 victoria
292 1335 368 1412 fuit,
394 1333 470 1417 qnia
486 1334 627 1442 equestri
649 1334 867 1398 tantummodo
882 1332 1006 1442 papalis
1021 1341 1143 1396 whom

110 1432 259 1501 aluerat
302 1453 368 1494 non
382 1429 457 1515 plus
474 1428 614 1513 quinque
634 1429 723 1492 milia
742 1429 864 1505 occisa,
887 1451 995 1492 ιιιι
1011 1425 1144 1490 dimidium

145 1526 214 1591 eius
239 1524 404 1588 hominum
429 1536 558 1610 capuam
584 1544 633 1588 eat
658 1524 780 1610 impetn
798 1522 833 1586 in
853 1538 960 1586 eastra
983 1522 1082 1598 facto,
1101 1539 1144 1603 quo

111 1642 127 1688 c
144 1618 293 1706 perculsa
308 1640 386 1704 rege
404 1618 523 1683 amisso
540 1618 710 1682 multitudo
726 1640 763 1682 se
779 1617 967 1682 conmlent.
999 1613 1145 1680 Minuta

146 1712 208 1778 sibi
224 1711 354 1796 quidem
370 1711 475 1776 dicere
492 1711 572 1775 nihil
590 1735 662 1776 esse
678 1712 712 1776 in
727 1711 909 1798 praesentia
923 1710 1064 1796 puluius
1078 1727 1145 1793 qm

144 1808 297 1872 victorem
323 1816 545 1890 recuperatum
570 1817 659 1871 tanto
683 1818 758 1892 post
782 1804 951 1870 intervallo
971 1805 1100 1892 patrimo
1112 1799 1145 1865 iu

146 1902 249 1965 visere
270 1922 420 1986 regnum3
448 1900 507 1963 sed
532 1912 600 1964 tam
625 1900 773 1965 secundis
794 1921 893 1984 qnam
911 1899 1056 1965 adversis
1076 1897 1145 1962 rehu

113 2017 211 2063 tucn
236 1993 305 2057 dari
331 1992 470 2079 spatium
500 1993 543 2057 ad
572 1995 774 2060 cessandum.
824 1995 915 2059 siae
940 1994 1147 2060 Laelinsmu

146 2087 288 2172 equitem
305 2087 474 2170 vinctoque
493 2085 643 2174 Syphace
657 2086 781 2155 Cirtam
795 2089 988 2175 praecedere
1005 2088 1092 2166 sinat,
1104 2096 1148 2150 trc-

144 2183 221 2270 pida
242 2181 349 2248 omnia
368 2193 456 2246 metu
478 2205 513 2247 se
535 2205 777 2270 oppressurum:
802 2183 954 2248 Laelium
975 2206 1049 2248 eum
1063 2179 1149 2268 pediti·

111 2301 127 2348 8
146 2279 206 2342 bus
225 2277 377 2361 subsequi
394 2278 527 2343 modicis
545 2277 711 2343 itineribus
724 2301 830 2364 posse.
857 2273 1150 2343 adsentientehaelio

145 2395 352 2459 praegressus
372 2370 496 2437 Cirtam
513 2372 638 2437 evocari
657 2373 699 2437 ad
715 2373 916 2456 conloquium
932 2373 1089 2460 principes
1101 2367 1152 2435 cir·

145 2466 283 2532 tensium
304 2467 401 2531 iubet.
450 2466 509 2531 sed
530 2467 614 2552 apud
636 2467 765 2554 ignaros
785 2467 872 2553 regis
894 2489 990 2532 casus
1012 2489 1073 2533 nec
1093 2483 1153 2549 quae

145 2573 217 2625 acta
238 2573 347 2626 essent
368 2560 541 2647 promendo
564 2583 624 2625 nec
644 2561 739 2626 minis
760 2583 820 2626 nec
840 2561 1009 2628 suadendo
1031 2571 1099 2627 ante
1114 2580 1154 2622 va

112 2678 127 2724 9
144 2655 203 2719 luit
224 2678 321 2740 quam
346 2679 404 2719 rex
425 2655 550 2720 vinctus
573 2656 607 2719 in
628 2668 833 2743 conspectum
854 2657 950 2722 datus
971 2668 1069 2722 esset.
1106 2664 1156 2719 tum

146 2749 186 2813 ad
208 2750 425 2835 spectaculum
443 2761 509 2814 tam
526 2750 656 2816 foedum
674 2751 878 2838 comploratio
894 2761 980 2829 orta,
1008 2764 1042 2817 et
1065 2747 1158 2838 partim

144 2866 263 2928 pavore
285 2846 411 2909 moenia
433 2858 508 2910 sunt
531 2846 671 2924 deserta,
697 2847 812 2933 partim
832 2847 1001 2932 repentino
1024 2864 1159 2914 consensu

145 2937 280 3024 gratiam
307 2939 393 3024 apud
419 2941 572 3006 victorem
605 2942 823 3025 quaerentium
846 2942 1030 3029 patefactae
1059 2950 1157 3028 portae·

95 3050 127 3098 ιο
145 3041 177 3095 et
193 3030 370 3097 Masinissa
395 3035 554 3120 praesidio
581 3035 665 3100 circa
688 3047 797 3121 portas
824 3048 1069 3122 opportunaque
1091 3053 1159 3099 moe·

144 3126 232 3190 nium
254 3126 401 3206 dimisso,
432 3151 473 3194 ne
496 3129 546 3194 cui
567 3130 664 3217 fugae
689 3140 813 3217 pateret
838 3130 958 3208 exitus,
990 3131 1036 3195 ad
1059 3127 1159 3215 regiam

144 3222 362 3307 occupandam
380 3224 475 3288 citato
494 3224 581 3289 vadit
600 3247 692 3309 equo.

94 3336 123 3380 11
207 3316 345 3381 Intranti
372 3318 565 3384 vestibulum
586 3319 712 3406 inipso
738 3319 845 3383 limine
867 3316 1073 3404 Sophoniba,
1097 3336 1161 3382 uxor

145 3406 318 3494 Syphacis,
344 3411 411 3477 filia
432 3413 646 3477 Hasdrubalis
666 3413 784 3491 Poeni,
810 3412 961 3490 occurrit3
998 3424 1034 3478 et
1053 3407 1161 3478 cumin

143 3503 248 3570 medio
267 3505 394 3591 agmine
417 3518 609 3573 armatorum
625 3507 835 3573 Masinissam
854 3506 1020 3593 insignem
1041 3529 1109 3572 cum
1124 3525 1163 3567 ar·

143 3596 219 3675 mis,
238 3608 307 3663 tum
324 3612 429 3667 cetero
444 3601 554 3667 habitu
569 3602 802 3690 conspexisset,
819 3623 931 3688 regem
945 3624 1031 3680 esse,
1048 3601 1081 3666 id
1093 3596 1163 3685 quod

95 3707 126 3753 12
145 3703 225 3769 erat,
256 3704 341 3772 rata,
372 3696 506 3782 genibus
534 3697 685 3764 advoluta
710 3697 797 3762 eius:
839 3696 962 3761 ‘omnia
989 3696 1115 3780 quidem
1136 3701 1163 3754 ut

143 3807 256 3870 posses
283 3787 317 3851 in
342 3790 449 3867 nobis,
477 3790 509 3854 di
532 3791 688 3857 dederunt
709 3792 872 3875 virtusque
893 3801 928 3855 et
948 3789 1086 3855 felicitas
1107 3798 1163 3858 tua}

145 3879 203 3940 sed
220 3879 247 3942 si
265 3882 408 3967 captivae
427 3884 512 3970 apud
530 3885 693 3951 dominum
709 3886 794 3951 vitae
807 3884 958 3970 necisque
975 3907 1055 3950 suae
1067 3899 1164 3948 vocem

95 3986 126 4032 13
145 3971 320 4054 supplicem
336 3977 460 4043 mittere
481 3978 569 4057 licet,
596 3980 624 4044 si
645 4004 765 4067 genua,
793 3980 820 4045 si
838 3978 1003 4046 victricem
1025 3977 1165 4063 attingere
