2528 4514
143 223 207 290 100
379 235 498 291 amna
514 233 616 304 xum,
633 231 733 290 4150,
752 230 937 302 [anasse]

92 416 125 465 11
144 398 261 460 memet
278 394 312 460 in
329 392 389 458 hae
407 401 512 479 strage
530 391 665 456 militum
682 412 824 455 meorum
841 399 951 477 patere
965 389 1076 476 expirat

130 498 197 555 ,aut
218 509 292 555 reus
315 487 428 553 iterum
450 508 468 551 e
490 485 655 551 consulatu
678 485 738 550 sim
760 493 815 549 aut
837 492 1003 550 aecusator
1030 505 1076 548 cor

143 583 292 660 existam,
318 590 354 646 nt
375 581 477 646 alieno
499 579 628 645 erimine
645 578 857 645 innocentiam
874 600 979 645 meam
996 588 1076 665 prou

94 695 126 745 12
144 677 224 742 heeo
250 675 406 763 exigentis
436 675 523 762 prius
555 672 648 738 turba
677 672 867 760 fugientium
898 672 1030 751 civium,
1067 696 1076 738 r

143 772 253 837 hostes
294 792 497 856 oppressere:
543 767 719 845 consulem,
759 767 941 854 ignorantes
978 768 1049 852 quis

143 865 314 932 obruerunt
357 864 441 943 telis,
485 863 661 929 Lentulum
705 860 787 927 inter
830 860 1001 928 tumultum
1044 860 1076 927 ah

143 982 256 1046 equus.

95 1073 126 1123 13
211 1055 294 1120 Tum
307 1053 446 1139 undique
461 1052 561 1118 effuse
575 1052 710 1140 fugiunt.
735 1063 856 1137 septem
870 1052 958 1117 milia
970 1051 1076 1117 homin

143 1150 265 1214 minora
274 1157 387 1226 eastra,
406 1147 516 1213 decem
529 1147 562 1211 in
576 1147 703 1224 maiora,
719 1147 782 1212 duo
795 1146 895 1211 ferme
908 1146 942 1210 in
956 1144 1076 1229 vioumi,¹

145 1241 274 1310 Cannas
288 1241 503 1329 perfugerant,
519 1241 573 1325 qui
588 1240 744 1326 extemplo
758 1239 979 1306 aCarthulone
989 1249 1070 1323 atque

143 1336 229 1404 tibus
252 1337 338 1404 nullo
360 1336 553 1402 munimento
581 1343 706 1421 tegente
732 1334 838 1399 vicum
864 1333 1060 1399 sucumvemi

93 1450 126 1498 14
144 1430 254 1498 oonsul
272 1431 361 1509 alter,
381 1452 438 1496 seu
455 1429 537 1496 forte
555 1452 612 1495 seu
630 1428 761 1494 oonsilio
779 1429 857 1493 nulli
874 1424 1076 1514 fugientiumi

143 1535 195 1591 tus
218 1525 352 1613 agmini,
381 1547 453 1590 oum
476 1523 704 1610 quinquaginta
729 1522 796 1588 sere
822 1522 981 1606 equitibus
1004 1521 1076 1586 Vens

94 1639 126 1688 15
142 1619 292 1708 perfugit.
337 1618 545 1705 quadraginta
576 1619 714 1702 quinque
745 1617 831 1682 milia
857 1615 1020 1704 quingenti
1041 1635 1076 1700 pe

144 1715 208 1780 duo
226 1715 313 1781 milia
331 1713 521 1801 septingenti
539 1713 660 1796 equites
679 1721 710 1777 et
728 1721 815 1777 tanta
831 1733 931 1798 prope
950 1712 1076 1776 civiums

96 1826 127 1874 16
146 1831 279 1893 rumque
296 1832 370 1896 pars
389 1807 473 1873 caesi
491 1808 646 1885 dicuntur,
669 1807 703 1871 in
719 1807 769 1872 his
788 1806 882 1872 ambo
901 1805 1076 1884 consulum(¹

145 1913 256 1982 stores,
274 1905 316 1969 L.
326 1902 446 1968 Atilius
461 1911 492 1968 et
505 1904 548 1968 L.
557 1903 674 1968 Furius
687 1901 875 1980 Bibaculus,
895 1913 927 1968 et
941 1900 1046 1990 viginti
1055 1919 1076 1963 nr

102 2044 104 2049 -
145 1995 262 2062 tribuni
280 1998 427 2075 militum,
451 1996 631 2063 consulares
649 1997 778 2081 quidam
795 1996 1006 2082 praetoriique
1023 2003 1076 2059 eta

145 2089 186 2154 cii
203 2128 230 2138 —
247 2091 399 2158 intereos
418 2090 479 2156 Cn.
500 2090 671 2157 Servilium
690 2088 862 2157 Geminum
885 2101 916 2155 et
933 2090 981 2155 M.
1000 2088 1076 2155 Mino

144 2196 325 2264 numerant,
344 2185 398 2270 qui
411 2185 562 2273 magister
576 2186 716 2269 equitum
730 2185 832 2271 priore
846 2206 939 2262 anno,
958 2185 1076 2268 aliquot

95 2298 126 2344 11
144 2287 218 2343 ante
237 2276 376 2367 [consul]
397 2279 499 2345 fuerat
516 2317 557 2359 -,
581 2280 740 2367 octoginta
756 2289 919 2365 praeterea
941 2290 997 2343 aut
1020 2277 1076 2342 sentl

144 2383 199 2440 aut
221 2375 275 2459 qui
293 2397 353 2444 eos,
366 2375 569 2463 magistratus
587 2375 777 2460 gessissent,
801 2373 884 2438 unde
902 2374 936 2437 in
955 2382 1076 2439 senatum

144 2468 310 2548 deberent,
338 2492 411 2535 oum
434 2492 493 2536 sua
515 2469 676 2535 voluntate
697 2469 812 2533 milites
840 2469 873 2532 in
898 2466 1065 2555 legionibus

94 2577 126 2626 18
145 2569 260 2629 essent.
305 2568 397 2650 'oapta
427 2587 465 2630 eo
490 2563 609 2650 proelio
637 2563 696 2628 tria
722 2563 808 2628 milia
833 2563 976 2649 peditum
1002 2571 1031 2627 et
1051 2576 1076 2639 eq

143 2658 230 2723 mille
247 2667 279 2724 et
296 2659 462 2746 quingenti
480 2659 636 2724 dicuntur.

112 2769 126 2815 1
210 2753 253 2819 L.
297 2751 389 2818 Haeo
411 2762 460 2820 est
481 2776 590 2840 pugna
608 2751 800 2830 Cannensis,
825 2751 951 2818 Aliensi
969 2751 1076 2817 olsdin

111 2853 209 2911 state
234 2867 301 2931 par,
328 2856 465 2912 ceterum
492 2857 527 2912 ut
552 2847 628 2924 illis,
655 2868 736 2930 quae
762 2855 835 2932 post
859 2869 1001 2933 pugnam
1027 2839 1076 2910 acci

143 2938 253 3018 levior,
280 2941 354 3025 quia
375 2940 415 3007 ab
437 2942 528 3008 hoste
552 2953 600 3008 est
623 2950 795 3020 cessatum,
823 2941 869 3006 sio
892 2952 998 3028 strage
1024 2958 1076 3005 exe]

111 3050 127 3098 3
144 3034 272 3120 gravior
293 3034 485 3120 foediorque.
530 3036 609 3122 fuga
630 3058 765 3120 namque
784 3036 825 3101 ad
841 3035 951 3100 Aliam
970 3037 1076 3102 sioutu

144 3129 294 3216 prodidit,
326 3131 370 3197 ita
395 3133 567 3197 exercitum
594 3131 743 3209 servavit3
780 3131 822 3195 ad
848 3129 979 3196 Cannas
1006 3127 1076 3215 fugit

144 3224 307 3291 oonsulem
325 3227 379 3290 vix
397 3227 625 3313 quinquaginta
643 3226 743 3292 secuti
761 3236 848 3302 sunt,
872 3222 1000 3291 alterius
1019 3243 1076 3288 mor

144 3340 242 3405 prope
260 3329 345 3386 totus
364 3322 518 3386 exereitus
537 3320 606 3384 fuit.

110 3425 128 3472 4
209 3413 299 3481 Binis
318 3415 479 3481 incastris
499 3438 570 3479 oum
589 3415 756 3479 multitudo
775 3414 949 3479 semiermis
965 3415 1033 3480 sine
1045 3411 1076 3476 du

145 3518 242 3586 esset,
260 3510 405 3574 nuntium
422 3510 477 3594 qui
494 3510 527 3573 in
545 3509 714 3575 maioribus
734 3520 822 3575 erant
839 3509 982 3587 mittunt,
1002 3510 1072 3574 dum

143 3606 197 3685 lio,
216 3606 329 3672 deinde
344 3630 384 3672 ex
396 3606 515 3672 laetitia
528 3606 628 3691 epulis
642 3605 790 3692 fatigatos
805 3605 894 3689 quies
909 3601 1076 3670 nocturnal

98 3756 101 3762 .
144 3710 313 3786 premeret,
332 3711 367 3765 ut
385 3702 426 3765 ad
445 3723 478 3764 se
497 3701 676 3765 transirent:
695 3722 759 3766 uno
777 3699 903 3786 agmine
919 3698 1076 3765 Canusina

111 3805 232 3868 sturos
250 3818 330 3861 esse.
358 3817 428 3860 eam
448 3795 633 3860 sententiam
651 3795 705 3859 alii
722 3803 820 3859 totam
833 3795 1011 3879 aspernari:
1030 3817 1076 3860 our

145 3888 231 3967 illos,
249 3891 305 3974 qui
323 3912 357 3955 se
375 3900 550 3968 arcessant,
568 3891 655 3973 ipsos
673 3913 737 3955 non
754 3889 876 3966 venire,
895 3911 971 3954 oum
990 3912 1076 3974 aeqm

146 3983 236 4070 iungi
247 3984 396 4069 possent?
413 3985 487 4070 quia
499 3984 644 4050 videlicet
652 3985 746 4071 plena
759 3983 897 4050 hostium
912 3985 1022 4052 omnia
1034 3985 1067 4050 in
