2528 4514
140 202 204 269 442
381 207 503 265 'LIBER
520 204 677 275 XXVIIII,
695 205 720 259 1.
740 207 778 272 [a.
789 220 817 259 u.
827 202 926 274 este]

92 401 122 448 11
143 381 223 451 erat,
245 371 351 457 ipsum
372 365 590 442 militaturum,
613 362 669 447 qui
690 361 735 427 ita
750 382 816 427 non
833 361 975 428 fecisset.
1018 363 1148 450 egregiam
1192 362 1195 400 ³⁴

142 469 224 533 banc
236 465 319 530 alam
338 460 478 546 equitum
496 457 637 523 evasisse
655 455 760 522 ferunt
777 455 951 541 multisque
969 456 1087 543 proeliis
1101 479 1150 522 ren

93 589 124 636 12
143 560 302 650 publicam
320 553 489 621 adiuvisse.
533 551 674 640 legiones
692 550 765 615 inde
783 572 856 616 cum
874 551 1059 639 inspiceret,
1079 551 1152 639 pluri
1193 577 1195 639 Ι

143 677 266 722 morum
293 648 519 737 stipendiorum
546 645 646 711 exiis
669 645 784 710 milites
806 645 940 734 delegit,
968 645 1098 712 maxime
1114 646 1153 730 qui
1187 649 1189 659 ’

94 778 126 825 18
146 749 205 817 sub
228 749 307 812 duce
325 743 478 810 Marcello
500 741 724 819 militaverant3
749 761 829 825 quos
852 762 926 806 cum
951 741 1069 828 optima
1084 740 1153 807 disci

144 844 230 932 plina
246 841 406 907 institutos
421 837 578 916 credebat,
596 846 664 902 tum
677 836 772 903 etiam
785 835 827 903 ab
841 836 941 924 longa
952 834 1152 923 Syracusarum
1186 837 1194 902 ἰ

146 937 308 1006 obsidione
326 934 532 1022 peritissimos
551 954 621 998 esse
640 930 764 997 urbium
782 933 1080 1020 oppugnandarum:
1099 930 1153 998 nihl
1188 933 1192 947 '

147 1033 230 1101 enim
243 1053 390 1119 parvum,
409 1029 466 1094 sed
481 1026 683 1114 Carthaginis
696 1027 760 1092 iam
774 1027 899 1093 excidia
910 1026 1054 1114 agitabat
1065 1027 1152 1093 animo
1189 1032 1191 1039 ’

96 1130 128 1199 ia
145 1129 219 1194 inde
233 1124 404 1192 exercitum
419 1146 476 1211 per
490 1122 605 1208 oppida
618 1121 776 1210 dispertit3
793 1121 992 1202 frumentum
1004 1119 1153 1189 Siculorm
1186 1196 1189 1205 ¹

5 1204 14 1226 ⁸
147 1220 325 1289 civitatibus
343 1220 491 1305 imperat,
510 1240 550 1283 ex
563 1217 656 1283 Italia
667 1217 799 1283 advecto
812 1216 928 1302 parcit;
948 1227 1071 1284 veteres
1081 1236 1153 1282 nava

146 1317 245 1383 reficit
262 1326 294 1381 et
311 1337 384 1380 cum
401 1316 428 1379 is
446 1312 484 1380 O.
498 1312 646 1378 Laelium
663 1312 698 1377 in
709 1310 853 1377 Africam
871 1313 1061 1398 praedatum
1076 1310 1152 1389 mittit,

146 1435 244 1478 novas
262 1408 435 1476 Panhormi
457 1407 619 1486 subducit,
646 1408 722 1493 quia
743 1430 783 1472 ex
804 1407 898 1475 viridi
919 1410 1054 1476 materia
1068 1408 1153 1496 roplin
1186 1484 1189 1491 ⁴

147 1507 249 1572 factae
268 1514 368 1583 erant,
387 1513 423 1569 ut
440 1503 474 1569 in
491 1502 575 1569 sicco
592 1501 802 1568 hibernarent.

97 1623 129 1671 15
211 1599 411 1686 Praeparatis
437 1597 584 1664 omnibus
611 1598 652 1663 ad
674 1597 807 1675 bellum,
835 1595 1017 1683 Syracusas
1042 1597 1153 1664 nondun

98 1719 129 1768 16
148 1719 188 1761 ex
209 1695 334 1782 magnis
358 1692 432 1759 belli
452 1692 590 1758 motibus
614 1691 690 1758 satis
713 1691 898 1776 tranquillas
924 1692 1023 1759 venit.
1067 1688 1154 1760 Grais

147 1812 199 1856 res
216 1813 236 1855 a
253 1787 443 1873 quibusdam
456 1787 559 1853 Italici
571 1787 711 1875 generis,
730 1788 841 1854 eadem
859 1786 893 1853 vi
909 1809 975 1873 qua
994 1811 1050 1875 per
1064 1788 1154 1855 bellun

148 1892 295 1971 ceperant
320 1882 542 1961 retinentibus,
573 1903 740 1948 concessas
768 1881 829 1948 sibi
855 1880 896 1948 ab
924 1894 1039 1950 senatu
1062 1890 1155 1970 repete·

98 2001 128 2048 u
147 1979 233 2046 bant.
278 1977 418 2042 omnium
439 1977 575 2062 primum
596 1986 684 2043 ratus
702 1978 782 2043 tueri
799 1976 962 2064 publicam
979 1979 1089 2058 fidem,
1105 1998 1155 2064 pu·

149 2073 205 2137 tim
227 2072 343 2150 edicto,
369 2071 483 2157 partim
504 2070 629 2138 iudiciis
651 2072 746 2137 etiam
772 2071 806 2136 in
831 2072 1010 2158 pertinaces
1037 2073 1078 2139 ad
1100 2069 1157 2138 obti-

147 2166 283 2233 nendam
309 2165 453 2232 iniuriam
479 2166 608 2232 redditis
633 2189 706 2232 suas
728 2189 779 2233 res
803 2165 1017 2253 Syracusanis
1038 2165 1155 2234 restittit

97 2281 129 2331 18
147 2283 211 2328 non
237 2262 315 2348 ipsis
342 2272 463 2327 tantum
490 2285 527 2327 ea
552 2285 617 2340 res,
644 2263 706 2327 ‘sed
733 2261 878 2328 omnibus
903 2260 1034 2329 Siciliae
1059 2260 1157 2350 populls

147 2368 238 2445 grata
256 2357 329 2436 fuit,
349 2379 449 2442 eoque
467 2358 590 2423 enixius
609 2359 650 2423 ad
667 2357 784 2424 bellum
803 2358 1001 2424 adiuverunt.

98 2471 129 2519 19
212 2452 336 2517 Eadem
363 2462 482 2518 aestate
508 2453 541 2517 in
567 2451 726 2538 Hispania
751 2462 892 2519 coortum
918 2454 1035 2540 ingens
1066 2452 1158 2519 bellun

150 2547 311 2613 conciente
327 2546 471 2626 Indibili,
495 2547 581 2612 nulla
599 2547 660 2612 alia
677 2548 717 2613 de
735 2569 832 2614 causa
848 2569 946 2632 quam
969 2571 1028 2634 per
1050 2547 1159 2615 admin-

148 2641 264 2707 tionem
291 2639 448 2729 Scipionis
480 2652 661 2729 contemptu
692 2643 915 2728 imperatorum
944 2644 1078 2710 aliorum
1101 2650 1158 2708 orto

95 2754 130 2802 2ο
149 2757 221 2801 eum
244 2758 410 2821 superesse
433 2760 531 2802 unum
553 2737 666 2802 ducem
689 2737 841 2803 Romanis
863 2739 978 2804 ceteris
1001 2735 1161 2805 abHanni·

149 2829 219 2894 bale
242 2830 414 2896 interfectis
436 2831 598 2898 rebantur:
626 2855 664 2898 eo
685 2833 795 2898 necin
812 2831 974 2920 Hispania
992 2834 1093 2900 caesis
1110 2828 1161 2898 Sci

147 2922 293 3008 pionibus
317 2923 412 2989 alium
435 2948 529 3011 quem
551 2927 708 2993 mitterent
725 2926 888 3005 habuisse,
913 2938 946 2994 et
963 2924 1161 3015 postquamin

148 3016 240 3082 Italia
252 3017 381 3104 gravius
395 3019 513 3088 bellum
526 3034 687 3108 urgueret,
707 3022 859 3088 adversus
874 3021 1092 3090 Hannibalem
1107 3040 1161 3086 enm

96 3129 129 3176 21
150 3112 345 3176 arcessitum.
389 3124 607 3200 praeterquam
625 3116 711 3200 quod
728 3116 856 3182 nomina
873 3126 997 3182 tantum
1017 3113 1162 3184 ducumiu

148 3205 306 3293 Hispania
322 3207 459 3274 Romani
480 3210 630 3290 habeant,
657 3211 830 3277 exercitum
851 3233 979 3296 quoque
1001 3213 1077 3278 inde
1097 3218 1163 3277 vete·

95 3318 129 3366 22
148 3323 214 3365 rem
233 3301 417 3370 deductum:
441 3305 561 3391 trepida
578 3306 684 3371 omnia
701 3317 736 3371 ut
752 3305 946 3371 inconditam
965 3306 1093 3374 turbam
1108 3304 1163 3369 tiro

147 3417 224 3459 num
251 3418 331 3462 esse.
375 3420 548 3483 numquam
575 3401 669 3466 talem
696 3400 893 3467 occasionem
915 3399 1100 3467 liberandae
1118 3396 1165 3464 Hi·

96 3506 128 3554 23
148 3490 276 3573 spaniae
289 3492 367 3558 fore.
395 3494 545 3559 servitum
558 3497 599 3560 ad
612 3519 682 3561 eam
697 3495 780 3562 diem
799 3505 853 3561 aut
863 3493 1165 3584 Carthaginiensibm

147 3593 201 3647 aut
223 3583 375 3653 Romanis
402 3589 520 3654 necin
546 3590 647 3655 vicem
673 3592 723 3657 his
750 3601 805 3656 aut
830 3590 906 3669 illis,
940 3592 1000 3657 sed
1026 3590 1166 3657 interdum

95 3677 287 3761 neutrisque
311 3681 413 3746 simul.
457 3685 565 3769 pulsos
588 3685 628 3751 ab
651 3686 804 3752 Romanis
824 3680 1166 3774 Carthaginiensis3ab

147 3769 315 3856 Hispanis,
343 3775 371 3839 si
393 3779 616 3857 consentirent,
648 3781 724 3866 pelli
745 3780 908 3846 Romanos
935 3803 1051 3865 posse,
1082 3790 1116 3845 ut
1134 3771 1164 3842 ab

147 3865 232 3928 omni
257 3866 388 3954 imperio
415 3881 543 3938 externo
570 3875 673 3939 soluta
699 3874 732 3939 in
756 3885 945 3961 perpetuum
966 3871 1168 3961 Hispaniain

95 3974 128 4022 25
147 3957 263 4041 patrios
281 3963 395 4030 rediret
413 3989 515 4034 mores
533 3969 683 4054 ritusque.
724 3970 803 4036 haec
821 3969 945 4054 aliaque
963 3968 1101 4037 dicendo
1118 3988 1171 4033 non
