2528 4514
144 257 209 325 310
372 265 492 321 LIBER
508 264 620 334 XXVI,
638 264 681 319 40.
696 264 740 319 41.
760 267 837 333 [au.
849 280 872 318 c.
882 263 950 333 544]

143 429 271 516 ignotus
302 424 344 490 ad
373 423 458 491 auris
488 421 674 500 mcidissct,
709 420 895 507 priusquam
925 419 968 487 ad
997 419 1089 489 ictum
1109 419 1147 487 toli

93 544 125 592 11
144 522 277 598 veniret,
305 518 442 605 capessit
468 517 587 604 sugam.
639 538 697 601 per
721 537 866 581 aversam
891 524 1019 601 portam
1043 515 1147 583 omium

144 617 312 701 adsumpto
334 613 448 679 comite
464 611 610 699 Epicyde
632 633 705 677 cum
726 610 836 695 paucis
858 610 902 677 ad
923 632 1013 677 mare
1028 609 1149 696 pertrait,

143 711 290 793 nactique
315 717 490 794 opportune
518 727 652 791 parvum
677 705 859 792 navigium,
893 703 1009 773 relicta
1037 702 1150 771 hosibu
1188 707 1190 735 ¹

146 801 268 881 Sicilia,
295 801 335 867 de
352 823 416 886 qua
431 823 489 886 per
510 809 556 864 tot
577 821 677 864 anuos
699 807 853 865 certatum
874 807 958 876 erat,
986 798 1023 863 in
1038 796 1151 865 Alium

95 917 126 964 12
145 897 341 963 traiecerunt.
386 894 447 959 alia
473 893 641 960 multitudo
661 892 843 959 Poenorum
857 889 1103 977 Siculorumque
1119 912 1150 957 nc

144 1001 295 1079 temptato
316 990 444 1074 quidem
467 989 635 1057 certamine
657 1009 730 1055 cum
752 987 839 1053 caeci
859 987 894 1053 in
915 987 1035 1074 fugam
1058 994 1150 1053 mutat
1188 1066 1189 1073 ἵ

94 1103 126 1151 13
147 1086 308 1169 clausique
330 1085 433 1150 exitus
455 1093 575 1161 essent,
602 1083 686 1148 circa
706 1091 813 1168 portas
839 1103 944 1147 caesa.
993 1081 1102 1169 oppido
1117 1099 1152 1145 rc·

145 1191 236 1267 cepto
257 1180 421 1246 Laevinus
443 1178 499 1262 qui
521 1178 625 1264 capita
650 1200 754 1250 rerum
776 1176 950 1263 Agrigenti
973 1185 1064 1243 erant
1081 1172 1152 1261 ἐπεὶ

145 1296 254 1340 caesos
291 1274 393 1338 securi
428 1272 596 1357 percussit,
633 1280 753 1337 ceteros
784 1271 1004 1356 praedamque
1032 1266 1151 1345 venbffl,
1184 1334 1189 1344 ,

146 1389 272 1433 omnem
288 1365 456 1452 pecumm
472 1365 608 1431 Romam
625 1364 720 1431 misit.
1181 1448 1182 1453 ἵ

95 1480 128 1526 14
209 1460 599 1547 FamaAgrigentinorum
617 1458 716 1525 cladis
726 1456 867 1525 Siciliam
885 1480 961 1525 cum
979 1456 1149 1545 pervulsa

145 1555 251 1620 omnia
272 1564 401 1640 repente
422 1554 465 1619 ad
481 1554 642 1620 Romanos
660 1552 898 1619 inclinaverunt.
942 1553 1069 1641 prodita
1088 1546 1152 1617 breti
1186 1594 1190 1617 .-

147 1659 220 1714 sunt
237 1649 350 1737 viginti
367 1649 497 1735 oppida,
524 1670 581 1715 sex
598 1647 631 1713 vi
648 1657 754 1734 capta,
777 1646 956 1713 voluntaria
974 1642 1153 1713 ‹leditiont'=

96 1760 129 1808 15
146 1743 242 1809 fidem
259 1754 411 1809 venerunt
428 1744 469 1810 ad
486 1742 703 1830 quadraginta.
748 1763 882 1826 quarum
900 1740 1075 1808 civitatium
1090 1736 1152 1826 pn't·
1173 1747 1190 1809 ,ἲ

146 1837 269 1923 cipibus
287 1859 359 1903 cum
376 1859 434 1922 pro
452 1838 603 1922 cuiusque
621 1836 731 1902 merito
750 1835 861 1901 consul
877 1835 984 1921 pretia
1000 1850 1153 1923 poenasqu

147 1930 334 1997 exsolvisset
356 1932 574 2019 coegissetque
593 1929 718 1999 Siculos
740 1931 852 2017 positis
874 1931 1008 1997 tandem
1029 1922 1145 1998 amad
1172 1939 1190 2019 J

96 2040 128 2088 16
148 2047 259 2112 agrum
277 2024 442 2091 colendum
460 2027 582 2093 animos
600 2035 795 2105 convertere,
822 2034 858 2090 ut
875 2035 963 2092 esset
980 2048 1047 2093 non
1063 2018 1146 2091 narb
1175 2030 1190 2069 ῑ

146 2142 217 2185 rum
243 2120 337 2185 modo
364 2120 520 2187 alimentis
547 2120 701 2207 frugifera
726 2120 844 2198 insula,
873 2120 931 2185 sed
953 2120 1042 2187 urbis
1057 2118 1147 2185 Rom
1177 2200 1187 2209 ‚

148 2222 241 2298 atque
258 2213 383 2292 Italiae,
401 2215 434 2279 id
452 2216 538 2299 quod
555 2215 660 2280 multis
680 2235 775 2300 saepe
793 2215 1036 2299 tempestatibus
1053 2214 1144 2283 fuerat
1173 2272 1176 2280 .

147 2330 302 2373 annonam
320 2308 451 2387 levaret,
475 2309 515 2374 ab
532 2307 722 2395 Agathyrna
738 2308 930 2374 inconditam
948 2306 1144 2374 multitudino

97 2420 127 2465 17
149 2424 258 2469 secum
283 2403 317 2468 in
342 2402 468 2469 Italiam
498 2403 679 2468 transvexit.
733 2412 880 2486 quattuor
905 2403 996 2469 milia
1020 2401 1144 2469 homan

148 2507 248 2576 erant,
275 2498 366 2562 mixti
388 2498 536 2564 exomni
559 2497 744 2564 conluvione
762 2496 886 2574 exules,
914 2496 1069 2576 obaerati,
1090 2512 1144 2579 oq*

147 2592 221 2657 talia
239 2593 309 2657 ausi
330 2593 486 2678 plerique,
514 2603 546 2657 et
567 2615 639 2657 cum
660 2592 694 2656 in
716 2591 894 2658 civitatibus
919 2593 988 2658 suis
1006 2615 1044 2659 ac
1059 2586 1145 2657 sultlt·¹

148 2685 241 2770 gibus
264 2686 407 2751 vixerant
428 2696 460 2751 et
480 2695 648 2772 postquam
670 2707 724 2751 eos
747 2708 788 2751 ex
809 2685 905 2751 variis
927 2687 1035 2753 causis
1056 2686 1145 2751 forta!
1184 2760 1190 2771 1

148 2778 258 2842 similis
281 2778 525 2865 conglobaverat
545 2779 780 2866 Agathyrnam,
807 2802 864 2866 per
887 2779 1054 2846 latrocinia
1071 2799 1104 2846 ac
1117 2794 1145 2841 ur

98 2885 130 2933 18
148 2870 255 2955 pinam
277 2872 444 2938 tolerantes
467 2873 573 2938 vitam.
618 2874 677 2940 hos
699 2895 802 2956 neque
822 2871 1146 2957 relinqueremus·

147 2967 181 3028 in
205 2965 310 3031 insula
336 2976 402 3032 tum
424 2968 562 3053 primum
583 2991 667 3034 nova
687 2990 766 3053 pace
787 2967 987 3034 coalescente
1009 2970 1091 3036 velut
1105 2982 1147 3031 ut·

147 3059 258 3124 teriam
280 3061 434 3126 novandis
456 3061 552 3127 rebus
575 3063 652 3129 satis
675 3071 778 3126 tutum
799 3073 886 3126 ratus
910 3071 976 3140 est,
1003 3073 1034 3129 et
1050 3054 1148 3148 Regin·

147 3155 220 3219 usui
237 3153 335 3220 futuri
353 3166 441 3221 erant
459 3157 500 3221 ad
522 3157 737 3242 populandum
754 3156 916 3221 Bruttium
937 3180 1054 3244 agrum
1068 3156 1149 3222 nuo

148 3260 212 3313 tam
229 3248 638 3333 latrociniisquaerentibus
656 3274 794 3316 manunt
831 3261 863 3315 et
879 3252 969 3335 quod
986 3253 1029 3318 ad
1042 3248 1150 3318 Sicilia!
1180 3310 1183 3315 .

148 3343 272 3420 attinet,
292 3365 330 3408 eo
348 3367 430 3409 anno
448 3344 639 3410 debellatum
656 3355 714 3410 est.

114 3455 128 3502 1
211 3435 386 3502 XXXXI.
420 3437 461 3503 ln
478 3437 637 3524 Hispania
653 3439 806 3526 principio
824 3439 907 3505 veris
924 3438 966 3506 P.
988 3438 1103 3527 Scipio,
1116 3452 1161 3513 nt·¹
1188 3524 1190 3531 Ι

148 3529 240 3597 vibus
266 3531 410 3596 deductis
438 3533 638 3616 evocatisque
664 3533 766 3599 edicto
785 3533 1001 3600 Tarraconem
1027 3534 1151 3601 sonora·

148 3625 287 3703 auxiliis,
306 3626 440 3692 classem
458 3628 678 3712 onerariasque
691 3628 807 3693 ostium
824 3627 898 3693 inde
911 3627 1030 3697 Hiberi
1045 3618 1151 3694 flunt&

114 3736 130 3783 a
148 3731 254 3802 petere
270 3719 368 3789 iubet.
414 3721 525 3786 eodem
542 3721 682 3807 legiones
705 3744 745 3786 ex
761 3721 902 3788 hibernis
923 3723 1089 3789 convenire
1102 3732 1152 3785 em

148 3812 308 3891 iussisset,
335 3815 405 3899 ipse
427 3832 500 3880 cum
521 3816 660 3901 quinque
682 3815 810 3883 milibus
833 3817 994 3884 sociorum
1011 3817 1051 3884 ab
1067 3814 1153 3881 Taua

151 3927 228 3971 cone
245 3908 405 3992 profectus
424 3911 465 3975 ad
482 3911 654 3977 exercitum
672 3921 729 3977 est.
773 3933 929 3996 quocum
945 3912 1095 3987 venisset,
1115 3900 1153 3969 al·

149 3996 323 4082 loquendus
341 4003 477 4070 maxime
495 4015 615 4071 veteres
633 4004 763 4085 milites,
782 4006 838 4090 qui
851 4007 946 4072 tantis
961 4004 1153 4094 superfuerat
