2528 4514
319 240 439 295 LIBER
454 240 542 312 XXI,
561 241 604 298 12.
618 241 660 299 13.
681 245 718 311 [a.
730 239 759 298 C.
769 243 832 313 218]
1051 235 1091 300 ll

97 418 115 444 -,
167 423 177 446 ιι
190 389 363 482 Sagmtinum
376 407 407 463 et
420 394 574 463 Alorcum
588 399 779 484 Hispanum.
810 399 893 466 Alco
911 403 1017 470 insciis
1032 404 1093 473 Sa

87 503 114 541 12
136 493 228 566 goim
241 488 375 575 precibus
394 489 513 577 aliquid
531 502 689 557 moturum
706 503 803 572 ratus,
824 516 896 560 cum
915 499 955 562 ad
967 497 1093 564 Hanni-

96 602 116 628 ‘t
133 593 280 648 noctu
292 584 466 663 transisset,
485 597 653 671 postquam
670 587 748 652 nihil
764 586 911 654 lacrimae
924 592 1093 658 movebant

111 697 115 704 ¹
176 669 323 763 ¹¹’tionesque
338 676 443 744 tristes
456 689 491 745 ut
505 679 545 746 ab
559 681 638 747 irato
652 681 771 748 victore
787 681 976 764 ferebantur,
992 695 1093 753 trans-

87 777 111 821 Ἦ
132 790 173 848 fs=
193 787 220 834 ex
234 782 346 839 oratore
372 772 476 840 factus
500 775 585 859 apud
606 775 730 841 hostem
754 776 883 857 mansit,
906 780 1092 847 moritumm

90 854 115 952 ,ἕ
148 864 164 909 c
183 890 193 917 a
203 893 206 917 2
216 896 235 922 1:
249 867 299 952 qui
316 866 376 933 sub
390 868 626 935 condicionibus
641 870 679 934 iis
693 870 733 934 da
746 893 825 956 pace
838 883 954 960 ageret.
982 884 1092 961 postu·
1110 888 1125 935 5

87 962 106 1007 Ε
152 980 173 1005 ¹³1
216 971 322 1041 autem,
346 962 513 1027 redderent
529 985 580 1028 res
600 961 789 1029 Turdetanis
813 967 988 1053 traditoque
1005 970 1091 1035 omni

100 1129 102 1148 ,
137 1070 168 1102 l·
183 1060 252 1138 aque
268 1065 399 1145 argento
417 1058 536 1144 egressi
557 1057 636 1123 urbe
654 1080 727 1123 cum
745 1060 878 1147 singulis
895 1063 1090 1129 vestimentis

95 1159 102 1181 ”
122 1137 311 1230 'latiarem
331 1150 387 1217 ubi
404 1150 533 1217 Poenus
550 1153 704 1220 iussisset
749 1154 807 1220 has
825 1156 912 1240 pacis
929 1157 1017 1243 leges
1035 1158 1091 1224 ab·
1110 1162 1124 1209 6

93 1253 94 1258 ’
118 1247 193 1305 *aa
202 1241 315 1310 Alcone
333 1255 517 1332 accepturos
533 1244 737 1335 Saguntinos,
756 1247 902 1327 Alorcus,
921 1249 1006 1314 vinci
1023 1251 1090 1315 ani-

112 1413 117 1426 :
140 1364 143 1386 f
152 1333 206 1402 'uli
217 1338 273 1405 alia
285 1341 450 1405 vincantur
463 1340 641 1419 adfirmans,
659 1363 694 1406 se
706 1342 793 1427 pacis
809 1342 876 1408 eius
890 1342 1090 1427 interpretem

104 1427 106 1434 '
125 1460 133 1477 2
147 1457 150 1465 ⁴
165 1430 319 1516 pollicetur.
351 1445 418 1499 erat
434 1444 540 1500 autem
554 1444 621 1499 tum
635 1427 725 1501 miles
735 1433 935 1514 Hannibalis,
953 1446 1091 1502 ceterum

91 1552 188 1600 „coc
209 1523 392 1614 Saguntinis
416 1529 536 1594 amicus
561 1537 655 1612 atque
677 1528 804 1615 hospes.
850 1531 962 1596 tradito
985 1532 1090 1617 palam
1110 1551 1124 1596 r

94 1675 107 1701 ,2
156 1621 325 1688 custodibus
343 1621 483 1688 hostium
500 1632 716 1709 transgressus
734 1624 929 1690 munimenta
941 1623 983 1690 ad
1000 1647 1090 1711 prae-

100 1723 121 1767 '·1
136 1740 164 1769 ἰι
184 1711 392 1802 Saguntinum
403 1717 577 1803 -etipse
594 1717 639 1782 ita
655 1716 785 1783 iubebat
797 1752 842 1766 -
859 1730 908 1784 est
925 1719 1088 1785 deductus.

87 1770 212 1899 *mcum
225 1809 380 1895 extemplo
390 1833 560 1877 concursus
576 1811 677 1877 omnis
690 1812 815 1900 generis
828 1812 991 1878 hominum
1006 1822 1089 1879 esset
1107 1828 1123 1876 8

87 1894 184 1980 uota,
203 1904 348 1970 submota
371 1916 474 1971 cetera
491 1906 691 1972 multitudine
714 1915 841 1972 senatus
859 1905 978 1974 Alorco
996 1908 1088 1973 datus

87 2000 135 2072 ccl,
149 1996 227 2063 cuius
244 1999 316 2064 talis
335 2000 433 2065 oratio
451 1999 525 2066 fuit:

136 2088 219 2157 Xlll.
246 2091 300 2159 ‘Si
314 2094 391 2158 civis
411 2093 615 2172 vesterAlco,
636 2095 717 2160 sicut
734 2095 775 2160 ad
791 2117 903 2180 pacem
920 2095 1088 2181 petendam
1109 2102 1121 2148 1

92 2179 330 2253 adfinitatem
349 2188 444 2265 venit,
463 2189 508 2253 ita
524 2189 612 2274 pacis
631 2189 829 2254 condiciones
848 2188 888 2254 ab
906 2189 1087 2256 Hannibale

91 2273 184 2360 advos
193 2282 352 2360 resilisset,
369 2305 636 2368 supervacaneum
649 2282 710 2349 hoc
724 2283 802 2346 mihi
815 2283 929 2349 fuisset
942 2284 1008 2363 iter,
1024 2307 1088 2369 quo

91 2375 431 2441 necoratorHannibalis
446 2399 505 2443 nec
518 2376 683 2463 transfuga
696 2375 736 2440 ad
750 2397 806 2440 vos
821 2376 988 2440 venissem.
1016 2398 1088 2441 cum
1108 2381 1122 2426 2

87 2459 185 2533 lllcaut
195 2480 296 2536 vestra
314 2481 369 2536 aut
387 2495 445 2537 sua
458 2472 552 2558 culpa
567 2472 718 2537 manserit
735 2469 820 2556 apud
836 2469 1088 2549 hostem-sua,

87 2557 224 2629 dmctum
238 2566 405 2645 simulavit,
420 2575 534 2644 vestra,
555 2566 582 2630 si
594 2564 768 2652 periculum
781 2572 830 2629 est
844 2563 929 2648 apud
942 2585 999 2628 vos
1015 2584 1090 2629 vera

87 2652 265 2725 &uentibus
285 2683 415 2746 -ego,
434 2683 475 2725 ne
490 2659 678 2747 ignoraretis
699 2681 769 2725 esse
789 2658 910 2743 aliquas
929 2666 960 2723 et
979 2657 1088 2724 salutis
1152 2658 1155 2663 ’

87 2752 195 2834 spacia
207 2754 297 2819 vobis
312 2755 520 2833 condiciones,
535 2778 592 2841 pro
606 2764 731 2821 vetusto
748 2753 893 2840 hospitio,
909 2754 995 2837 quod
1012 2753 1090 2818 mihi

87 2840 224 2912 vobiscum
242 2857 304 2925 est,
328 2849 369 2913 ad
386 2872 443 2915 vos
461 2849 543 2914 veni.
588 2858 695 2915 vestra
717 2859 823 2913 autem
846 2870 943 2913 causa
960 2870 1010 2913 me
1029 2870 1088 2913 nec
1107 2861 1122 2908 3

87 2933 158 3004 ullius
177 2941 304 3007 alterius
326 2943 412 3027 loqui
435 2965 516 3027 quae
542 2943 655 3026 loquor
680 2943 766 3028 apud
791 2964 849 3007 vos
876 2942 927 3006 vel
949 2964 987 3007 ea
1008 2941 1088 3006 fides

87 3027 122 3107 tlt,
136 3036 213 3116 quod
230 3057 333 3120 neque
351 3037 427 3101 dum
444 3037 557 3102 vestris
577 3035 697 3102 viribus
715 3035 874 3101 restitistis
892 3057 994 3119 neque
1013 3035 1089 3100 dum

87 3126 181 3194 lucilia
201 3129 241 3196 ab
267 3131 421 3196 Romanis
450 3132 600 3217 sperastis
628 3129 716 3216 pacis
742 3151 893 3213 umquam
919 3129 1005 3214 apud
1029 3151 1088 3200 ,vos

87 3221 249 3289 mentionem
265 3224 338 3317 feci.
369 3233 538 3310 postquam
556 3247 615 3290 nec
633 3224 672 3290 ab
682 3221 834 3291 Romanis
849 3222 939 3287 vobis
958 3220 1022 3286 ulla
1040 3230 1088 3286 est
1106 3236 1124 3283 4

87 3331 140 3396 tpea
154 3338 209 3382 nec
222 3326 329 3383 vestra
341 3341 399 3384 vos
416 3320 480 3384 iam
498 3328 552 3385 aut
570 3341 657 3384 arma
674 3327 728 3383 aut
744 3315 868 3381 moenia
887 3314 962 3380 satis
981 3313 1090 3382 defen·

87 3403 157 3488 lunt,
182 3434 294 3498 pacem
324 3413 434 3480 adfero
465 3414 589 3479 advos
619 3414 721 3500 magis
752 3411 962 3476 necessariam
992 3432 1089 3495 quam

87 3519 203 3586 tequam.
245 3507 337 3573 cuius
354 3509 399 3574 ita
416 3508 521 3592 aliqua
539 3530 611 3594 spes
630 3518 687 3587 est,
707 3507 831 3584 sicam,
851 3526 946 3589 quem
964 3504 1005 3568 ad
1021 3525 1089 3569 mo-
1107 3517 1123 3565 5

87 3591 140 3662 lum
154 3609 188 3665 ut
204 3601 305 3667 victor
327 3602 388 3668 fert
405 3602 586 3682 Hannibal,
605 3603 651 3668 sic
672 3624 728 3668 vos
752 3610 787 3665 ut
809 3600 883 3664 victi
906 3597 1038 3663 audietis
1057 3606 1088 3662 et

87 3710 128 3755 ton
142 3691 173 3758 id
189 3697 275 3779 quod
293 3695 446 3761 amittitur
463 3698 496 3762 in
513 3697 638 3775 damno,
658 3718 731 3761 cum
750 3695 855 3760 omnia
869 3691 995 3757 victoris
1015 3691 1086 3770 sint,

87 3783 122 3850 ed
133 3788 284 3873 quidquid
295 3790 481 3875 relinquitur
493 3814 550 3878 pro
563 3813 692 3856 munere
705 3789 844 3856 habituri
859 3787 944 3853 estis.
975 3785 1088 3854 urbem
1106 3800 1121 3848 6

87 3877 166 3959 obis,
189 3905 285 3968 quam
302 3906 345 3951 ex
361 3908 477 3987 magna
498 3895 586 3972 parte
604 3886 739 3950 dirutam
762 3891 887 3968 captam
905 3880 972 3947 fere
989 3889 1088 3947 totam

87 3972 166 4057 abet,
182 3978 302 4059 adimit,
322 4002 416 4067 agros
432 3981 589 4066 relinquit,
607 3981 712 4046 locum
729 3977 962 4064 adsignaturus,
977 3976 1011 4041 in
1025 3995 1088 4060 quo
