2528 4530
286 244 405 303 umus
420 244 520 315 XXV,
536 246 638 303 11.12.
657 244 810 323 [adm]
1002 239 1067 307 227

38 403 116 471 mari
141 401 326 471 transmissa
355 414 421 483 est,
456 403 604 492 plaustris
635 404 834 472 transveham
863 430 961 475 naves
991 409 1069 476 baut

40 519 153 586 magna
168 495 261 564 mole.
301 505 333 563 et
349 519 435 564 mare
452 507 595 564 nostrum
612 497 683 577 erit,
701 519 764 583 quo
781 520 866 566 nunc
886 498 993 569 hostes
1010 525 1068 589 po-

42 593 168 671 tiuntur,
186 600 218 657 et
234 589 320 656 illinc
336 591 430 670 mari,
448 591 522 657 hinc
539 601 622 658 terra
639 593 937 661 circumsedebimus
952 618 1066 675 arcem,

44 687 132 753 immo
148 684 239 753 brevi
255 696 309 753 aut
326 686 466 753 relictam
489 687 529 752 ab
546 685 690 754 hostibus
708 698 763 755 aut
780 712 854 755 cum
874 691 952 778 ipsis
969 691 1069 759 hosti-

10 796 12 801 ·
46 780 96 846 bus
113 779 297 867 capiemus'.
342 781 421 847 baec
438 782 537 847 oratio
554 804 618 848 non
641 803 730 869 spem
747 784 843 849 modo
861 785 992 852 effectus
1010 787 1068 853 sed
1086 803 1118 854 18

49 875 195 962 ingentem
222 875 316 940 etiam
341 876 432 942 ducis
455 875 691 941 admirationem
712 874 797 942 fecit
833 889 991 946 contracta
1013 901 1068 945 ex·
1129 954 1132 963 ¹

51 968 151 1054 templo
177 969 318 1053 undique
340 968 481 1055 plaustra
501 969 670 1054 iunctaque
690 968 772 1035 inter
794 992 828 1036 se
850 982 883 1038 et
904 973 1067 1040 machinae

53 1060 323 1128 adsubducendas
350 1085 448 1129 naves
474 1062 618 1129 admotae
644 1063 862 1148 munitumque
891 1063 968 1145 iter,
1004 1089 1067 1151 quo

55 1154 175 1221 faciliora
194 1155 336 1242 plaustra
357 1157 521 1243 minorque
546 1157 646 1223 moles
667 1157 702 1222 in
724 1158 856 1224 transitu
882 1169 975 1225 esset
1019 1161 1118 1229 iu-1s

54 1261 139 1314 menta
154 1248 229 1314 inde
247 1258 279 1314 et
295 1249 437 1316 homines
456 1251 606 1316 contracti
624 1259 656 1315 et
673 1272 753 1336 opus
770 1249 893 1339 inpigre
903 1262 1066 1339 coeptum3

57 1362 214 1429 paucosque
240 1353 314 1431 post
339 1345 407 1410 dies
434 1344 545 1411 classis
571 1345 723 1410 instructa
746 1366 783 1410 ac
804 1356 914 1433 parata
936 1346 1068 1413 circum-

58 1437 157 1504 vehitur
173 1459 279 1504 arcem
297 1447 329 1504 et
346 1448 418 1504 ante
435 1461 471 1504 os
488 1439 594 1524 ipsum
606 1447 716 1524 portus
729 1461 860 1506 ancoras
873 1439 956 1506 iacit.
982 1439 1068 1507 huno
1085 1462 1119 1512 20

61 1539 150 1598 statum
175 1554 281 1598 rerum
302 1530 465 1599 Hannibal
482 1533 611 1599 Tarenti
637 1532 783 1617 relinquit
808 1555 971 1621 regressus
998 1534 1067 1622 ipse

58 1622 223 1693 inbibema
268 1635 406 1692 ceterum
424 1626 560 1692 defectio
578 1625 819 1693 Tarentinorum
840 1638 945 1694 utrum
962 1629 1067 1715 priore

55 1740 117 1785 anno
133 1743 174 1785 an
190 1720 252 1786 hoc
270 1719 353 1786 facta
372 1722 425 1799 sit,
444 1720 478 1784 in
494 1720 654 1786 diversum
671 1730 816 1787 auctores
833 1721 969 1788 trahunt.
996 1723 1067 1810 plu-

53 1834 90 1879 res
102 1815 324 1902 propioresque
341 1825 443 1881 aetate
461 1816 630 1883 memoriae
643 1837 748 1882 rerum
764 1815 826 1883 hoc
844 1839 928 1883 anno
945 1817 1066 1884 factum

55 1908 169 1975 tradunt.

99 2001 179 2067 XII.
223 2001 345 2068 Romae
362 2002 507 2068 consules
525 2012 747 2089 praetoresque
770 2025 871 2089 usque
893 2017 964 2072 ante
982 2006 1065 2072 diem
1085 2029 1098 2073 1

54 2114 75 2158 a
88 2096 144 2161 lral.
161 2095 268 2161 Maias
285 2096 421 2162 Latinae
440 2106 615 2162 tenuerunt.
657 2118 695 2162 eo
713 2099 764 2163 die
781 2107 958 2184 perpetrato
977 2122 1066 2166 sacro
1084 2120 1100 2167 a

53 2186 190 2256 inmonte
206 2191 240 2254 in
258 2213 332 2257 suas
350 2191 483 2275 quisque
500 2190 682 2278 provincias
704 2190 953 2276 proficiscuntur.
996 2194 1067 2259 reli-

51 2281 92 2369 gio
114 2285 227 2350 deinde
253 2306 336 2350 nova
367 2284 489 2350 obiecta
520 2295 568 2351 est
599 2306 639 2349 ex
669 2284 858 2350 carminibus
884 2285 1065 2351 Marcianis.

52 2386 122 2444 vates
147 2377 199 2443 hic
223 2376 365 2443 Marcius
395 2378 535 2443 inlustris
561 2377 683 2455 fuerat,
720 2386 751 2442 et
781 2399 853 2442 cum
880 2378 1100 2462 conquisitios

10 2462 13 2493 '
49 2469 135 2554 priore
152 2493 235 2537 anno
252 2494 293 2537 ex
311 2481 439 2537 senatus
457 2470 599 2537 consulto
617 2471 727 2536 talium
743 2470 895 2538 librorum
912 2471 1015 2550 fieret,
1032 2471 1066 2536 in

10 2566 12 2571 ’
47 2559 84 2630 li
99 2563 218 2632 Aemili
234 2565 385 2652 praetoris
404 2565 529 2645 urbani,
553 2566 608 2650 qui
626 2587 696 2630 eam
712 2587 779 2630 rem
797 2563 926 2652 agebat,
954 2587 1065 2631 manus

47 2670 198 2727 venerant.-
226 2660 255 2726 is
273 2660 414 2746 protinus
432 2682 514 2726 novo
531 2660 667 2744 praetori
684 2656 792 2725 Sullae
811 2660 990 2727 tradiderat.
1025 2683 1066 2727 ex
1083 2681 1100 2727 4

45 2749 127 2820 buius
142 2753 259 2820 Marcii
280 2754 405 2820 duobus
429 2753 619 2819 carminibus
638 2753 766 2819 alterius
783 2765 858 2840 post
874 2777 942 2821 rem
964 2763 1067 2822 actam

43 2845 108 2913 editi
124 2870 199 2913 cum
215 2857 284 2914 rato
301 2847 471 2914 auctoritas
490 2860 604 2913 eventu
622 2847 711 2912 alteri
728 2868 862 2933 quoque,
882 2848 972 2914 cuius
989 2871 1067 2915 non-

42 2940 109 3007 dum
134 2951 259 3029 tempus
286 2950 428 3021 venerat,
456 2940 618 3007 adferebat
642 2941 747 3007 fidem.
800 2942 903 3029 priore
929 2943 1100 3010 carminee

42 3032 212 3103 Cannensis
244 3036 405 3124 praedicta
435 3036 540 3102 clades
571 3037 605 3100 in
640 3036 719 3102 baec
753 3036 819 3102 fere
853 3035 951 3102 verba
986 3048 1065 3102 erat:

41 3129 367 3218 ‘amuem,Troiugena
385 3129 651 3217 (Romane),fuge
671 3129 828 3208 Cannam,
852 3152 892 3196 ne
910 3138 941 3195 te
959 3130 1067 3196 alieni-

42 3245 133 3310 genae
150 3234 267 3312 cogant
285 3225 318 3289 in
341 3246 450 3311 campo
467 3224 635 3290 Diomedis
658 3246 821 3290 conserere
843 3246 964 3289 manus.
1010 3223 1067 3288 sed
1085 3243 1100 3291 6

43 3338 135 3402 neque
151 3319 263 3384 credes
281 3329 316 3384 tu
334 3318 425 3398 mihi,
449 3319 549 3384 donec
566 3317 720 3404 conpleris
740 3317 892 3403 sanguine
909 3338 1065 3403 campum,

39 3410 195 3499 multaque
230 3412 317 3478 milia
351 3413 455 3478 occisa
489 3422 544 3477 tua
577 3412 697 3477 deferet
732 3411 832 3476 amnis
867 3410 901 3475 in
934 3420 1067 3497 pontum

35 3528 186 3596 magnum
208 3529 249 3572 ex
269 3517 352 3572 terra
373 3506 539 3593 frugifera3
566 3504 707 3592 piscibus
730 3514 823 3590 atque
846 3503 957 3570 avibus
975 3503 1066 3571 feris·

34 3621 109 3687 qne,
136 3622 220 3686 quae
245 3600 385 3666 incolunt
411 3610 523 3679 terras,
550 3602 578 3665 is
604 3599 673 3665 fuat
695 3621 768 3665 esca
789 3620 862 3664 caro
884 3607 948 3663 tua
991 3620 1065 3662 nam

31 3696 110 3761 mibi
126 3696 174 3761 ita
189 3695 332 3782 Iuppiter
349 3695 433 3761 fatus
452 3694 522 3760 est'.
568 3705 599 3759 et
614 3693 782 3760 Diomedis
800 3691 915 3779 Argivi
937 3713 1065 3777 campos
1084 3713 1099 3761 t

31 3799 63 3856 et
81 3787 231 3857 Cannam
246 3788 364 3854 flumen
380 3789 417 3867 ii,
445 3789 500 3873 qui
521 3788 729 3854 militaverant
749 3788 783 3851 in
804 3786 843 3851 iis
860 3784 953 3864 locis,
978 3784 1066 3850 iuxta

30 3893 128 3970 atque
154 3883 258 3970 ipsam
284 3884 405 3950 cladem
431 3881 652 3970 agnoscebant.
697 3892 764 3946 tum
787 3881 918 3947 alterum
941 3901 1099 3951 carmena

28 3980 215 4057 recitatum,
240 4000 304 4044 non
325 4000 363 4045 eo
386 3988 506 4044 tantum
529 3976 707 4056 obscurius,
734 3976 808 4061 quia
829 3975 995 4045 incertiora
1016 3974 1067 4040 fu-

836 4075 889 4130 15·
