<?xml version="1.0" encoding="UTF-8"?>
<!DOCTYPE html PUBLIC "-//W3C//DTD XHTML 1.0 Transitional//EN"
    "http://www.w3.org/TR/xhtml1/DTD/xhtml1-transitional.dtd">
<html xmlns="http://www.w3.org/1999/xhtml" xml:lang="en" lang="en">
 <head>
  <title>
</title>
<meta http-equiv="Content-Type" content="text/html;charset=utf-8" />
  <meta name='ocr-system' content='tesseract 3.04.00' />
  <meta name='ocr-capabilities' content='ocr_page ocr_carea ocr_par ocr_line ocrx_word'/>
</head>
<body>
  <div class='ocr_page' id='page_1' title='image "./titiliviaburbec00weisgoog_0528.png"; bbox 0 0 2528 4514; ppageno 0'>
   <div class='ocr_carea' id='block_1_1' title="bbox 142 217 964 291">
    <p class='ocr_par' dir='ltr' id='par_1_1' title="bbox 142 217 964 291">
     <span class='ocr_line' id='line_1_1' title="bbox 142 217 964 291; baseline -0.006 -9"><span class='ocrx_word' id='word_1_1' title='bbox 142 217 206 282; x_wconf 80' lang='lat' dir='ltr'>40ss</span> <span class='ocrx_word' id='word_1_2' title='bbox 358 222 475 278; x_wconf 79' lang='lat' dir='ltr'>urana</span> <span class='ocrx_word' id='word_1_3' title='bbox 493 219 637 290; x_wconf 82' lang='lat' dir='ltr'>xxrffl,</span> <span class='ocrx_word' id='word_1_4' title='bbox 657 221 699 275; x_wconf 85' lang='lat'>19.</span> <span class='ocrx_word' id='word_1_5' title='bbox 714 220 757 275; x_wconf 82' lang='lat' dir='ltr'>ao.</span> <span class='ocrx_word' id='word_1_6' title='bbox 777 221 964 291; x_wconf 59' lang='lat' dir='ltr'>[amessa]</span> 
     </span>
    </p>
   </div>
   <div class='ocr_carea' id='block_1_2' title="bbox 7 378 1187 4079">
    <p class='ocr_par' dir='ltr' id='par_1_2' title="bbox 7 378 1187 4079">
     <span class='ocr_line' id='line_1_2' title="bbox 141 378 1187 467; baseline -0.003 -16"><span class='ocrx_word' id='word_1_7' title='bbox 141 385 276 460; x_wconf 80' lang='lat' dir='ltr'>veritus,</span> <span class='ocrx_word' id='word_1_8' title='bbox 302 403 343 445; x_wconf 92' lang='lat' dir='ltr'>ne</span> <span class='ocrx_word' id='word_1_9' title='bbox 360 379 451 445; x_wconf 88' lang='lat' dir='ltr'>vanis</span> <span class='ocrx_word' id='word_1_10' title='bbox 470 379 635 444; x_wconf 87' lang='lat' dir='ltr'>conatibus</span> <span class='ocrx_word' id='word_1_11' title='bbox 655 400 784 443; x_wconf 90' lang='lat' dir='ltr'>suorum</span> <span class='ocrx_word' id='word_1_12' title='bbox 802 389 834 443; x_wconf 90' lang='lat' dir='ltr'>et</span> <span class='ocrx_word' id='word_1_13' title='bbox 851 378 1000 446; x_wconf 81' lang='lat' dir='ltr'>hostibus</span> <span class='ocrx_word' id='word_1_14' title='bbox 1023 393 1156 448; x_wconf 87' lang='lat' dir='ltr'>cresceret</span> <span class='ocrx_word' id='word_1_15' title='bbox 1185 462 1187 467; x_wconf 23' lang='grc' dir='ltr'>Ι</span> 
     </span>
     <span class='ocr_line' id='line_1_3' title="bbox 143 472 1187 564; baseline -0.002 -19"><span class='ocrx_word' id='word_1_16' title='bbox 143 481 266 545; x_wconf 87' lang='lat' dir='ltr'>animus</span> <span class='ocrx_word' id='word_1_17' title='bbox 284 486 317 542; x_wconf 91' lang='lat' dir='ltr'>et</span> <span class='ocrx_word' id='word_1_18' title='bbox 334 473 461 562; x_wconf 84' lang='lat' dir='ltr'>segnior</span> <span class='ocrx_word' id='word_1_19' title='bbox 478 473 570 539; x_wconf 91' lang='lat' dir='ltr'>miles</span> <span class='ocrx_word' id='word_1_20' title='bbox 587 473 687 551; x_wconf 89' lang='lat' dir='ltr'>fieret,</span> <span class='ocrx_word' id='word_1_21' title='bbox 706 472 833 539; x_wconf 89' lang='lat' dir='ltr'>sibimet</span> <span class='ocrx_word' id='word_1_22' title='bbox 850 476 1035 542; x_wconf 89' lang='lat' dir='ltr'>conandum</span> <span class='ocrx_word' id='word_1_23' title='bbox 1051 496 1087 542; x_wconf 91' lang='lat' dir='ltr'>ac</span> <span class='ocrx_word' id='word_1_24' title='bbox 1100 500 1156 564; x_wconf 83' lang='lat' dir='ltr'>par·</span> <span class='ocrx_word' id='word_1_25' title='bbox 1185 472 1187 477; x_wconf 68' lang='grc'><strong>’</strong></span> 
     </span>
     <span class='ocr_line' id='line_1_4' title="bbox 142 569 1156 659; baseline -0.002 -21"><span class='ocrx_word' id='word_1_26' title='bbox 142 586 208 641; x_wconf 93' lang='lat' dir='ltr'>tem</span> <span class='ocrx_word' id='word_1_27' title='bbox 232 570 365 659; x_wconf 90' lang='lat' dir='ltr'>periculi</span> <span class='ocrx_word' id='word_1_28' title='bbox 390 569 620 655; x_wconf 77' lang='lat' dir='ltr'>capessendam</span> <span class='ocrx_word' id='word_1_29' title='bbox 646 590 718 634; x_wconf 88' lang='lat' dir='ltr'>esse</span> <span class='ocrx_word' id='word_1_30' title='bbox 739 578 842 647; x_wconf 91' lang='lat' dir='ltr'>ratus,</span> <span class='ocrx_word' id='word_1_31' title='bbox 869 569 1027 657; x_wconf 90' lang='lat' dir='ltr'>increpita</span> <span class='ocrx_word' id='word_1_32' title='bbox 1051 571 1156 658; x_wconf 85' lang='lat' dir='ltr'>ignaria</span> 
     </span>
     <span class='ocr_line' id='line_1_5' title="bbox 141 662 1156 750; baseline -0.002 -17"><span class='ocrx_word' id='word_1_33' title='bbox 141 669 279 733; x_wconf 88' lang='lat' dir='ltr'>militum</span> <span class='ocrx_word' id='word_1_34' title='bbox 296 664 371 730; x_wconf 87' lang='lat' dir='ltr'>ferri</span> <span class='ocrx_word' id='word_1_35' title='bbox 390 664 492 729; x_wconf 88' lang='lat' dir='ltr'>scalas</span> <span class='ocrx_word' id='word_1_36' title='bbox 510 663 598 729; x_wconf 88' lang='lat' dir='ltr'>iubet</span> <span class='ocrx_word' id='word_1_37' title='bbox 616 673 700 728; x_wconf 87' lang='lat' dir='ltr'>etse</span> <span class='ocrx_word' id='word_1_38' title='bbox 718 662 838 750; x_wconf 90' lang='lat' dir='ltr'>ipsum,</span> <span class='ocrx_word' id='word_1_39' title='bbox 868 664 896 730; x_wconf 91' lang='lat' dir='ltr'>si</span> <span class='ocrx_word' id='word_1_40' title='bbox 914 666 1014 731; x_wconf 86' lang='lat' dir='ltr'>ceteri</span> <span class='ocrx_word' id='word_1_41' title='bbox 1032 680 1156 732; x_wconf 86' lang='lat' dir='ltr'>cuncten-</span> 
     </span>
     <span class='ocr_line' id='line_1_6' title="bbox 94 756 1156 838; baseline -0.001 -11"><span class='ocrx_word' id='word_1_42' title='bbox 94 784 125 832; x_wconf 78' lang='lat'>17</span> <span class='ocrx_word' id='word_1_43' title='bbox 144 777 209 838; x_wconf 90' lang='lat' dir='ltr'>tur,</span> <span class='ocrx_word' id='word_1_44' title='bbox 237 780 443 825; x_wconf 82' lang='lat' dir='ltr'>escensurum</span> <span class='ocrx_word' id='word_1_45' title='bbox 467 756 615 823; x_wconf 84' lang='lat' dir='ltr'>minatur.</span> <span class='ocrx_word' id='word_1_46' title='bbox 659 756 724 822; x_wconf 90' lang='lat' dir='ltr'>iam</span> <span class='ocrx_word' id='word_1_47' title='bbox 751 757 893 822; x_wconf 84' lang='lat' dir='ltr'>subierat</span> <span class='ocrx_word' id='word_1_48' title='bbox 920 758 1009 824; x_wconf 88' lang='lat' dir='ltr'>baud</span> <span class='ocrx_word' id='word_1_49' title='bbox 1030 760 1156 826; x_wconf 86' lang='lat' dir='ltr'>mediocri</span> 
     </span>
     <span class='ocr_line' id='line_1_7' title="bbox 135 851 1185 944; baseline -0.003 -23"><span class='ocrx_word' id='word_1_50' title='bbox 135 856 284 944; x_wconf 81' lang='lat' dir='ltr'>&#39;periculo</span> <span class='ocrx_word' id='word_1_51' title='bbox 301 852 442 930; x_wconf 92' lang='lat' dir='ltr'>moenia,</span> <span class='ocrx_word' id='word_1_52' title='bbox 469 873 542 917; x_wconf 92' lang='lat' dir='ltr'>cum</span> <span class='ocrx_word' id='word_1_53' title='bbox 560 852 679 917; x_wconf 87' lang='lat' dir='ltr'>clamor</span> <span class='ocrx_word' id='word_1_54' title='bbox 695 851 836 936; x_wconf 88' lang='lat' dir='ltr'>undique</span> <span class='ocrx_word' id='word_1_55' title='bbox 855 853 895 919; x_wconf 90' lang='lat' dir='ltr'>ab</span> <span class='ocrx_word' id='word_1_56' title='bbox 915 854 1060 920; x_wconf 88' lang='lat' dir='ltr'>sollicitis</span> <span class='ocrx_word' id='word_1_57' title='bbox 1077 855 1156 921; x_wconf 88' lang='lat' dir='ltr'>vicen</span> <span class='ocrx_word' id='word_1_58' title='bbox 1182 880 1185 885; x_wconf 95' lang='lat'>·</span> 
     </span>
     <span class='ocr_line' id='line_1_8' title="bbox 143 946 1187 1037; baseline -0.001 -21"><span class='ocrx_word' id='word_1_59' title='bbox 143 949 341 1037; x_wconf 86' lang='lat' dir='ltr'>imperatoris</span> <span class='ocrx_word' id='word_1_60' title='bbox 359 946 511 1013; x_wconf 82' lang='lat' dir='ltr'>militibus</span> <span class='ocrx_word' id='word_1_61' title='bbox 529 947 672 1013; x_wconf 91' lang='lat' dir='ltr'>sublatus</span> <span class='ocrx_word' id='word_1_62' title='bbox 689 946 856 1031; x_wconf 77' lang='lat' dir='ltr'>scalaeque</span> <span class='ocrx_word' id='word_1_63' title='bbox 873 948 984 1014; x_wconf 88' lang='lat' dir='ltr'>multis</span> <span class='ocrx_word' id='word_1_64' title='bbox 1002 949 1093 1015; x_wconf 88' lang='lat' dir='ltr'>simul</span> <span class='ocrx_word' id='word_1_65' title='bbox 1102 973 1156 1037; x_wconf 87' lang='lat' dir='ltr'>par-</span> <span class='ocrx_word' id='word_1_66' title='bbox 1182 966 1187 1001; x_wconf 88' lang='lat'>&#39;-</span> 
     </span>
     <span class='ocr_line' id='line_1_9' title="bbox 94 1040 1155 1131; baseline -0.005 -16"><span class='ocrx_word' id='word_1_67' title='bbox 94 1066 126 1115; x_wconf 87' lang='lat'>18</span> <span class='ocrx_word' id='word_1_68' title='bbox 145 1046 229 1111; x_wconf 90' lang='lat' dir='ltr'>tibus</span> <span class='ocrx_word' id='word_1_69' title='bbox 256 1042 336 1131; x_wconf 89' lang='lat' dir='ltr'>erigi</span> <span class='ocrx_word' id='word_1_70' title='bbox 361 1051 501 1127; x_wconf 84' lang='lat' dir='ltr'>coeptae.</span> <span class='ocrx_word' id='word_1_71' title='bbox 551 1051 583 1106; x_wconf 91' lang='lat' dir='ltr'>et</span> <span class='ocrx_word' id='word_1_72' title='bbox 608 1063 649 1106; x_wconf 93' lang='lat' dir='ltr'>ex</span> <span class='ocrx_word' id='word_1_73' title='bbox 674 1040 774 1106; x_wconf 91' lang='lat' dir='ltr'>altera</span> <span class='ocrx_word' id='word_1_74' title='bbox 798 1051 889 1128; x_wconf 88' lang='lat' dir='ltr'>parte</span> <span class='ocrx_word' id='word_1_75' title='bbox 911 1043 1047 1110; x_wconf 90' lang='lat' dir='ltr'>Laelius</span> <span class='ocrx_word' id='word_1_76' title='bbox 1071 1044 1155 1110; x_wconf 82' lang='lat' dir='ltr'>instat</span> 
     </span>
     <span class='ocr_line' id='line_1_10' title="bbox 146 1135 1187 1226; baseline 0 -22"><span class='ocrx_word' id='word_1_77' title='bbox 146 1150 213 1204; x_wconf 92' lang='lat' dir='ltr'>tum</span> <span class='ocrx_word' id='word_1_78' title='bbox 235 1137 320 1202; x_wconf 84' lang='lat' dir='ltr'>victa</span> <span class='ocrx_word' id='word_1_79' title='bbox 340 1135 570 1221; x_wconf 83' lang='lat' dir='ltr'>oppidanorum</span> <span class='ocrx_word' id='word_1_80' title='bbox 593 1135 642 1200; x_wconf 84' lang='lat' dir='ltr'>vis</span> <span class='ocrx_word' id='word_1_81' title='bbox 669 1135 862 1220; x_wconf 90' lang='lat' dir='ltr'>deiectisque</span> <span class='ocrx_word' id='word_1_82' title='bbox 887 1139 1155 1226; x_wconf 82' lang='lat' dir='ltr'>propugnatoribus</span> <span class='ocrx_word' id='word_1_83' title='bbox 1185 1168 1187 1173; x_wconf 96' lang='lat'>·</span> 
     </span>
     <span class='ocr_line' id='line_1_11' title="bbox 145 1229 1156 1321; baseline 0.001 -23"><span class='ocrx_word' id='word_1_84' title='bbox 145 1242 339 1318; x_wconf 78' lang='lat' dir='ltr'>occupantur</span> <span class='ocrx_word' id='word_1_85' title='bbox 365 1229 456 1294; x_wconf 91' lang='lat' dir='ltr'>muri.</span> <span class='ocrx_word' id='word_1_86' title='bbox 501 1252 559 1294; x_wconf 89' lang='lat' dir='ltr'>arx</span> <span class='ocrx_word' id='word_1_87' title='bbox 584 1229 679 1294; x_wconf 90' lang='lat' dir='ltr'>etiam</span> <span class='ocrx_word' id='word_1_88' title='bbox 702 1231 743 1295; x_wconf 92' lang='lat' dir='ltr'>ab</span> <span class='ocrx_word' id='word_1_89' title='bbox 765 1252 803 1296; x_wconf 91' lang='lat' dir='ltr'>ea</span> <span class='ocrx_word' id='word_1_90' title='bbox 823 1241 930 1316; x_wconf 88' lang='lat' dir='ltr'>parte,</span> <span class='ocrx_word' id='word_1_91' title='bbox 958 1255 1024 1317; x_wconf 90' lang='lat' dir='ltr'>qua</span> <span class='ocrx_word' id='word_1_92' title='bbox 1047 1234 1156 1321; x_wconf 85' lang='lat' dir='ltr'>inexpu-</span> 
     </span>
     <span class='ocr_line' id='line_1_12' title="bbox 145 1325 1187 1415; baseline 0.001 -22"><span class='ocrx_word' id='word_1_93' title='bbox 145 1329 281 1415; x_wconf 85' lang='lat' dir='ltr'>gnabilis</span> <span class='ocrx_word' id='word_1_94' title='bbox 301 1326 480 1403; x_wconf 85' lang='lat' dir='ltr'>videbatur,</span> <span class='ocrx_word' id='word_1_95' title='bbox 498 1325 580 1390; x_wconf 88' lang='lat' dir='ltr'>inter</span> <span class='ocrx_word' id='word_1_96' title='bbox 597 1325 767 1392; x_wconf 88' lang='lat' dir='ltr'>tumultum</span> <span class='ocrx_word' id='word_1_97' title='bbox 784 1337 878 1414; x_wconf 90' lang='lat' dir='ltr'>capta</span> <span class='ocrx_word' id='word_1_98' title='bbox 894 1339 955 1393; x_wconf 92' lang='lat' dir='ltr'>est.</span> <span class='ocrx_word' id='word_1_99' title='bbox 1183 1362 1187 1415; x_wconf 81' lang='lat'>;</span> 
     </span>
     <span class='ocr_line' id='line_1_13' title="bbox 112 1420 1187 1507; baseline -0.002 -20"><span class='ocrx_word' id='word_1_100' title='bbox 112 1446 125 1492; x_wconf 95' lang='lat'>1</span> <span class='ocrx_word' id='word_1_101' title='bbox 209 1422 293 1488; x_wconf 78' lang='lat' dir='ltr'>XX.</span> <span class='ocrx_word' id='word_1_102' title='bbox 338 1421 539 1507; x_wconf 84' lang='lat' dir='ltr'>Transfugae</span> <span class='ocrx_word' id='word_1_103' title='bbox 565 1420 654 1500; x_wconf 83' lang='lat' dir='ltr'>Afri,</span> <span class='ocrx_word' id='word_1_104' title='bbox 687 1421 742 1505; x_wconf 91' lang='lat' dir='ltr'>qui</span> <span class='ocrx_word' id='word_1_105' title='bbox 767 1432 836 1486; x_wconf 91' lang='lat' dir='ltr'>tum</span> <span class='ocrx_word' id='word_1_106' title='bbox 861 1421 945 1488; x_wconf 86' lang='lat' dir='ltr'>inter</span> <span class='ocrx_word' id='word_1_107' title='bbox 972 1425 1086 1490; x_wconf 86' lang='lat' dir='ltr'>auxilia</span> <span class='ocrx_word' id='word_1_108' title='bbox 1106 1424 1156 1491; x_wconf 72' lang='lat' dir='ltr'>Ra</span> <span class='ocrx_word' id='word_1_109' title='bbox 1183 1430 1187 1485; x_wconf 77' lang='grc' dir='ltr'>-ζ</span> 
     </span>
     <span class='ocr_line' id='line_1_14' title="bbox 144 1515 1156 1606; baseline 0.001 -24"><span class='ocrx_word' id='word_1_110' title='bbox 144 1541 240 1584; x_wconf 88' lang='lat' dir='ltr'>mana</span> <span class='ocrx_word' id='word_1_111' title='bbox 263 1528 365 1595; x_wconf 87' lang='lat' dir='ltr'>erant,</span> <span class='ocrx_word' id='word_1_112' title='bbox 394 1527 426 1581; x_wconf 92' lang='lat' dir='ltr'>et</span> <span class='ocrx_word' id='word_1_113' title='bbox 447 1515 614 1602; x_wconf 89' lang='lat' dir='ltr'>oppidanis</span> <span class='ocrx_word' id='word_1_114' title='bbox 641 1516 675 1581; x_wconf 93' lang='lat' dir='ltr'>in</span> <span class='ocrx_word' id='word_1_115' title='bbox 697 1539 735 1582; x_wconf 91' lang='lat' dir='ltr'>ea</span> <span class='ocrx_word' id='word_1_116' title='bbox 757 1517 875 1583; x_wconf 88' lang='lat' dir='ltr'>tuenda</span> <span class='ocrx_word' id='word_1_117' title='bbox 897 1519 985 1585; x_wconf 91' lang='lat' dir='ltr'>unde</span> <span class='ocrx_word' id='word_1_118' title='bbox 1006 1519 1156 1606; x_wconf 84' lang='lat' dir='ltr'>pericnlum</span> 
     </span>
     <span class='ocr_line' id='line_1_15' title="bbox 145 1610 1155 1701; baseline 0.001 -24"><span class='ocrx_word' id='word_1_119' title='bbox 145 1612 311 1678; x_wconf 90' lang='lat' dir='ltr'>videbatur</span> <span class='ocrx_word' id='word_1_120' title='bbox 328 1611 429 1677; x_wconf 87' lang='lat' dir='ltr'>versis</span> <span class='ocrx_word' id='word_1_121' title='bbox 448 1621 481 1675; x_wconf 93' lang='lat' dir='ltr'>et</span> <span class='ocrx_word' id='word_1_122' title='bbox 496 1610 652 1676; x_wconf 89' lang='lat' dir='ltr'>Romanis</span> <span class='ocrx_word' id='word_1_123' title='bbox 671 1611 878 1678; x_wconf 88' lang='lat' dir='ltr'>subeuntibus</span> <span class='ocrx_word' id='word_1_124' title='bbox 902 1634 967 1697; x_wconf 90' lang='lat' dir='ltr'>qua</span> <span class='ocrx_word' id='word_1_125' title='bbox 987 1615 1072 1680; x_wconf 89' lang='lat' dir='ltr'>adire</span> <span class='ocrx_word' id='word_1_126' title='bbox 1086 1623 1155 1701; x_wconf 90' lang='lat' dir='ltr'>potc-</span> 
     </span>
     <span class='ocr_line' id='line_1_16' title="bbox 111 1704 1154 1795; baseline 0.001 -21"><span class='ocrx_word' id='word_1_127' title='bbox 111 1727 127 1775; x_wconf 77' lang='lat' dir='ltr'>a</span> <span class='ocrx_word' id='word_1_128' title='bbox 144 1716 230 1786; x_wconf 88' lang='lat' dir='ltr'>rant,</span> <span class='ocrx_word' id='word_1_129' title='bbox 253 1716 486 1793; x_wconf 89' lang='lat' dir='ltr'>conspexerunt</span> <span class='ocrx_word' id='word_1_130' title='bbox 503 1704 711 1771; x_wconf 88' lang='lat' dir='ltr'>editissimam</span> <span class='ocrx_word' id='word_1_131' title='bbox 727 1706 815 1771; x_wconf 88' lang='lat' dir='ltr'>urbis</span> <span class='ocrx_word' id='word_1_132' title='bbox 833 1718 973 1793; x_wconf 88' lang='lat' dir='ltr'>partem,</span> <span class='ocrx_word' id='word_1_133' title='bbox 1002 1732 1081 1794; x_wconf 88' lang='lat' dir='ltr'>quaa</span> <span class='ocrx_word' id='word_1_134' title='bbox 1094 1729 1154 1795; x_wconf 83' lang='lat' dir='ltr'>rupe</span> 
     </span>
     <span class='ocr_line' id='line_1_17' title="bbox 7 1802 1152 1889; baseline 0.003 -23"><span class='ocrx_word' id='word_1_135' title='bbox 7 1884 10 1889; x_wconf 18' lang='lat'>¹</span> <span class='ocrx_word' id='word_1_136' title='bbox 144 1802 287 1889; x_wconf 88' lang='lat' dir='ltr'>praealta</span> <span class='ocrx_word' id='word_1_137' title='bbox 304 1802 484 1887; x_wconf 88' lang='lat' dir='ltr'>tegebatur,</span> <span class='ocrx_word' id='word_1_138' title='bbox 511 1824 614 1886; x_wconf 91' lang='lat' dir='ltr'>neque</span> <span class='ocrx_word' id='word_1_139' title='bbox 636 1824 731 1888; x_wconf 91' lang='lat' dir='ltr'>opere</span> <span class='ocrx_word' id='word_1_140' title='bbox 753 1802 819 1868; x_wconf 88' lang='lat' dir='ltr'>ullo</span> <span class='ocrx_word' id='word_1_141' title='bbox 840 1804 1001 1870; x_wconf 89' lang='lat' dir='ltr'>munitam</span> <span class='ocrx_word' id='word_1_142' title='bbox 1017 1816 1049 1872; x_wconf 90' lang='lat' dir='ltr'>et</span> <span class='ocrx_word' id='word_1_143' title='bbox 1064 1806 1100 1871; x_wconf 88' lang='lat' dir='ltr'>ab</span> <span class='ocrx_word' id='word_1_144' title='bbox 1114 1804 1152 1869; x_wconf 82' lang='lat' dir='ltr'>(le</span> 
     </span>
     <span class='ocr_line' id='line_1_18' title="bbox 111 1896 1149 1984; baseline 0 -21"><span class='ocrx_word' id='word_1_145' title='bbox 111 1898 326 1963; x_wconf 56' lang='lat' dir='ltr'>assensoribus</span> <span class='ocrx_word' id='word_1_146' title='bbox 349 1919 492 1963; x_wconf 88' lang='lat' dir='ltr'>vacuam.</span> <span class='ocrx_word' id='word_1_147' title='bbox 535 1896 655 1962; x_wconf 88' lang='lat' dir='ltr'>levium</span> <span class='ocrx_word' id='word_1_148' title='bbox 676 1918 845 1984; x_wconf 89' lang='lat' dir='ltr'>corporum</span> <span class='ocrx_word' id='word_1_149' title='bbox 865 1898 1015 1966; x_wconf 88' lang='lat' dir='ltr'>homines</span> <span class='ocrx_word' id='word_1_150' title='bbox 1034 1910 1066 1965; x_wconf 91' lang='lat' dir='ltr'>et</span> <span class='ocrx_word' id='word_1_151' title='bbox 1077 1897 1149 1964; x_wconf 78' lang='lat' dir='ltr'>maa</span> 
     </span>
     <span class='ocr_line' id='line_1_19' title="bbox 146 1991 1147 2082; baseline 0.004 -25"><span class='ocrx_word' id='word_1_152' title='bbox 146 1991 369 2058; x_wconf 85' lang='lat' dir='ltr'>exercitatione</span> <span class='ocrx_word' id='word_1_153' title='bbox 395 1991 571 2079; x_wconf 89' lang='lat' dir='ltr'>pernicium</span> <span class='ocrx_word' id='word_1_154' title='bbox 597 1992 704 2058; x_wconf 88' lang='lat' dir='ltr'>clavos</span> <span class='ocrx_word' id='word_1_155' title='bbox 733 2014 841 2058; x_wconf 90' lang='lat' dir='ltr'>secum</span> <span class='ocrx_word' id='word_1_156' title='bbox 865 1993 991 2060; x_wconf 87' lang='lat' dir='ltr'>ferreos</span> <span class='ocrx_word' id='word_1_157' title='bbox 1014 1991 1147 2082; x_wconf 78' lang='lat' dir='ltr'>portantis</span> 
     </span>
     <span class='ocr_line' id='line_1_20' title="bbox 146 2087 1146 2176; baseline 0.003 -25"><span class='ocrx_word' id='word_1_158' title='bbox 146 2108 209 2170; x_wconf 91' lang='lat' dir='ltr'>qua</span> <span class='ocrx_word' id='word_1_159' title='bbox 225 2111 282 2172; x_wconf 91' lang='lat' dir='ltr'>per</span> <span class='ocrx_word' id='word_1_160' title='bbox 299 2087 506 2172; x_wconf 89' lang='lat' dir='ltr'>inaequaliter</span> <span class='ocrx_word' id='word_1_161' title='bbox 524 2087 695 2152; x_wconf 90' lang='lat' dir='ltr'>eminentia</span> <span class='ocrx_word' id='word_1_162' title='bbox 711 2088 799 2175; x_wconf 92' lang='lat' dir='ltr'>rupis</span> <span class='ocrx_word' id='word_1_163' title='bbox 821 2099 985 2176; x_wconf 85' lang='lat' dir='ltr'>poterant,</span> <span class='ocrx_word' id='word_1_164' title='bbox 1015 2090 1146 2157; x_wconf 82' lang='lat' dir='ltr'>scandunt</span> 
     </span>
     <span class='ocr_line' id='line_1_21' title="bbox 111 2181 1145 2264; baseline 0.002 -19"><span class='ocrx_word' id='word_1_165' title='bbox 111 2199 128 2244; x_wconf 88' lang='lat'>4</span> <span class='ocrx_word' id='word_1_166' title='bbox 148 2181 249 2246; x_wconf 88' lang='lat' dir='ltr'>sicubi</span> <span class='ocrx_word' id='word_1_167' title='bbox 274 2181 368 2247; x_wconf 90' lang='lat' dir='ltr'>nimis</span> <span class='ocrx_word' id='word_1_168' title='bbox 397 2183 530 2246; x_wconf 91' lang='lat' dir='ltr'>arduum</span> <span class='ocrx_word' id='word_1_169' title='bbox 557 2194 588 2247; x_wconf 92' lang='lat' dir='ltr'>et</span> <span class='ocrx_word' id='word_1_170' title='bbox 614 2183 684 2247; x_wconf 91' lang='lat' dir='ltr'>leve</span> <span class='ocrx_word' id='word_1_171' title='bbox 708 2206 821 2249; x_wconf 88' lang='lat' dir='ltr'>saxum</span> <span class='ocrx_word' id='word_1_172' title='bbox 842 2186 1045 2264; x_wconf 89' lang='lat' dir='ltr'>occurrebat,</span> <span class='ocrx_word' id='word_1_173' title='bbox 1069 2185 1145 2250; x_wconf 81' lang='lat' dir='ltr'>claros</span> 
     </span>
     <span class='ocr_line' id='line_1_22' title="bbox 144 2278 1145 2367; baseline 0.001 -23"><span class='ocrx_word' id='word_1_174' title='bbox 144 2301 202 2364; x_wconf 92' lang='lat' dir='ltr'>per</span> <span class='ocrx_word' id='word_1_175' title='bbox 218 2279 343 2345; x_wconf 90' lang='lat' dir='ltr'>modica</span> <span class='ocrx_word' id='word_1_176' title='bbox 360 2278 526 2345; x_wconf 89' lang='lat' dir='ltr'>intervalla</span> <span class='ocrx_word' id='word_1_177' title='bbox 543 2280 678 2365; x_wconf 87' lang='lat' dir='ltr'>figentes</span> <span class='ocrx_word' id='word_1_178' title='bbox 693 2301 765 2344; x_wconf 92' lang='lat' dir='ltr'>cum</span> <span class='ocrx_word' id='word_1_179' title='bbox 782 2280 869 2346; x_wconf 89' lang='lat' dir='ltr'>velut</span> <span class='ocrx_word' id='word_1_180' title='bbox 883 2282 1005 2367; x_wconf 87' lang='lat' dir='ltr'>gradus</span> <span class='ocrx_word' id='word_1_181' title='bbox 1018 2282 1145 2353; x_wconf 86' lang='lat' dir='ltr'>fecissent,</span> 
     </span>
     <span class='ocr_line' id='line_1_23' title="bbox 111 2371 1187 2461; baseline 0.004 -26"><span class='ocrx_word' id='word_1_182' title='bbox 111 2373 239 2459; x_wconf 78' lang='lat' dir='ltr'>oprimi</span> <span class='ocrx_word' id='word_1_183' title='bbox 266 2374 426 2457; x_wconf 90' lang='lat' dir='ltr'>sequentis</span> <span class='ocrx_word' id='word_1_184' title='bbox 454 2373 647 2439; x_wconf 85' lang='lat' dir='ltr'>extrahentis</span> <span class='ocrx_word' id='word_1_185' title='bbox 669 2398 779 2453; x_wconf 91' lang='lat' dir='ltr'>manu,</span> <span class='ocrx_word' id='word_1_186' title='bbox 806 2377 960 2461; x_wconf 89' lang='lat' dir='ltr'>postremi</span> <span class='ocrx_word' id='word_1_187' title='bbox 984 2371 1146 2444; x_wconf 83' lang='lat' dir='ltr'>sublevantis</span> <span class='ocrx_word' id='word_1_188' title='bbox 1175 2374 1187 2381; x_wconf 74' lang='grc'><strong><em>’</em></strong></span> 
     </span>
     <span class='ocr_line' id='line_1_24' title="bbox 145 2467 1178 2553; baseline 0.004 -21"><span class='ocrx_word' id='word_1_189' title='bbox 145 2490 201 2533; x_wconf 93' lang='lat' dir='ltr'>eos</span> <span class='ocrx_word' id='word_1_190' title='bbox 224 2467 278 2552; x_wconf 92' lang='lat' dir='ltr'>qui</span> <span class='ocrx_word' id='word_1_191' title='bbox 299 2467 473 2553; x_wconf 90' lang='lat' dir='ltr'>praeirent,</span> <span class='ocrx_word' id='word_1_192' title='bbox 499 2467 533 2531; x_wconf 92' lang='lat' dir='ltr'>in</span> <span class='ocrx_word' id='word_1_193' title='bbox 556 2491 714 2533; x_wconf 91' lang='lat' dir='ltr'>summum</span> <span class='ocrx_word' id='word_1_194' title='bbox 737 2470 888 2548; x_wconf 86' lang='lat' dir='ltr'>evadunt3</span> <span class='ocrx_word' id='word_1_195' title='bbox 916 2471 993 2537; x_wconf 91' lang='lat' dir='ltr'>inde</span> <span class='ocrx_word' id='word_1_196' title='bbox 1012 2473 1147 2539; x_wconf 77' lang='lat' dir='ltr'>decurrat</span> <span class='ocrx_word' id='word_1_197' title='bbox 1175 2490 1178 2495; x_wconf 85' lang='lat'>·</span> 
     </span>
     <span class='ocr_line' id='line_1_25' title="bbox 112 2562 1147 2651; baseline 0.003 -26"><span class='ocrx_word' id='word_1_198' title='bbox 112 2579 126 2625; x_wconf 84' lang='lat'>6</span> <span class='ocrx_word' id='word_1_199' title='bbox 146 2583 217 2626; x_wconf 88' lang='lat' dir='ltr'>curn</span> <span class='ocrx_word' id='word_1_200' title='bbox 241 2562 377 2627; x_wconf 91' lang='lat' dir='ltr'>clamore</span> <span class='ocrx_word' id='word_1_201' title='bbox 402 2562 436 2626; x_wconf 92' lang='lat' dir='ltr'>in</span> <span class='ocrx_word' id='word_1_202' title='bbox 462 2563 574 2628; x_wconf 90' lang='lat' dir='ltr'>urbem</span> <span class='ocrx_word' id='word_1_203' title='bbox 600 2563 664 2627; x_wconf 93' lang='lat' dir='ltr'>iam</span> <span class='ocrx_word' id='word_1_204' title='bbox 691 2574 817 2651; x_wconf 89' lang='lat' dir='ltr'>captam</span> <span class='ocrx_word' id='word_1_205' title='bbox 842 2565 882 2630; x_wconf 90' lang='lat' dir='ltr'>ab</span> <span class='ocrx_word' id='word_1_206' title='bbox 900 2565 1066 2632; x_wconf 81' lang='lat' dir='ltr'>Romanis.</span> <span class='ocrx_word' id='word_1_207' title='bbox 1104 2576 1147 2628; x_wconf 82' lang='lat' dir='ltr'>tun</span> 
     </span>
     <span class='ocr_line' id='line_1_26' title="bbox 145 2655 1147 2748; baseline 0.004 -28"><span class='ocrx_word' id='word_1_208' title='bbox 145 2679 220 2721; x_wconf 92' lang='lat' dir='ltr'>vero</span> <span class='ocrx_word' id='word_1_209' title='bbox 239 2657 398 2742; x_wconf 87' lang='lat' dir='ltr'>apparuit,</span> <span class='ocrx_word' id='word_1_210' title='bbox 418 2656 458 2721; x_wconf 89' lang='lat' dir='ltr'>ab</span> <span class='ocrx_word' id='word_1_211' title='bbox 475 2655 523 2721; x_wconf 90' lang='lat' dir='ltr'>ira</span> <span class='ocrx_word' id='word_1_212' title='bbox 541 2668 573 2722; x_wconf 92' lang='lat' dir='ltr'>et</span> <span class='ocrx_word' id='word_1_213' title='bbox 590 2658 630 2722; x_wconf 90' lang='lat' dir='ltr'>ab</span> <span class='ocrx_word' id='word_1_214' title='bbox 649 2658 720 2725; x_wconf 88' lang='lat' dir='ltr'>odio</span> <span class='ocrx_word' id='word_1_215' title='bbox 738 2659 850 2725; x_wconf 89' lang='lat' dir='ltr'>urbem</span> <span class='ocrx_word' id='word_1_216' title='bbox 863 2672 1080 2748; x_wconf 86' lang='lat' dir='ltr'>oppugnatam</span> <span class='ocrx_word' id='word_1_217' title='bbox 1091 2677 1147 2726; x_wconf 70' lang='lat' dir='ltr'>esst</span> 
     </span>
     <span class='ocr_line' id='line_1_27' title="bbox 144 2750 1148 2843; baseline 0.005 -30"><span class='ocrx_word' id='word_1_218' title='bbox 144 2773 238 2815; x_wconf 93' lang='lat' dir='ltr'>nemo</span> <span class='ocrx_word' id='word_1_219' title='bbox 266 2750 411 2836; x_wconf 88' lang='lat' dir='ltr'>capiendi</span> <span class='ocrx_word' id='word_1_220' title='bbox 437 2752 543 2829; x_wconf 88' lang='lat' dir='ltr'>vivos,</span> <span class='ocrx_word' id='word_1_221' title='bbox 575 2775 668 2818; x_wconf 92' lang='lat' dir='ltr'>nemo</span> <span class='ocrx_word' id='word_1_222' title='bbox 694 2754 874 2839; x_wconf 89' lang='lat' dir='ltr'>patentibus</span> <span class='ocrx_word' id='word_1_223' title='bbox 902 2755 944 2820; x_wconf 90' lang='lat' dir='ltr'>ad</span> <span class='ocrx_word' id='word_1_224' title='bbox 972 2755 1148 2843; x_wconf 76' lang='lat' dir='ltr'>direptiones</span> 
     </span>
     <span class='ocr_line' id='line_1_28' title="bbox 146 2844 1148 2930; baseline 0.004 -22"><span class='ocrx_word' id='word_1_225' title='bbox 146 2844 292 2910; x_wconf 91' lang='lat' dir='ltr'>omnibus</span> <span class='ocrx_word' id='word_1_226' title='bbox 311 2846 447 2930; x_wconf 90' lang='lat' dir='ltr'>praedae</span> <span class='ocrx_word' id='word_1_227' title='bbox 465 2869 587 2913; x_wconf 90' lang='lat' dir='ltr'>memor</span> <span class='ocrx_word' id='word_1_228' title='bbox 609 2859 671 2913; x_wconf 72' lang='lat' dir='ltr'>ests</span> <span class='ocrx_word' id='word_1_229' title='bbox 699 2849 856 2914; x_wconf 85' lang='lat' dir='ltr'>trucidant</span> <span class='ocrx_word' id='word_1_230' title='bbox 877 2850 1010 2916; x_wconf 90' lang='lat' dir='ltr'>inermis</span> <span class='ocrx_word' id='word_1_231' title='bbox 1027 2851 1108 2916; x_wconf 89' lang='lat' dir='ltr'>iuxta</span> <span class='ocrx_word' id='word_1_232' title='bbox 1120 2856 1148 2912; x_wconf 85' lang='lat' dir='ltr'>ot-</span> 
     </span>
     <span class='ocr_line' id='line_1_29' title="bbox 145 2941 1148 3029; baseline 0.007 -28"><span class='ocrx_word' id='word_1_233' title='bbox 145 2960 207 3020; x_wconf 91' lang='lat' dir='ltr'>que</span> <span class='ocrx_word' id='word_1_234' title='bbox 225 2951 378 3018; x_wconf 88' lang='lat' dir='ltr'>armatos,</span> <span class='ocrx_word' id='word_1_235' title='bbox 404 2941 539 3007; x_wconf 88' lang='lat' dir='ltr'>feminas</span> <span class='ocrx_word' id='word_1_236' title='bbox 561 2943 679 3029; x_wconf 89' lang='lat' dir='ltr'>pariter</span> <span class='ocrx_word' id='word_1_237' title='bbox 700 2965 738 3008; x_wconf 92' lang='lat' dir='ltr'>ao</span> <span class='ocrx_word' id='word_1_238' title='bbox 759 2944 843 3010; x_wconf 87' lang='lat' dir='ltr'>viros</span> <span class='ocrx_word' id='word_1_239' title='bbox 849 2970 859 3022; x_wconf 94' lang='lat'>;</span> <span class='ocrx_word' id='word_1_240' title='bbox 886 2967 991 3029; x_wconf 91' lang='lat' dir='ltr'>usque</span> <span class='ocrx_word' id='word_1_241' title='bbox 1014 2947 1055 3012; x_wconf 92' lang='lat' dir='ltr'>ad</span> <span class='ocrx_word' id='word_1_242' title='bbox 1074 2943 1148 3010; x_wconf 75' lang='lat' dir='ltr'>infra</span> 
     </span>
     <span class='ocr_line' id='line_1_30' title="bbox 112 3032 1147 3125; baseline 0.004 -25"><span class='ocrx_word' id='word_1_243' title='bbox 112 3054 126 3100; x_wconf 78' lang='lat'><strong>7</strong></span> <span class='ocrx_word' id='word_1_244' title='bbox 146 3032 224 3097; x_wconf 89' lang='lat' dir='ltr'>tium</span> <span class='ocrx_word' id='word_1_245' title='bbox 247 3035 376 3100; x_wconf 91' lang='lat' dir='ltr'>caedem</span> <span class='ocrx_word' id='word_1_246' title='bbox 397 3035 445 3100; x_wconf 90' lang='lat' dir='ltr'>ira</span> <span class='ocrx_word' id='word_1_247' title='bbox 467 3036 603 3102; x_wconf 87' lang='lat' dir='ltr'>crudelis</span> <span class='ocrx_word' id='word_1_248' title='bbox 625 3038 778 3124; x_wconf 83' lang='lat' dir='ltr'>pervenit.</span> <span class='ocrx_word' id='word_1_249' title='bbox 822 3038 932 3125; x_wconf 83' lang='lat' dir='ltr'>ignem</span> <span class='ocrx_word' id='word_1_250' title='bbox 950 3041 1064 3107; x_wconf 89' lang='lat' dir='ltr'>deinde</span> <span class='ocrx_word' id='word_1_251' title='bbox 1084 3035 1147 3104; x_wconf 75' lang='lat' dir='ltr'>tectis</span> 
     </span>
     <span class='ocr_line' id='line_1_31' title="bbox 144 3129 1147 3219; baseline 0.007 -27"><span class='ocrx_word' id='word_1_252' title='bbox 144 3129 276 3194; x_wconf 89' lang='lat' dir='ltr'>iniciunt</span> <span class='ocrx_word' id='word_1_253' title='bbox 293 3153 331 3196; x_wconf 92' lang='lat' dir='ltr'>ac</span> <span class='ocrx_word' id='word_1_254' title='bbox 348 3132 475 3198; x_wconf 90' lang='lat' dir='ltr'>diruunt</span> <span class='ocrx_word' id='word_1_255' title='bbox 493 3155 574 3217; x_wconf 87' lang='lat' dir='ltr'>quae</span> <span class='ocrx_word' id='word_1_256' title='bbox 591 3133 737 3198; x_wconf 88' lang='lat' dir='ltr'>incendio</span> <span class='ocrx_word' id='word_1_257' title='bbox 756 3134 881 3199; x_wconf 89' lang='lat' dir='ltr'>absumi</span> <span class='ocrx_word' id='word_1_258' title='bbox 897 3147 1073 3219; x_wconf 83' lang='lat' dir='ltr'>nequeunt3</span> <span class='ocrx_word' id='word_1_259' title='bbox 1094 3132 1147 3199; x_wconf 77' lang='lat' dir='ltr'>rdet</span> 
     </span>
     <span class='ocr_line' id='line_1_32' title="bbox 145 3226 1147 3316; baseline 0.006 -28"><span class='ocrx_word' id='word_1_260' title='bbox 145 3226 280 3312; x_wconf 85' lang='lat' dir='ltr'>vestigia</span> <span class='ocrx_word' id='word_1_261' title='bbox 306 3249 430 3310; x_wconf 93' lang='lat' dir='ltr'>quoque</span> <span class='ocrx_word' id='word_1_262' title='bbox 456 3228 544 3294; x_wconf 91' lang='lat' dir='ltr'>urbis</span> <span class='ocrx_word' id='word_1_263' title='bbox 577 3228 760 3316; x_wconf 87' lang='lat' dir='ltr'>extinguere</span> <span class='ocrx_word' id='word_1_264' title='bbox 791 3251 829 3295; x_wconf 93' lang='lat' dir='ltr'>ac</span> <span class='ocrx_word' id='word_1_265' title='bbox 855 3229 962 3296; x_wconf 88' lang='lat' dir='ltr'>delere</span> <span class='ocrx_word' id='word_1_266' title='bbox 994 3227 1147 3297; x_wconf 82' lang='lat' dir='ltr'>memoria</span> 
     </span>
     <span class='ocr_line' id='line_1_33' title="bbox 144 3319 570 3389; baseline 0.014 -7"><span class='ocrx_word' id='word_1_267' title='bbox 144 3319 284 3385; x_wconf 87' lang='lat' dir='ltr'>hostium</span> <span class='ocrx_word' id='word_1_268' title='bbox 302 3321 386 3387; x_wconf 88' lang='lat' dir='ltr'>sedis</span> <span class='ocrx_word' id='word_1_269' title='bbox 405 3323 492 3389; x_wconf 89' lang='lat' dir='ltr'>cordi</span> <span class='ocrx_word' id='word_1_270' title='bbox 512 3334 570 3388; x_wconf 84' lang='lat' dir='ltr'>est.</span> 
     </span>
     <span class='ocr_line' id='line_1_34' title="bbox 110 3412 1148 3506; baseline 0.005 -29"><span class='ocrx_word' id='word_1_271' title='bbox 110 3431 126 3477; x_wconf 84' lang='lat'>8</span> <span class='ocrx_word' id='word_1_272' title='bbox 210 3412 417 3481; x_wconf 86' lang='lat' dir='ltr'>Castulonem</span> <span class='ocrx_word' id='word_1_273' title='bbox 434 3417 508 3482; x_wconf 90' lang='lat' dir='ltr'>inde</span> <span class='ocrx_word' id='word_1_274' title='bbox 519 3415 627 3504; x_wconf 83' lang='lat' dir='ltr'>Scipio</span> <span class='ocrx_word' id='word_1_275' title='bbox 646 3419 819 3484; x_wconf 89' lang='lat' dir='ltr'>exercitum</span> <span class='ocrx_word' id='word_1_276' title='bbox 836 3418 938 3498; x_wconf 85' lang='lat' dir='ltr'>ducit,</span> <span class='ocrx_word' id='word_1_277' title='bbox 957 3442 1054 3506; x_wconf 90' lang='lat' dir='ltr'>quam</span> <span class='ocrx_word' id='word_1_278' title='bbox 1065 3417 1148 3483; x_wconf 82' lang='lat' dir='ltr'>urba</span> 
     </span>
     <span class='ocr_line' id='line_1_35' title="bbox 144 3509 1148 3595; baseline 0.006 -24"><span class='ocrx_word' id='word_1_279' title='bbox 144 3531 209 3573; x_wconf 93' lang='lat' dir='ltr'>non</span> <span class='ocrx_word' id='word_1_280' title='bbox 226 3509 365 3595; x_wconf 83' lang='lat' dir='ltr'>Hispani</span> <span class='ocrx_word' id='word_1_281' title='bbox 382 3513 476 3577; x_wconf 92' lang='lat' dir='ltr'>modo</span> <span class='ocrx_word' id='word_1_282' title='bbox 495 3535 670 3591; x_wconf 89' lang='lat' dir='ltr'>convenae,</span> <span class='ocrx_word' id='word_1_283' title='bbox 699 3515 756 3579; x_wconf 91' lang='lat' dir='ltr'>sed</span> <span class='ocrx_word' id='word_1_284' title='bbox 771 3513 888 3580; x_wconf 89' lang='lat' dir='ltr'>Punici</span> <span class='ocrx_word' id='word_1_285' title='bbox 906 3515 1005 3581; x_wconf 89' lang='lat' dir='ltr'>etiam</span> <span class='ocrx_word' id='word_1_286' title='bbox 1022 3510 1148 3582; x_wconf 77' lang='lat' dir='ltr'>exercitu</span> 
     </span>
     <span class='ocr_line' id='line_1_36' title="bbox 110 3602 1149 3694; baseline 0.005 -27"><span class='ocrx_word' id='word_1_287' title='bbox 110 3619 125 3667; x_wconf 82' lang='lat'>9</span> <span class='ocrx_word' id='word_1_288' title='bbox 145 3625 185 3666; x_wconf 92' lang='lat' dir='ltr'>ex</span> <span class='ocrx_word' id='word_1_289' title='bbox 209 3603 361 3690; x_wconf 88' lang='lat' dir='ltr'>dissipata</span> <span class='ocrx_word' id='word_1_290' title='bbox 382 3606 503 3691; x_wconf 86' lang='lat' dir='ltr'>passim</span> <span class='ocrx_word' id='word_1_291' title='bbox 523 3607 602 3694; x_wconf 84' lang='lat' dir='ltr'>fuga</span> <span class='ocrx_word' id='word_1_292' title='bbox 622 3607 773 3693; x_wconf 90' lang='lat' dir='ltr'>reliquiae</span> <span class='ocrx_word' id='word_1_293' title='bbox 800 3610 995 3676; x_wconf 89' lang='lat' dir='ltr'>tutabantur.</span> <span class='ocrx_word' id='word_1_294' title='bbox 1038 3609 1092 3676; x_wconf 90' lang='lat' dir='ltr'>sed</span> <span class='ocrx_word' id='word_1_295' title='bbox 1113 3602 1149 3672; x_wconf 82' lang='lat' dir='ltr'>ad·</span> 
     </span>
     <span class='ocr_line' id='line_1_37' title="bbox 144 3698 1150 3794; baseline 0.008 -34"><span class='ocrx_word' id='word_1_296' title='bbox 144 3708 273 3763; x_wconf 92' lang='lat' dir='ltr'>ventum</span> <span class='ocrx_word' id='word_1_297' title='bbox 284 3698 442 3786; x_wconf 85' lang='lat' dir='ltr'>Scipionis</span> <span class='ocrx_word' id='word_1_298' title='bbox 459 3714 668 3788; x_wconf 88' lang='lat' dir='ltr'>praevenerat</span> <span class='ocrx_word' id='word_1_299' title='bbox 684 3706 772 3769; x_wconf 82' lang='lat' dir='ltr'>fama</span> <span class='ocrx_word' id='word_1_300' title='bbox 790 3704 889 3772; x_wconf 89' lang='lat' dir='ltr'>cladis</span> <span class='ocrx_word' id='word_1_301' title='bbox 903 3705 1150 3794; x_wconf 76' lang='lat' dir='ltr'>Iliturgitanorum</span> 
     </span>
     <span class='ocr_line' id='line_1_38' title="bbox 93 3792 1149 3884; baseline 0.009 -28"><span class='ocrx_word' id='word_1_302' title='bbox 93 3808 125 3856; x_wconf 92' lang='lat'>10</span> <span class='ocrx_word' id='word_1_303' title='bbox 144 3801 305 3877; x_wconf 88' lang='lat' dir='ltr'>terrorque</span> <span class='ocrx_word' id='word_1_304' title='bbox 328 3795 441 3861; x_wconf 92' lang='lat' dir='ltr'>deinde</span> <span class='ocrx_word' id='word_1_305' title='bbox 465 3819 501 3862; x_wconf 93' lang='lat' dir='ltr'>ac</span> <span class='ocrx_word' id='word_1_306' title='bbox 524 3798 703 3884; x_wconf 86' lang='lat' dir='ltr'>desperatio</span> <span class='ocrx_word' id='word_1_307' title='bbox 725 3799 900 3866; x_wconf 87' lang='lat' dir='ltr'>invaserat:</span> <span class='ocrx_word' id='word_1_308' title='bbox 932 3813 965 3867; x_wconf 87' lang='lat' dir='ltr'>et</span> <span class='ocrx_word' id='word_1_309' title='bbox 986 3801 1020 3866; x_wconf 90' lang='lat' dir='ltr'>in</span> <span class='ocrx_word' id='word_1_310' title='bbox 1042 3792 1149 3866; x_wconf 74' lang='lat' dir='ltr'>diversi</span> 
     </span>
     <span class='ocr_line' id='line_1_39' title="bbox 144 3886 1151 3980; baseline 0.015 -34"><span class='ocrx_word' id='word_1_311' title='bbox 144 3886 247 3951; x_wconf 87' lang='lat' dir='ltr'>causis</span> <span class='ocrx_word' id='word_1_312' title='bbox 266 3910 338 3953; x_wconf 89' lang='lat' dir='ltr'>oum</span> <span class='ocrx_word' id='word_1_313' title='bbox 357 3891 417 3955; x_wconf 89' lang='lat' dir='ltr'>sibi</span> <span class='ocrx_word' id='word_1_314' title='bbox 435 3892 567 3976; x_wconf 89' lang='lat' dir='ltr'>quisque</span> <span class='ocrx_word' id='word_1_315' title='bbox 590 3893 770 3959; x_wconf 90' lang='lat' dir='ltr'>consultum</span> <span class='ocrx_word' id='word_1_316' title='bbox 792 3895 860 3961; x_wconf 90' lang='lat' dir='ltr'>sine</span> <span class='ocrx_word' id='word_1_317' title='bbox 879 3895 1010 3962; x_wconf 90' lang='lat' dir='ltr'>alterius</span> <span class='ocrx_word' id='word_1_318' title='bbox 1027 3900 1151 3980; x_wconf 66' lang='lat' dir='ltr'>respectu</span> 
     </span>
     <span class='ocr_line' id='line_1_40' title="bbox 142 3977 1151 4079; baseline 0.015 -39"><span class='ocrx_word' id='word_1_319' title='bbox 142 3977 252 4057; x_wconf 85' lang='lat' dir='ltr'>vellet,</span> <span class='ocrx_word' id='word_1_320' title='bbox 278 3984 379 4069; x_wconf 91' lang='lat' dir='ltr'>primo</span> <span class='ocrx_word' id='word_1_321' title='bbox 398 3987 492 4053; x_wconf 88' lang='lat' dir='ltr'>tacita</span> <span class='ocrx_word' id='word_1_322' title='bbox 511 3988 663 4076; x_wconf 89' lang='lat' dir='ltr'>suspicio,</span> <span class='ocrx_word' id='word_1_323' title='bbox 687 3989 801 4056; x_wconf 89' lang='lat' dir='ltr'>deinde</span> <span class='ocrx_word' id='word_1_324' title='bbox 820 4001 931 4079; x_wconf 89' lang='lat' dir='ltr'>aperta</span> <span class='ocrx_word' id='word_1_325' title='bbox 948 3989 1101 4058; x_wconf 90' lang='lat' dir='ltr'>discordia</span> <span class='ocrx_word' id='word_1_326' title='bbox 1115 4006 1151 4051; x_wconf 78' lang='lat' dir='ltr'>st·</span> 
     </span>
    </p>
   </div>
   <div class='ocr_carea' id='block_1_3' title="bbox 0 0 1271 4514">
    <p class='ocr_par' dir='ltr' id='par_1_3' title="bbox 0 0 1271 4514">
     <span class='ocr_line' id='line_1_41' title="bbox 0 0 1271 4514; baseline 0 0"><span class='ocrx_word' id='word_1_327' title='bbox 0 0 1271 4514; x_wconf 95' lang='lat' dir='ltr'> </span> 
     </span>
    </p>
   </div>
  </div>
 </body>
</html>
