2528 4530
316 113 431 168 utana
449 111 561 181 xxvi,
580 111 621 165 14.
636 112 676 166 15.
698 117 735 181 [a.
747 112 849 181 ean]
1032 101 1093 164 281

14 304 23 331 a
90 295 190 358 quoque
212 269 400 358 placabilem
423 270 506 349 fore,
537 271 660 357 legatos
683 271 724 335 ad
746 270 921 336 dedendam
943 270 1095 337 Romanis

21 407 37 435 a
92 367 212 454 Capuam
253 368 458 431 decreverunt
497 366 720 449 miseruntque.
790 364 922 431 Vibium
956 365 1130 436 Virriuma

14 775 37 812 r:
93 754 281 831 sumpserunt3
300 744 373 809 inde
391 745 489 808 misso
507 743 651 807 convivio
665 743 782 808 dextris
800 743 881 808 inter
899 767 933 808 se
951 744 1032 810 datis
1050 745 1132 812 ul-4

10 845 36 906 itu
93 838 204 923 timeque
224 839 380 924 conplexu
398 838 656 903 conlacrimantes
676 861 768 902 suum
781 838 962 922 patriaeque
977 861 1096 917 casum,

12 1243 41 1283 ετ·
92 1227 191 1281 noctem
213 1227 311 1282 totam
333 1216 473 1302 plerique
496 1237 603 1280 eorum
626 1224 658 1280 et
679 1215 741 1280 diei
762 1215 953 1300 insequentis
976 1225 1096 1301 partem

26 1350 39 1375 2.
92 1329 144 1373 cum
167 1311 303 1376 animam
330 1310 483 1396 egissent,
511 1330 621 1375 omnes
644 1319 748 1374 tamen
770 1308 856 1394 prius
880 1331 975 1393 quam
997 1311 1098 1394 aperi-

21 1409 32 1438 '·
52 1424 56 1429 ·
91 1414 176 1469 rentur
192 1404 336 1469 hostibus
357 1413 465 1488 portae
484 1404 672 1488 expirarunt.

16 1525 39 1563 e:
136 1497 266 1564 Postero
284 1497 334 1561 die
352 1510 442 1583 porta
461 1497 560 1574 Iovis,
579 1519 661 1580 quae
675 1497 825 1562 adversus
842 1506 944 1561 castra
952 1495 1096 1562 Romana
1115 1519 1131 1566 6

31 1617 40 1654 ;
91 1600 151 1669 etat,
176 1591 266 1656 iussu
291 1591 487 1676 proconsulis
514 1600 622 1674 aperta
648 1599 705 1654 est.
751 1612 788 1654 ea
814 1590 993 1655 intromissa
1014 1591 1097 1678 legio

10 1689 34 1749 a:
90 1703 136 1749 una
151 1695 179 1750 et
197 1686 278 1751 duae
296 1684 364 1749 alae
382 1706 454 1748 cum
474 1683 511 1748 C.
530 1682 643 1747 Fulvio
661 1683 775 1770 legato.
811 1684 838 1748 is
862 1706 933 1748 cum
956 1684 1133 1752 omniumr

89 1778 203 1859 primum
235 1802 322 1843 arma
352 1778 476 1861 telaque
508 1800 589 1861 quae
617 1776 746 1862 Capuae
778 1789 865 1842 erant
895 1780 935 1843 ad
963 1801 997 1844 se
1024 1800 1098 1845 con-

20 1896 38 1932 r
89 1868 197 1937 ferenda
215 1881 368 1949 curasset,
389 1872 538 1936 custodiis
557 1873 597 1935 ad
616 1894 723 1936 ornnes
742 1882 848 1957 portas
866 1872 1040 1958 dispositis,
1059 1897 1098 1938 ne

88 1967 141 2046 quis
163 1967 247 2032 exire
269 1975 323 2030 aut
346 1967 444 2031 emitti
466 1976 586 2051 posset,
617 1967 808 2050 praesidium
830 1967 987 2031 Punicum
1014 1990 1099 2032 com-

10 2083 32 2121 r:
87 2062 247 2141 prehendit,
275 2070 418 2125 senatum
438 2060 636 2146 Campanum
658 2061 702 2124 ire
723 2060 756 2123 in
780 2070 881 2124 castra
903 2061 943 2124 ad
964 2061 1098 2146 impera-

10 2176 27 2213 ε
86 2164 152 2221 tores
170 2157 331 2221 Romanos
353 2155 454 2220 iussit.
498 2150 656 2239 quocum
678 2154 852 2230 venissent,
880 2155 1036 2239 extemplo
1058 2155 1133 2219 iiss

10 2282 22 2306 a
87 2252 215 2316 omnibus
234 2260 361 2314 catenae
383 2250 528 2327 iniectae,
556 2249 696 2332 iussique
718 2249 760 2311 ad
777 2256 958 2331 quaestores
976 2247 1097 2311 deferre

10 2361 19 2397 τ
85 2345 155 2423 quod
171 2343 241 2409 auri
263 2354 356 2427 atque
374 2344 495 2429 argenti
518 2342 679 2408 haberent.
725 2341 792 2404 auri
809 2341 914 2425 pondo
933 2340 1099 2404 duomilia

10 2452 26 2489 '·
85 2438 270 2524 septuaginta
296 2437 373 2515 fuit,
409 2437 530 2523 argenti
556 2437 684 2522 triginta
709 2434 795 2498 milia
825 2434 930 2518 pondo
957 2443 988 2498 et
1013 2433 1098 2497 mille

10 2538 21 2617 ξ
83 2529 214 2597 ducenta.
268 2542 427 2596 senatores
453 2531 592 2613 quinque
619 2538 649 2593 et
675 2528 785 2614 viginti
814 2526 908 2592 Cales
935 2527 968 2592 in
994 2537 1133 2594 custo-9

10 2700 14 2715 Ι
82 2624 169 2705 diam,
197 2625 428 2711 duodetriginta
446 2624 588 2688 Teanum
606 2623 704 2700 misit,
732 2645 866 2706 quorum
884 2623 923 2687 de
946 2622 1100 2688 sententia

10 2736 12 2755 ²
80 2722 207 2786 maxime
226 2720 379 2784 descitum
397 2718 436 2783 ab
455 2718 606 2783 Romanis
626 2717 798 2783 constabat.

134 2812 213 2879 XV.
258 2813 310 2878 De
338 2812 490 2897 supplicio
519 2811 674 2897 Campani
701 2823 827 2877 senatus
854 2813 1131 2896 haudquaquaml

77 2906 151 2974 inter
175 2907 324 2973 Fulvium
354 2905 583 2990 Claudiumque
614 2907 836 2971 conveniebat:
872 2907 973 2970 facilis
1000 2906 1099 2989 impe·
1152 2903 1156 2911 ’

76 3004 202 3068 trandae
228 3001 339 3066 veniae
366 2999 533 3078 Claudius,
567 3000 681 3065 Fulvio
711 3001 818 3065 durim
845 2999 996 3064 sententia
1023 3009 1097 3062 erat.

75 3097 178 3182 itaque
204 3095 330 3181 Appius
357 3096 492 3160 Romam
522 3095 563 3159 ad
593 3105 736 3160 senatum
767 3093 929 3158 arbitrium
961 3091 1027 3155 eius
1053 3092 1135 3158 reia
1230 3165 1233 3171 ,

74 3201 172 3257 totum
189 3189 352 3254 reiciebat:
379 3189 601 3275 percunctandi
619 3189 713 3252 etiam
731 3209 866 3271 aequum
880 3209 950 3250 esse
963 3193 1100 3271 potesta-
1118 3206 1134 3252 3

74 3297 136 3351 tem
154 3285 222 3351 fieri
239 3284 394 3370 patribus,
413 3307 489 3348 num
507 3284 791 3349 communicassent
808 3281 938 3345 consilia
955 3302 1027 3344 cum
1045 3279 1101 3343 ali-

73 3385 143 3466 quts
171 3379 341 3456 sociorum,
369 3379 478 3444 Latini
503 3379 653 3455 nominis,
682 3376 936 3461 municipiorum,
968 3382 999 3439 et
1024 3397 1100 3438 num

73 3497 132 3561 ope
156 3495 264 3539 eorum
287 3473 320 3537 in
342 3472 424 3538 bello
446 3473 549 3538 forent
570 3472 676 3537 adiuti.
720 3472 753 3535 id
775 3491 849 3534 vero
871 3467 998 3532 minime
1017 3486 1136 3531 com-4

73 3567 260 3633 mittendum
283 3589 353 3632 esse
369 3566 501 3632 Fulvius
520 3567 636 3644 dicere,
659 3576 694 3629 ut
713 3564 950 3629 sollicitarentur
968 3559 1103 3626 crimini-

72 3663 132 3728 bus
151 3660 256 3727 dubiis
280 3662 436 3727 sociorum
457 3661 596 3726 fidelium
620 3660 715 3725 animi
737 3669 768 3723 et
790 3657 1003 3723 subicerentur
1019 3655 1102 3719 indi-

74 3756 174 3834 cibus,
185 3758 255 3839 quts
271 3752 387 3842 [neque
400 3755 476 3839 quid
490 3751 652 3839 dicerent]
667 3773 769 3836 neque
779 3752 854 3837 quid
868 3751 1007 3817 facerent
1016 3749 1103 3834 quie·

74 3873 170 3934 quam
188 3871 338 3934 umquam
359 3850 450 3934 pensi
467 3849 592 3915 fuisset:
619 3847 724 3931 itaque
744 3870 777 3913 se
797 3869 866 3912 eam
888 3845 1102 3932 quaestionem
