2528 4530
296 254 414 310 arasa
430 253 572 320 xxvnr,
589 254 633 309 42.
647 252 690 308 43.
710 252 862 326 [aoros]
1032 244 1098 311 433

91 425 194 498 perator
218 414 376 479 fortunam
401 411 560 499 publicam
586 421 617 478 et
643 412 838 479 maiestatem
863 412 987 499 imperi,
1015 436 1097 499 quae

90 517 140 576 tum
161 511 194 574 in
223 519 278 574 tuo
310 507 411 593 capite
437 505 701 593 periclitabantur,
737 506 930 574 commisisti.
975 530 1035 596 ego
1056 509 1096 577 P.
1115 528 1147 576 ‘22

89 601 253 671 Cornelium
287 602 334 668 rei
366 601 512 688 publicae
546 601 714 686 nobisque,
748 625 813 668 non
843 602 905 671 sibi
938 602 999 690 ipsi
1034 604 1098 690 pri·

87 701 165 764 vatim
193 707 333 764 creatum
360 696 521 763 considam
548 697 707 774 existimo,
734 697 951 784 exercitusque
977 700 1018 766 ad
1044 722 1099 767 cu-

86 794 202 862 stodiam
237 793 326 859 urbis
360 802 455 878 atque
489 791 600 859 ltaliae
635 792 768 878 scriptos
803 815 887 871 csse,
923 817 988 861 nou
1017 819 1097 880 quos

82 890 155 976 regio
177 910 266 955 more
287 910 344 974 per
361 885 540 973 superbiam
558 886 717 965 consules,
740 909 804 971 quo
822 897 973 954 terrarum
990 891 1096 970 velint,

81 983 229 1051 traiciant?

130 1076 345 1144 XXXXIII.
381 1074 465 1142 Cum
483 1076 622 1142 oratione
640 1076 681 1142 ad
699 1086 823 1162 tempus
840 1087 950 1164 parata
966 1077 1096 1157 Fabius,
1117 1099 1129 1146 1

80 1179 134 1240 tum
161 1173 346 1240 auctoritate
372 1183 404 1238 et
424 1173 616 1237 inveteratae
636 1172 820 1258 prudentiae
842 1173 929 1238 fama
949 1195 1097 1258 magnam

80 1280 188 1351 partem
216 1277 344 1334 senatus
371 1277 402 1332 et
427 1267 565 1332 seniores
591 1266 727 1331 maxime
753 1267 904 1332 movisset
929 1267 1098 1352 pluresque

80 1363 233 1429 cnsilium
252 1362 336 1427 senis
354 1383 449 1445 quam
467 1361 606 1426 animum
624 1361 854 1426 adulescentiae
875 1361 1014 1426 ferocem
1030 1362 1097 1426 lau-

80 1457 191 1536 larent,
212 1455 321 1542 Scipio
337 1456 382 1521 ita
397 1456 521 1522 locutus
539 1455 652 1521 fertur:
672 1461 718 1520 ‘et
734 1455 803 1541 ipse
823 1452 863 1538 Q.
874 1455 993 1521 Fabius
1011 1456 1097 1542 prin·
1115 1474 1130 1521 a

80 1553 149 1639 ipio
166 1551 331 1628 orationis,
357 1561 463 1636 patres
486 1550 667 1636 conscripti,
695 1551 950 1615 commemoravit
972 1551 1005 1614 in
1027 1572 1097 1615 sen-

80 1648 165 1713 entia
178 1669 238 1712 sua
250 1666 345 1730 posse
359 1644 615 1710 obtrectationem
634 1653 812 1728 suspectam
826 1666 905 1711 esse.
933 1644 1023 1709 cuius
1037 1665 1097 1731 ego
1115 1663 1131 1712 a

80 1743 111 1808 ei
129 1763 196 1807 non
209 1750 274 1805 tam
287 1739 356 1824 ipse
370 1739 471 1804 ausim
484 1748 604 1804 tantum
618 1738 720 1802 virum
734 1738 929 1816 insimulare,
948 1760 1043 1822 quam
1060 1760 1098 1804 ea

80 1836 207 1922 euspicio
225 1871 252 1884 ··
268 1834 344 1899 vitio
363 1833 510 1899 orationis
528 1856 570 1898 an
586 1833 632 1898 rei
648 1869 675 1879 -
692 1832 776 1897 haud
794 1855 871 1899 sane
888 1842 1022 1919 purgata
1039 1842 1097 1899 est.

80 1932 113 1996 ic
131 1931 216 1996 enim
233 1929 368 1994 honores
392 1950 467 1994 suos
489 1938 521 1993 et
542 1928 660 1994 samam
681 1949 787 1993 rerum
808 1938 969 2015 gestarum
987 1928 1098 1993 extulit
1116 1946 1132 1994 r

80 2023 172 2091 erbis
196 2023 237 2088 ad
259 2023 505 2109 extinguendum
526 2022 663 2088 invidiae
685 2024 816 2099 crimen,
844 2033 1003 2107 tamquam
1021 2023 1099 2088 mihi

80 2120 106 2186 b
123 2118 235 2184 infimo
253 2138 379 2201 quoque
396 2117 569 2203 periculum
588 2117 642 2193 sit,
661 2138 702 2180 ne
718 2138 843 2185 mecum
861 2118 1048 2195 aemuletur,
1067 2127 1099 2182 ct

80 2235 131 2280 ron
152 2212 194 2278 ab
217 2233 268 2290 eo,
296 2213 350 2296 qui
372 2212 446 2296 quia
468 2233 562 2296 super
584 2221 703 2276 ceteros
722 2210 868 2287 excellat,
899 2231 1025 2294 quoque
1041 2212 1099 2275 niti

80 2331 132 2376 ron
149 2308 329 2386 dissimulo,
356 2329 407 2378 me
426 2307 487 2372 sibi
505 2306 632 2391 aequari
650 2306 737 2370 nolit.
783 2306 828 2370 sic
846 2327 953 2370 senem
977 2326 1010 2369 se
1028 2326 1098 2390 per·
1117 2324 1131 2370 5

80 2407 274 2486 irnctumque
300 2412 332 2467 et
357 2424 408 2466 me
438 2402 521 2467 infra
546 2411 680 2466 aetatem
711 2400 756 2464 fili
782 2400 876 2464 etiam
903 2398 952 2464 sui
982 2399 1096 2483 posuit,

80 2518 232 2581 amquam
256 2518 319 2560 non
345 2495 489 2582 longius,
525 2517 620 2580 quam
650 2493 814 2579 quantum
833 2492 916 2557 vitae
942 2491 1098 2558 humanae

82 2591 206 2678 patium
225 2600 287 2668 est,
306 2589 460 2675 cupiditas
478 2589 597 2677 gloriae
615 2588 799 2655 extendatur
812 2587 1011 2669 maximaque
1024 2607 1097 2671 pars

80 2688 136 2752 :ius
161 2686 196 2750 in
222 2684 404 2749 memoriam
430 2705 467 2749 ac
493 2684 708 2770 posteritatem
733 2682 916 2767 promineat.
960 2680 1131 2746 maximoe

80 2781 183 2864 urique
204 2778 237 2843 id
260 2777 400 2844 accidere
422 2779 526 2844 animo
549 2787 668 2843 certum
689 2776 806 2854 habco,
833 2786 868 2842 ut
890 2798 924 2843 se
945 2799 1009 2843 non
1027 2798 1100 2843 cum

80 2872 286 2940 traescntibus
304 2874 414 2950 modo,
438 2872 494 2938 sed
512 2893 584 2937 cum
603 2873 704 2938 omnis
723 2872 793 2938 aevi
811 2872 903 2939 claris
921 2874 995 2939 viris
1014 2894 1100 2938 com·

80 2977 189 3034 tarent.
234 2968 380 3052 equidem
396 2967 482 3033 haud
500 2967 677 3045 dissimulo,
696 2977 849 3045 metuas,
873 2966 991 3050 Quinte
1008 2966 1098 3044 Fabi,
1118 2985 1132 3032 7

80 3064 180 3130 audes
206 3084 271 3128 non
296 3063 428 3146 adsequi
454 3063 556 3128 solum
578 3063 673 3142 velle,
705 3063 762 3129 sed
779 3061 906 3128 -bona
927 3062 1020 3126 venia
1046 3071 1100 3125 tua

80 3157 203 3225 lixcrim
220 3193 247 3205 ·-
265 3157 293 3222 si
317 3158 437 3242 possim
464 3158 558 3222 etiam
585 3179 764 3245 exuperare.
808 3155 886 3220 illud
909 3176 968 3220 nec
989 3153 1046 3218 tibi
1067 3154 1099 3217 in
1118 3172 1133 3220 8

80 3274 120 3318 ne
145 3273 210 3317 neu
237 3251 314 3316 mihi
339 3252 373 3315 in
398 3251 570 3317 minoribus
596 3261 673 3317 natu
699 3249 794 3315 animi
822 3249 876 3326 sit,
903 3259 938 3314 ut
964 3248 1099 3312 nolimus

80 3366 262 3432 quemquam
287 3345 387 3412 nostri
413 3347 545 3411 similem
573 3345 706 3411 evadere
732 3345 847 3409 civemt
873 3343 906 3408 id
928 3343 1011 3409 enim
1036 3364 1100 3408 non

80 3463 180 3507 torum
206 3441 315 3519 modo,
347 3439 461 3524 quibus
487 3440 709 3518 inriderimus,
747 3438 804 3504 sed
828 3439 873 3505 rei
898 3437 1042 3524 publicae
1069 3447 1100 3502 et

80 3556 171 3601 raone
192 3535 294 3600 omnis
316 3536 440 3622 generis
462 3535 591 3601 humani
613 3535 833 3600 detrimentum
860 3533 909 3598 sit.
965 3553 1100 3596 comme·
1118 3552 1132 3598 9

80 3630 218 3707 notavit,
241 3640 392 3714 quantum
411 3652 513 3696 essem
530 3631 660 3716 periculi
678 3630 833 3706 aditurus,
861 3627 939 3692 siin
955 3625 1099 3691 Africam

81 3723 249 3801 raicerem,
276 3734 312 3789 ut
333 3747 436 3790 meam
458 3746 595 3810 quoque,
626 3745 691 3789 non
712 3724 814 3789 solum
836 3723 881 3788 rei
902 3721 1046 3807 publicae
1069 3732 1099 3785 et

80 3818 228 3884 exercitus
250 3819 351 3884 vicem
372 3819 530 3885 videretur
552 3820 711 3886 sollicitus.
760 3819 844 3883 unde
868 3817 947 3882 haec
972 3825 1099 3901 repente
1120 3835 1151 3883 10

80 3934 146 3978 :nra
172 3912 213 3977 de
239 3935 290 3978 me
312 3914 439 3979 exorta?
473 3936 545 3979 cum
570 3925 660 4001 pater
679 3923 872 4000 patruusque
894 3934 983 3976 meus
1006 3912 1100 3977 inter·

80 4009 162 4082 tecti,
180 4028 253 4071 curn
270 4007 333 4074 duo
352 4008 506 4074 exercitus
526 4031 632 4076 eorum
650 4032 748 4097 prope
761 4009 920 4075 occidione
938 4006 1034 4072 occisi
1052 4028 1102 4073 cs·

123 4109 174 4152 Liri
188 4108 230 4151 rol.
243 4108 270 4152 ΙΙ.
896 4109 931 4163 28
