2528 4530
343 293 461 350 LIBER
477 295 590 362 XXVI,
608 296 634 351 9.
650 297 691 351 10.
712 299 749 365 [a.
761 295 790 351 C.
800 298 863 368 211]
1058 287 1122 354 275

119 460 204 534 perent
230 460 409 535 matresque
431 451 591 518 Romanas
618 462 649 518 et
674 452 790 518 liberos
816 476 930 539 parvos
956 455 1121 523 inviolatos

120 554 263 609 semarent.
310 554 436 610 senatus
468 546 702 632 magistratibus
733 547 766 612 in
792 547 860 613 fo‘ro
885 559 1058 634 praestost,
1095 552 1123 618 si
1157 571 1173 621 9

119 639 175 720 quid
190 639 350 704 consulere
368 639 474 706 velint.
506 641 559 705 alii
576 641 731 726 accipiunt
749 641 880 727 imperia
897 644 1123 730 disceduntque

118 732 226 798 adauae
245 734 379 818 quisque
397 734 573 800 officiorum
589 745 709 821 partes,
728 735 781 800 alii
799 737 934 803 offerunt
952 762 995 817 se,
1016 740 1124 825 siquo

118 847 175 892 usus
191 849 303 913 operae
321 828 370 893 sit.
407 829 563 914 praesidia
579 829 612 893 in
630 852 714 907 arce,
733 829 946 916 inCapitolio,
964 834 997 898 in
1014 835 1122 913 muris,

80 928 83 1007 ζ
118 919 179 986 circa
194 921 319 999 urbem,
338 923 371 986 in
388 933 494 988 monte
513 923 607 989 etiarn
624 922 752 988 Albano
770 933 863 1008 atque
881 926 1124 995 areeAesulana

116 1027 260 1096 ponuntur.
296 1017 377 1081 inter
393 1016 478 1082 hunc
496 1017 663 1082 tumultum
683 1017 723 1100 Q.
737 1017 885 1082 Fulvium
903 1022 1122 1105 proconsulem
1142 1042 1175 1091 10

116 1109 270 1190 profectum
288 1131 359 1174 cum
378 1111 516 1176 exercitu
537 1111 649 1197 Capua
667 1112 820 1189 adfertur3
843 1113 893 1176 cui
910 1136 950 1177 ne
968 1116 1123 1182 minuere-

80 1214 85 1233 ’-
116 1211 152 1266 tur
165 1203 342 1288 imperium,
366 1204 394 1269 si
410 1206 444 1268 in
461 1204 571 1271 urbem
589 1206 740 1283 venisset,
764 1206 902 1270 decernit
920 1219 1062 1286 senatus,
1087 1221 1123 1275 ut

116 1291 145 1376 Q.
155 1296 265 1362 Fulvio
282 1320 341 1382 par
358 1319 430 1362 cum
447 1298 630 1364 consulibus
647 1299 814 1385 imperium
832 1308 924 1365 esset.
960 1299 1123 1370 Hannibal
1142 1325 1171 1371 11

114 1386 239 1456 infestius
265 1391 471 1476 perpopulato
497 1415 573 1478 agro
594 1392 781 1479 Fregellano
806 1403 933 1479 propter
958 1395 1122 1463 intercisos

112 1485 211 1566 pontis,
239 1507 296 1570 per
317 1485 517 1551 Frusinatem
542 1487 838 1571 Ferentinatemque
863 1496 895 1552 et
914 1487 1123 1576 Anagninum

112 1598 204 1662 agrum
226 1579 259 1644 in
281 1578 479 1644 Labicanum
501 1581 596 1646 venit.
640 1581 714 1646 inde
731 1580 851 1668 Algido
871 1581 1046 1649 Tusculum
1067 1607 1122 1670 pe·
1142 1605 1173 1653 12

110 1671 157 1750 tiit,
182 1695 242 1738 nec
267 1683 412 1758 receptus
439 1673 604 1740 moenibus
630 1675 713 1740 infra
739 1675 913 1741 Tusculum
939 1678 1122 1744 dextrorsus

110 1760 215 1832 Gabios
243 1767 413 1832 descendit.
465 1768 539 1832 inde
565 1769 599 1833 in
624 1767 792 1854 Pupiniam
820 1771 958 1835 exercitu
985 1773 1122 1839 demisso

108 1869 164 1925 octo
180 1861 267 1925 milia
284 1883 436 1946 passuum
454 1861 494 1926 ab
512 1861 616 1926 Roma
633 1863 738 1948 posuit
756 1872 868 1929 castra.
912 1887 976 1949 quo
993 1868 1122 1953 propius
1142 1888 1173 1936 13

104 1951 193 2019 hostis
211 1954 393 2032 accedebat,
413 1977 451 2020 eo
468 1956 568 2021 maior
585 1957 697 2021 caedes
715 1956 810 2022 fiebat
827 1958 1015 2045 fugientium
1033 1982 1123 2046 prae-

103 2048 276 2113 cedentibus
302 2048 461 2128 Numidis,
492 2050 661 2136 pluresque
687 2051 826 2116 omnium
852 2075 1003 2139 generum
1030 2063 1123 2139 atque

101 2143 242 2207 aetatium
261 2143 473 2228 capiebantur.

154 2237 202 2302 X.
247 2236 287 2301 In
312 2237 373 2302 hoc
399 2237 535 2302 tumultu
560 2238 694 2304 Fulvius
716 2237 851 2304 Flaccus
878 2250 968 2324 porta
991 2240 1154 2326 Capenar

98 2353 164 2395 curn
187 2331 326 2396 exercitu
349 2331 667 2420 Romam·ingressus
690 2333 794 2396 media
815 2331 893 2397 urbe
913 2355 970 2418 per
989 2333 1121 2398 Carinas

94 2425 253 2509 Esquilias
273 2426 444 2504 contendit3
475 2425 548 2491 inde
567 2448 713 2512 egressus
731 2427 812 2489 inter
829 2425 1028 2508 Esquilinam
1047 2424 1123 2492 Col-

93 2521 250 2605 linamque
276 2531 399 2607 portam
420 2522 525 2608 posuit
547 2532 658 2587 castra.
703 2520 819 2586 aediles
841 2520 943 2608 plebis
966 2543 1155 2588 commea-a

93 2630 157 2680 tum
176 2637 215 2681 eo
234 2624 467 2700 conportarunt3
487 2616 631 2681 consules
650 2624 839 2698 senatusque
856 2615 889 2678 in
906 2625 1010 2681 castra
1027 2638 1122 2681 vene-

91 2721 172 2775 runt.
218 2708 263 2773 ibi
294 2710 333 2774 de
364 2733 486 2774 summa
512 2732 545 2774 re
571 2708 698 2794 publica
729 2708 948 2774 consultatum.
992 2709 1120 2796 placuit,

91 2803 238 2871 consides
266 2803 347 2869 circa
371 2813 478 2890 portas
506 2803 663 2869 Collinam
683 2802 945 2888 Esquilinamque
970 2816 1122 2891 ponerent

91 2907 210 2975 castra,
239 2896 276 2963 C.
297 2897 502 2984 Calpurnium
523 2907 698 2984 praetorem
721 2896 875 2962 urbanum
896 2897 1053 2983 Capitolio
1075 2910 1122 2966 at·

90 3017 151 3080 que
179 2995 245 3060 arci
269 3016 415 3079 praeesse
443 3003 473 3058 et
500 3004 642 3059 senatum
667 2994 864 3077 frequentem
894 2994 927 3058 in
953 2994 1022 3059 foro
1048 3017 1122 3059 con-

89 3089 196 3167 tineri,
216 3088 244 3153 si
261 3088 336 3172 quid
353 3089 386 3152 in
404 3097 468 3152 tam
488 3087 599 3153 subitis
617 3086 711 3153 rebus
730 3087 872 3152 consulto
891 3108 970 3171 opus
989 3096 1082 3152 esset.

154 3182 245 3248 Inter
265 3182 344 3247 haec
365 3181 526 3247 Hannibal
549 3181 589 3247 ad
610 3180 768 3246 Anienem
794 3181 924 3245 fluvium
951 3180 1010 3244 tria
1035 3180 1121 3245 milia
1139 3203 1154 3249 3

88 3300 245 3364 passuum
262 3276 303 3341 ab
321 3275 398 3342 urbe
416 3285 519 3342 castra
537 3276 685 3341 admovit.
721 3274 766 3339 ibi
785 3273 906 3340 stativis
924 3273 1034 3358 positis
1051 3274 1121 3359 ipse

89 3395 163 3438 cum
183 3370 307 3436 duobus
330 3370 456 3436 milibus
479 3370 619 3455 equitum
642 3368 682 3434 ad
704 3377 826 3454 portam
845 3365 1003 3432 Collinam
1020 3390 1121 3453 usquc

89 3467 130 3532 od
147 3464 299 3531 Herculis
317 3464 468 3549 templum
487 3474 535 3529 est
551 3485 739 3551 progressus
757 3471 850 3545 atque
868 3461 952 3526 unde
969 3483 1121 3546 proxume

88 3568 214 3645 poterat
235 3558 359 3623 moenia
386 3558 543 3642 situmque
569 3556 656 3622 urbis
680 3555 865 3640 obequitans
888 3555 1121 3640 contemplaba-

89 3665 150 3719 tur.
195 3652 230 3716 id
251 3674 323 3716 eum
346 3661 409 3716 tam
431 3651 560 3716 licenter
581 3660 675 3734 atque
698 3651 797 3716 otiose
819 3649 922 3714 facere
940 3648 1056 3713 Flacco
1073 3649 1121 3712 in-
1139 3671 1155 3717 4

90 3749 225 3836 dignum
242 3746 344 3812 visum
363 3756 425 3826 est,
453 3747 558 3831 itaque
579 3745 709 3811 immisit
730 3743 851 3829 equites
870 3744 1120 3828 summoverique

91 3852 186 3927 atque
211 3841 245 3905 in
272 3852 373 3907 castra
398 3841 498 3930 redigi
523 3840 661 3906 hostium
693 3839 864 3923 equitatum
894 3837 995 3903 iussit.
1049 3860 1154 3906 cums

91 3938 296 4005 commissum
321 3937 474 4023 proelium
502 3947 598 4015 esset,
634 3935 778 4002 consules
804 3934 985 4021 transfugas
1011 3933 1121 4000 Numi-

92 4032 218 4111 darum,
246 4032 389 4116 quitum
411 4032 444 4097 in
466 4031 626 4098 Aventino
649 4032 689 4096 ad
715 4029 800 4096 mille
823 4038 853 4096 et
875 4029 1002 4095 ducenti
1024 4039 1120 4108 erant,

893 4130 944 4184 18·
