2528 4514
126 244 189 309 102
363 252 482 308 LIBER
499 251 599 321 XXII,
617 252 660 306 51.
673 250 717 308 st.
736 256 812 322 [au.
822 252 922 323 coes]

88 437 106 484 5
189 414 324 479 Postero
350 410 402 475 die
428 410 484 475 ubi
509 410 646 496 primum
672 409 800 488 inluxit,
832 410 874 476 ad
900 410 1002 496 spolia
1030 412 1179 509 legend,¹

124 509 315 593 foedamque
338 504 432 571 etiam
455 503 599 570 hostibus
623 505 828 590 spectandam
846 515 985 592 stragem
1002 506 1169 591 insistam¹

92 625 107 674 e
125 602 271 668 iacebant
284 609 330 665 tot
343 599 560 664 Romanorum
578 597 678 675 milia,
696 599 819 684 pedites
833 600 954 685 passim
967 600 1155 685 equitesque,

125 709 161 764 ut
178 720 273 783 quem
291 696 404 780 cuique
422 694 488 761 fors
506 703 561 759 aut
578 716 687 780 pugna
702 694 849 761 iunxerat
865 705 920 760 aut
932 695 1025 782 fuga
1056 696 1154 761 adem

125 792 229 881 gentis
246 790 377 876 quidam
395 811 436 855 ex
455 798 560 875 strage
572 787 678 853 media
692 789 826 866 cruenti,
845 810 925 872 quos
941 790 1053 854 stricta
1064 800 1154 855 mutu-

125 888 192 951 tino
214 886 331 972 fiigore
351 884 564 949 excitaverant
580 882 723 959 vulnera,
748 882 789 948 ab
806 882 898 948 hoste
916 884 1063 969 oppressi
1081 892 1157 948 sunta

93 1003 107 1047 r
126 980 282 1065 quosdam
300 988 331 1043 et
348 978 478 1042 iacentis
491 976 582 1042 vivos
597 975 729 1041 succisis
742 975 914 1042 feminibus
926 977 1161 1063 poplitibusque

125 1076 327 1151 invenerunt,
358 1073 506 1137 nudantis
534 1070 688 1136 cervicem
713 1072 921 1158 iugulumque
948 1083 979 1136 et
1012 1071 1070 1137 reli

93 1186 109 1235 8
128 1169 314 1255 sanguinem
332 1167 476 1232 iubentes
495 1165 628 1230 haurire.
673 1166 793 1230 inventi
810 1166 939 1250 quidam
958 1175 1035 1232 sunt
1053 1164 1159 1231 merab·

125 1264 159 1328 in
168 1263 318 1329 effossam
330 1271 446 1326 terram
459 1259 628 1346 capitibus,
647 1282 727 1345 quos
742 1260 803 1326 sibi
816 1261 905 1345 ipsos
919 1259 1038 1325 fecisse
1055 1259 1088 1325 fo

127 1356 350 1439 obruentieque
377 1377 433 1421 ora
460 1355 636 1441 superiecta
662 1354 759 1419 humo
781 1353 998 1419 interclusisse
1021 1355 1157 1440 spiritum

93 1469 108 1517 9
127 1450 306 1537 apparebat.
342 1449 511 1535 praecipue
529 1450 682 1514 convertit
700 1470 809 1514 ornnes
827 1447 1008 1513 subtractus
1027 1448 1058 1513 N
1109 1446 1118 1464 ’

126 1555 250 1612 mortuo
269 1542 525 1628 superincubanti
537 1541 683 1609 Romano
701 1543 794 1608 vivus
811 1562 891 1608 naso
908 1542 1103 1627 auribusque
1144 1554 1148 1559 '

126 1640 253 1716 ceratis,
278 1660 350 1705 cum
369 1637 514 1703 manibus
533 1638 574 1702 ad
596 1639 783 1723 capiendum
806 1637 903 1702 telum
924 1637 1105 1717 inutilibus,
1125 1636 1133 1653 '

125 1735 246 1801 rabiem
264 1734 311 1798 ira
328 1755 434 1810 versa,
458 1733 607 1799 laniando
625 1733 771 1799 dentibus
789 1733 915 1799 hostem
933 1734 1132 1819 expirasset¹

94 1847 107 1893 1
192 1828 269 1893 LII.
317 1824 434 1911 Spoliis
456 1827 498 1892 ad
520 1827 655 1892 multum
678 1828 740 1892 diei
757 1827 846 1892 lectis
863 1826 1032 1894 Hannibal
1050 1831 1092 1896 ad

126 1944 204 1986 nora
222 1921 308 1985 ducit
326 1932 429 1985 castra
446 1922 660 2009 oppugnanda
677 1931 708 1986 et
726 1922 866 1987 omnium
883 1921 1060 2007 primumb
1127 1922 1135 1941 '

93 2033 109 2082 2
128 2018 250 2083 obiecto
268 2016 397 2080 flumine
416 2038 469 2082 eos
488 2018 635 2082 excludit.
668 2027 806 2082 ceterum
823 2017 865 2083 'ab
883 2018 1154 2095 omnituentes·

126 2113 256 2199 vigiliis,
275 2110 457 2176 vulneribus
476 2113 570 2177 etiam
588 2113 682 2177 fessis
697 2113 848 2177 maturior
859 2114 959 2198 ipsius
975 2137 1039 2202 spe
1050 2112 1146 2181 deditio
1173 2154 1179 2197 ‘.

95 2207 283 2272 restincta.
314 2207 413 2292 pacti,
432 2216 467 2270 ut
485 2229 572 2271 arma
590 2216 683 2290 atque
701 2228 799 2289 equos
818 2208 991 2286 traderent,
1013 2211 1050 2275 in
1061 2206 1146 2295 capta
1175 2288 1179 2297 Ι

125 2301 272 2368 Romana
293 2300 427 2366 trecenis
448 2301 587 2365 nummis
609 2301 816 2387 quadrigatis,
844 2302 878 2365 in
900 2303 1007 2368 socios
1027 2300 1179 2377 duma

125 2398 159 2462 in
177 2419 284 2462 servos
304 2397 459 2474 centenis,
483 2407 514 2461 et
531 2406 567 2459 ut
584 2417 622 2460 eo
639 2396 740 2481 pretio
757 2396 917 2481 persoluto
936 2418 1014 2462 cum
1034 2394 1160 2485 singule

127 2491 248 2556 abirent
261 2491 467 2567 vestimentis,
486 2490 520 2554 in
537 2499 640 2554 castra
657 2489 758 2554 hostis
777 2500 974 2576 acceperunt,
996 2492 1103 2557 traditi
1145 2494 1158 2505 ''

92 2585 161 2648 cin
183 2584 360 2650 custodiam
377 2606 487 2649 omnes
506 2593 594 2661 sunt,
618 2605 760 2648 seorsum
783 2584 869 2649 cives
893 2584 1046 2670 sociique.
1091 2586 1112 2650 d

126 2678 171 2743 ibi
189 2689 313 2763 tempus
332 2679 450 2754 teritur,
472 2679 591 2743 interea
608 2699 681 2742 cum
699 2699 739 2742 ex
756 2677 927 2744 maioribus
947 2681 1077 2759 castris,
1098 2700 1118 2765 q

126 2771 187 2836 bus
202 2773 278 2836 satis
292 2772 406 2835 virium
420 2783 474 2837 aut
488 2773 584 2837 animi
598 2773 669 2851 fuit,
688 2774 729 2838 ad
742 2782 890 2858 quattuor
902 2775 991 2840 milia
1005 2774 1154 2842 hominm'·

128 2876 160 2930 et
173 2866 300 2930 ducenti
314 2865 445 2950 equites,
464 2865 516 2930 alii
530 2867 665 2953 agmine,
685 2868 737 2933 alii
750 2868 847 2954 palati
860 2872 980 2954 passim
995 2880 1179 2961 peragrati-„-

128 2960 213 3044 quod
243 2959 328 3025 haud
358 2961 462 3025 minus
494 2970 599 3026 tutum
624 2972 704 3039 erat,
735 2961 911 3028 Canusium
937 2965 1179 3053 perfugisset*

128 3063 231 3119 castra
252 3055 323 3140 ipsa
345 3053 385 3120 ab
410 3056 525 3120 sauciis
548 3057 729 3140 timidisque
751 3057 862 3122 eadem
890 3016 1179 3219 condicionffl

94 3149 225 3215 saltora
248 3149 362 3215 tradita
383 3151 476 3215 hosti.
520 3152 638 3236 praeda
663 3151 776 3238 ingens
802 3161 892 3237 parta
918 3160 967 3217 est
989 3165 1066 3240 etp
1139 3158 1153 3205 '-

128 3265 225 3326 equos
252 3244 399 3328 virosque
425 3255 457 3310 et
483 3245 511 3310 si
539 3246 616 3329 quid
642 3247 807 3332 argenti·
824 3246 908 3329 quod
934 3246 1105 3333 plurimum
1123 3222 1179 3309 Ε

127 3336 264 3422 phaleris
292 3359 443 3422 equorum
470 3349 550 3416 erat,
586 3362 660 3403 nam
691 3339 733 3404 ad
761 3340 954 3405 vescendum
981 3339 1068 3407 facto
1092 3326 1179 3426 pv*

129 3430 254 3517 exiguo,
273 3432 381 3516 utique
394 3432 573 3510 militantes,
593 3432 761 3498 utebantur
774 3434 916 3498 —omnis
930 3443 1037 3500 cetera
1048 3428 1179 3521 prasina-'2

95 3541 111 3590 6
128 3525 302 3611 diripienda
319 3528 393 3591 data
411 3538 469 3593 est.
496 3538 563 3592 tum
578 3527 748 3614 sepeliendi
762 3550 858 3594 cauea
872 3527 1010 3595 conferri
1021 3530 1055 3594 in
1067 3513 1179 3593 unuss

1152 3589 1179 3657 ἐ

129 3643 260 3705 corpora
278 3643 406 3687 suorum
424 3623 525 3687 iussit.
566 3623 695 3689 edocto
713 3623 800 3688 milia
817 3622 918 3688 fuisse
936 3623 1085 3689 dicuntur
1100 3621 1179 3688 for-A

128 3714 321 3779 tissimorum
339 3716 486 3781 virorum.
523 3716 685 3782 consulem
699 3738 824 3801 quoque
838 3716 1022 3783 Romanum
1037 3680 1179 4133 0⁰:³1¹

129 3808 224 3872 situm
243 3811 463 3895 sepultumque
480 3812 608 3895 quidam
627 3821 769 3878 auctores
790 3822 872 3876 sunt.
1158 3870 1161 3877 .

96 3919 111 3965 r
193 3900 275 3981 Eos,
295 3905 349 3988 qui
363 3904 538 3970 Canusium
555 3905 772 3993 perfugerant,
791 3906 904 3971 mulier
914 3905 1025 3992 Apula
1039 3930 1082 3974 no
1113 3906 1122 3923 ⁸

129 3992 231 4072 Busa,
250 4019 365 4083 genere
384 3999 467 4064 clara
484 4021 521 4065 ac
539 3999 670 4077 divitiis,
689 3999 855 4065 moenibus
868 4008 992 4065 tantum
1010 4002 1159 4087 tectique
