2528 4530
63 199 68 215 ’
133 228 202 301 210.
362 238 482 297 ursus
498 236 629 309 xxmr,
646 235 747 295 aar.
766 235 954 310 [auson]

134 408 310 478 sescentos,
329 407 482 482 quantum
500 397 578 464 satis
595 396 700 463 visum
718 405 780 475 est,
802 394 946 463 attribuit
963 416 1100 481 eosque,

134 503 263 580 quartae
280 492 407 581 vigiliae
430 493 558 580 signum
580 491 760 571 cecinisset,
789 490 831 558 ad
853 512 928 558 eum
947 488 1057 563 locum
1076 514 1117 559 sc:

99 611 114 658 a
132 589 226 656 iussit
242 587 335 655 ferre.
378 597 471 673 porta
488 585 534 653 ibi
549 585 678 652 humilis
697 594 728 652 et
745 594 883 673 angusta
900 593 967 651 erat
983 585 1117 671 infrequ

132 684 185 749 via
200 703 258 768 per
275 681 433 746 desertam
449 689 572 766 partem
589 678 687 745 urbis.
728 701 799 746 eam
815 688 954 766 portam,
973 679 1071 746 scalis
1089 705 1117 769 pr

132 787 348 863 transgressos
366 796 506 852 murum,
533 772 654 860 aperire
678 795 719 839 ex
739 772 887 839 interiore
908 781 998 860 parte
1016 785 1075 840 aut
1092 774 1117 840 cl

132 881 198 937 stra
210 867 383 956 refringere
396 867 484 934 iubet
498 877 531 933 et
544 876 686 933 tenentes
699 877 822 954 partem
835 865 922 934 urbis
935 890 1035 934 cornu
1049 869 1117 958 sign

132 966 220 1043 dare,
238 972 275 1029 ut
291 970 414 1029 ceterae
432 961 541 1048 copiae
559 962 814 1027 admoverentur:
831 969 943 1048 parata
960 962 1068 1029 omnia
1081 974 1117 1029 at«

97 1083 115 1129 4
132 1059 285 1125 instructa
302 1078 374 1123 sese
390 1055 582 1124 habiturum.
636 1077 675 1122 ea
695 1055 819 1143 inpigre
836 1055 936 1134 facta,
963 1065 996 1122 et
1012 1057 1117 1142 quodi

131 1153 346 1241 pedimentum
381 1150 549 1239 agentibus
584 1148 653 1216 fore
683 1149 863 1230 videbatur,
899 1150 934 1219 id
963 1151 1102 1219 maxime

131 1246 306 1313 fallendum
324 1245 454 1332 adiuvit.
498 1242 600 1311 imber
621 1242 662 1312 ab
685 1254 779 1311 nocte
795 1244 901 1311 media
922 1255 1050 1313 coortus
1069 1269 1117 1315 cus

131 1343 188 1410 des
214 1340 391 1429 vigilesque
418 1339 557 1426 dilapsos
580 1360 598 1404 e
621 1337 809 1405 stationibus
836 1336 1010 1426 subfugere
1036 1339 1070 1407 iu
1088 1349 1117 1406 te

97 1459 112 1506 5
131 1438 235 1520 coegit
257 1436 425 1522 sonituque
446 1435 548 1522 primo
569 1433 713 1521 largioris
740 1432 896 1520 procellae
918 1435 1084 1522 strepitum
1101 1458 1117 1501 n

130 1530 273 1597 lientium
290 1540 414 1617 portam
432 1527 574 1595 exaudiri
595 1526 768 1615 prohibuit,
794 1525 909 1593 lentior
925 1528 1040 1597 deinde
1058 1551 1117 1614 aeq

130 1625 250 1711 liorque
278 1624 424 1691 accidens
451 1621 580 1689 auribus
607 1644 756 1710 magnam
782 1631 905 1710 partem
930 1621 1093 1689 hominum

98 1743 111 1789 o
130 1718 219 1805 pivit.
263 1727 431 1804 postquam
447 1725 572 1804 portam
589 1716 752 1795 tenebant,
776 1716 950 1783 cornicines
968 1715 1003 1783 in
1019 1716 1117 1806 viapz

131 1812 191 1878 bus
209 1810 382 1878 intervallis
400 1811 570 1898 dispositos
593 1832 706 1877 canere
727 1809 851 1891 iubent,
878 1820 913 1878 ut
935 1810 1117 1879 consulem:

98 1906 239 1973 rcirent.
291 1905 326 1970 id
351 1904 408 1971 ubi
432 1903 553 1971 factum
581 1927 622 1971 ex
647 1905 822 1992 composito
848 1914 911 1984 est,
948 1905 1042 1994 signa
1067 1906 1117 1973 effe

130 1999 241 2065 consul
266 1999 355 2066 iubet
380 2021 417 2065 ac
438 1999 533 2086 paulo
555 2009 628 2065 ante
649 1999 754 2066 lucem
774 2021 832 2087 per
858 1999 1023 2067 effractam
1048 2011 1117 2089 port

130 2091 241 2160 urbem
257 2093 441 2180 ingreditur.

96 2210 110 2257 1
193 2187 420 2255 XXXXVIL
466 2188 550 2253 Tum
572 2187 701 2254 demum
721 2187 829 2254 hostes
856 2187 985 2255 excitati
1008 2187 1117 2257 euntis

95 2301 110 2348 a
130 2291 160 2347 et
177 2282 278 2349 imbre
297 2282 539 2368 conquiescente
557 2292 589 2349 et
605 2283 783 2370 propinqua
798 2281 879 2349 luce.
924 2282 1114 2369 praesidium

129 2375 206 2444 urbe
224 2386 291 2445 erat
307 2376 499 2445 Hannibalis
516 2377 655 2463 quinque
677 2376 764 2442 milia
785 2373 885 2442 ferme
903 2385 1108 2458 armatorum,

127 2471 189 2559 ipsi
213 2470 331 2560 Arpini
356 2473 417 2540 tria
437 2472 524 2539 milia
549 2471 714 2539 hominum
740 2471 913 2538 armabant
968 2493 1024 2539 eos
1049 2473 1117 2560 prin

127 2565 243 2648 Poeni,
261 2590 301 2634 ne
319 2567 397 2653 quid
414 2567 454 2633 ab
472 2577 562 2655 tergo
580 2565 701 2633 fraudis
720 2575 819 2645 esset,
840 2565 925 2633 hosti
943 2588 1117 2655 opposuero

93 2671 304 2750 epugnatum
328 2662 430 2749 primo
455 2662 489 2726 in
510 2660 647 2729 tenebris
671 2659 878 2748 angustisque
905 2658 966 2728 viis
992 2670 1052 2731 est.
1096 2683 1117 2728 o

127 2754 264 2821 Romani
280 2777 345 2821 non
363 2756 431 2821 vias
449 2765 585 2836 tantum,
604 2765 653 2822 set
670 2764 752 2823 tecta
769 2754 864 2821 etiam
881 2754 1029 2842 proxima
1046 2766 1117 2843 port

93 2868 110 2914 4
128 2858 349 2934 occupassent,
366 2870 407 2915 ne
423 2848 490 2936 peti
507 2872 643 2936 superne
661 2871 699 2917 ac
715 2848 872 2917 volnerari
887 2860 1032 2935 possent,
1051 2872 1117 2938 cogi

127 2943 208 3009 inter
228 2965 268 3018 ‚se
294 2942 424 3028 quidam
448 2941 626 3031 Arpinique
652 2954 684 3010 et
708 2943 846 3011 Romani
872 2953 968 3028 atque
992 2944 1069 3011 inde
1092 2966 1117 3011 or

126 3036 235 3121 loquia
256 3046 369 3123 coepta
393 3037 476 3116 fieri,
507 3037 785 3124 percunctantibus
802 3038 970 3118 Romanis,
1002 3039 1080 3124 quid

92 3131 243 3198 evellent
263 3128 394 3219 Arpini,
421 3154 518 3217 quam
539 3131 581 3200 ob
606 3156 724 3200 noxam
744 3133 962 3199 Romanorum
1004 3133 1117 3219 quoda

126 3226 272 3292 meritum
289 3224 470 3293 Poenorum
487 3249 544 3314 pro
562 3227 747 3316 alienigenis
769 3250 807 3294 ac
828 3226 973 3297 barbaris
990 3224 1117 3295 Italicis

126 3344 237 3389 versus
255 3331 378 3391 veteres
400 3321 504 3391 socios
524 3322 687 3391 Romanos
709 3323 827 3391 bellum
849 3334 995 3410 gererent
1019 3333 1052 3389 et
1072 3344 1117 3388 ret

93 3435 108 3482 e
125 3415 231 3502 galem
248 3437 286 3483 ac
303 3415 540 3504 stipendiariam
556 3417 683 3485 Italiam
699 3417 832 3485 Africae
853 3417 1008 3485 facerent:
1035 3414 1118 3505 Arpi

125 3509 333 3597 purgantibus
347 3510 475 3600 ignaros
493 3511 635 3581 omnium
653 3534 687 3578 se
704 3534 822 3578 venum
833 3534 854 3578 a
865 3510 1062 3598 principibus
1076 3511 1117 3577 da

93 3601 251 3684 rPoeno,
277 3614 387 3692 captos
413 3628 645 3694 oppressosque
671 3630 691 3673 a
715 3604 825 3695 paucis
848 3627 929 3673 esse.
981 3605 1073 3672 initio
1100 3627 1117 3671 o

126 3697 232 3785 plures
251 3721 325 3766 cnm
340 3698 486 3787 pluribus
508 3700 670 3786 conloqui3
697 3711 857 3788 postremo
878 3710 1005 3788 praetor
1022 3698 1117 3787 Arpis

126 3793 166 3862 ab
189 3794 254 3861 suis
276 3794 319 3862 ad
340 3793 502 3865 consulem
524 3795 693 3876 deductus,
724 3795 850 3881 fideque
875 3794 952 3861 data
971 3794 1117 3884 intersip

127 3887 273 3974 aciesque
289 3887 407 3977 Arpini
423 3899 554 3977 repente
573 3912 632 3978 pro
649 3889 803 3961 Romanis
826 3889 979 3959 adversus
998 3886 1117 3959 Cartha

92 3979 268 4048 sniensem
293 4006 382 4052 arma
402 3993 571 4053 verterunt
614 3983 753 4074 Hispani
774 4005 917 4072 quoque,
941 3982 1040 4073 paulo
1062 3984 1117 4051 mir
