2528 4514
147 208 211 276 1ee
284 282 286 287 ,
379 218 499 276 amna
515 218 629 290 xxm,
648 219 690 274 aa
706 218 748 276 ea
769 218 955 291 [ausam]

111 403 216 454 ceam
240 379 427 447 sententiam
452 378 529 443 baut
555 377 756 463 aequioribus
779 360 907 442 animis
941 394 1012 442 unm
1032 377 1063 462 ipt

111 500 126 546 t
145 475 305 561 qnondam
322 470 516 560 postulatum
533 471 722 538 Latinorum
738 480 845 557 patres
864 492 906 537 au
940 480 1036 550 erunt3
1048 493 1063 536 e

144 569 289 635 fremitus
315 567 547 655 indignantium
574 576 640 632 tota
665 562 752 632 curia
778 576 864 632 esset
889 576 922 632 et
947 566 1063 653 praecipt

144 662 286 729 Manlius
310 680 381 728 esse
404 662 499 727 etiam
520 682 604 727 nunc
631 661 698 726 eius
721 660 827 749 stirpis
849 660 954 726 virum
980 661 1063 726 dimit

145 779 209 845 qne
226 758 386 843 quondam
402 755 604 844 acapnum
622 756 733 822 consul
749 754 887 822 minatus
907 766 1000 836 esset,
1017 757 1063 822 lat

145 872 240 938 quem
257 850 291 918 in
308 852 395 918 cutia
413 851 559 930 vidisset,
586 873 659 918 eum
682 872 740 918 sua
762 874 858 917 manu
881 870 917 918 se
934 851 1063 918 interient

110 966 127 1017 8
147 946 187 1031 Q.
197 946 317 1014 Fabius
326 946 489 1012 Maximus
507 964 680 1031 numquam
697 946 743 1011 rei
760 946 855 1012 ullius
874 946 1022 1014 alieniore
1038 956 1063 1012 te

145 1042 339 1108 mentionem
360 1040 477 1106 laetam
499 1041 533 1105 in
555 1049 667 1106 senatu
690 1040 780 1118 dicit,
808 1062 904 1125 quam
927 1042 1008 1108 inter
1028 1051 1063 1107 tat

145 1154 262 1225 pensos
293 1136 451 1204 sociorum
481 1136 604 1202 animos
634 1136 849 1221 incertamque
875 1136 973 1203 fidem
1003 1135 1034 1202 id
1061 1163 1063 1199 =

111 1253 126 1300 a
146 1232 232 1319 quod
247 1231 378 1318 insuper
396 1230 576 1296 sollicitaret
594 1252 658 1297 eos.
695 1252 764 1295 eam
783 1231 877 1297 unius
894 1231 1032 1298 hominis
1048 1240 1063 1295 t

143 1327 224 1392 riam
250 1340 362 1391 vocem
389 1324 512 1391 silentio
539 1325 679 1390 omnium
702 1324 949 1412 extinguendam
976 1348 1045 1392 esse

144 1420 221 1506 quid
238 1442 390 1504 umquam
407 1419 513 1485 arcani
531 1419 670 1484 sanctive
689 1420 730 1485 ad
748 1419 904 1484 silendum
922 1419 956 1484 in
974 1420 1057 1485 curia

144 1516 178 1581 id
187 1514 329 1581 omnium
337 1514 474 1578 maxime
483 1514 664 1600 tegendum,
684 1511 900 1592 occulendum,
921 1512 1063 1580 oblivisce

144 1632 202 1697 pro
215 1631 280 1676 non
293 1609 378 1674 dicto
391 1606 572 1675 habendum
586 1628 667 1674 esse.
698 1608 824 1674 itacius
838 1609 885 1674 rei
899 1626 1063 1696 oppressa:

93 1724 127 1774 ιο
144 1713 201 1770 est.
247 1702 445 1781 dictatorem,
465 1703 519 1788 qui
536 1720 648 1768 censor
666 1712 737 1768 ante
754 1701 868 1768 fuisset
885 1704 1063 1770 vetustissin

145 1821 186 1864 ex
210 1797 261 1863 his
288 1798 344 1882 qui
369 1797 511 1862 viverent
538 1797 687 1863 censoriis
715 1806 812 1876 esset,
844 1799 944 1862 creari
970 1796 1063 1884 placui

145 1901 290 1959 senatum
316 1891 454 1979 legeret,
490 1892 646 1976 accirique
675 1890 713 1957 C,
741 1891 925 1957 Terentium
953 1890 1063 1958 consult

93 2008 125 2056 11
145 1986 330 2053 dictatorem
348 1986 516 2050 dicendum
534 1985 703 2051 iusserunt.
744 1987 799 2071 qui
817 2008 856 2051 ex
874 1984 997 2073 Apulia
1013 1985 1063 2052 reli

143 2081 299 2170 praesidio
322 2102 395 2147 cum
417 2081 541 2168 magnis
564 2082 726 2147 itineribus
748 2081 885 2148 Romam
911 2079 1055 2161 redisset,

143 2177 301 2262 proxima,
327 2187 363 2242 ut
381 2200 451 2242 mos
470 2186 550 2255 erat,
578 2176 625 2241 M.
644 2176 782 2242 Fabium
798 2174 978 2243 Buteonem
997 2192 1063 2242 ext

144 2272 288 2337 constdto
307 2272 374 2338 sine
393 2273 545 2359 magistro
564 2271 705 2355 equitum
723 2269 907 2336 dictatorem
930 2270 964 2335 in
984 2292 1063 2338 sext

146 2365 235 2430 dixit.

111 2480 125 2526 1
209 2459 347 2525 XXIII.
391 2459 539 2525 Dictator
555 2458 611 2524 ubi
629 2480 701 2523 cum
720 2458 881 2524 lictoribus
903 2458 937 2522 in
955 2469 1054 2524 rostra

145 2553 203 2632 dit,
231 2575 334 2638 neque
352 2554 431 2618 duos
450 2554 618 2618 dictatores
637 2563 777 2638 tempore
795 2574 873 2630 uno,
901 2555 989 2637 quod
1010 2574 1063 2617 nur

111 2668 126 2715 a
145 2659 237 2714 antea
255 2648 375 2712 sactum
394 2657 491 2726 esset,
519 2647 652 2733 probare
672 2669 706 2712 se
728 2646 808 2712 dixit
823 2668 927 2731 neque
945 2648 1063 2712 dictator

145 2741 213 2806 sine
230 2742 382 2827 magistro
401 2742 541 2825 equitum
559 2763 618 2807 nec
636 2740 811 2807 censoriam
829 2741 894 2806 vim
911 2742 967 2806 uui
984 2756 1063 2829 perm

145 2844 177 2900 et
203 2835 305 2899 eidem
331 2835 458 2912 iterum,
489 2857 549 2901 nec
576 2836 718 2901 dictatori
744 2836 805 2902 nisi
830 2836 876 2901 rei
902 2838 1057 2924 gerendae

110 2938 250 2995 aereae
267 2929 301 2994 in
320 2950 376 2994 sex
394 2950 519 2995 menses
538 2930 647 2995 datum
669 2931 844 3017 imperium.
889 2952 971 3016 quae
989 2933 1063 2995 inm<

100 3038 113 3069 'r
144 3023 226 3102 fors,
253 3031 378 3109 tempus
396 3044 434 3088 ao
450 3025 623 3090 necessitas
642 3024 766 3102 fecerit,
793 3025 843 3089 his
863 3047 897 3090 se
915 3024 1063 3091 modum:

39 3151 40 3154 ¹
146 3130 260 3184 turum.
305 3139 379 3183 nam
406 3138 508 3203 neque
536 3129 648 3186 senatu
675 3140 866 3205 quemquam
889 3131 1047 3185 moturum

146 3236 227 3299 quos
248 3210 286 3280 Ο.
305 3213 495 3292 Flaminius,
521 3214 563 3278 L.
583 3212 740 3279 Aemilius
759 3236 905 3279 censores
924 3215 958 3279 in
977 3225 1063 3280 senat

110 3309 279 3395 egissent,
312 3308 477 3374 transcribi
503 3317 625 3374 tantum
646 3309 831 3394 recitarique
854 3330 908 3374 eos
936 3309 1062 3375 iussuru

145 3423 242 3488 penes
261 3423 359 3467 unum
381 3402 540 3468 hominem
562 3402 713 3468 iudicium
735 3402 961 3487 arbitriumque
984 3404 1063 3469 deit

146 3495 286 3562 moribus
314 3497 477 3563 senatoriis
504 3497 612 3576 fuerit,
641 3509 671 3564 et
697 3499 741 3563 ita
762 3498 794 3563 in
817 3499 1052 3565 demortuorum

147 3590 379 3671 subiecturum,
407 3603 442 3658 ut
459 3592 536 3658 ordo
554 3592 668 3671 ordini,
691 3615 754 3658 non
771 3593 867 3659 homo
885 3593 1007 3658 homiui
1023 3615 1063 3680 pn

111 3687 311 3753 svideretur.
356 3687 486 3752 recitato
509 3696 614 3753 vetere
638 3698 750 3753 senatu
771 3688 844 3752 inde
866 3687 985 3774 primos
1009 3688 1063 3753 in«

145 3791 271 3847 tuorum
288 3781 393 3846 locum
410 3781 501 3868 legit,
520 3782 575 3867 qui
591 3793 663 3868 post
676 3784 718 3848 L.
728 3781 916 3860 Aemilium,
936 3781 975 3849 O.
990 3781 1063 3848 Flar

146 3895 291 3941 censores
319 3876 459 3942 curulem
485 3877 705 3963 magistratum
732 3878 889 3964 cepissent
915 3878 1056 3944 necdum

144 3977 255 4034 natum
281 3970 353 4035 lecti
380 3980 500 4049 essent,
527 3987 562 4036 ut
589 3972 722 4057 quisque
746 3994 854 4038 eorum
878 3970 1039 4059 (senatus)
