2528 4514
354 232 474 289 nunu
490 232 590 301 xm,
608 235 650 290 ro.
664 233 707 290 11.
725 237 764 303 [a
776 231 879 306 cau]
1093 217 1138 287 65

77 382 82 461 ζ
102 412 159 463 ter
174 391 310 461 atbrlefit
329 412 372 457 ex
386 391 493 469 suillo,
512 391 622 470 ovillo,
641 392 782 479 caprino,
801 390 919 458 bovillo
932 411 1029 480 grege
1042 413 1141 478 quae-

77 492 80 563 ἷ
110 510 172 575 quo
185 486 312 575 profm
329 494 436 563 erunt,
458 484 531 551 Iovi
547 485 616 550 fleri
633 507 674 551 ax
690 507 754 571 qua
772 484 823 551 die
840 493 969 552 senatus
986 487 1139 574 populus-

77 566 83 645 l
116 604 172 669 qna
184 580 315 647 mssefit
362 578 418 664 qui
434 578 543 658 faciet,
566 580 693 665 quando
710 578 796 645 volet
812 600 938 664 quaque
953 578 1026 666 lege
1043 579 1174 659 voleus

116 674 211 743 tacito:
229 696 297 761 quo
314 673 412 740 modo
429 672 524 752 faxit,
542 673 642 760 probe
659 673 779 739 factum
796 682 875 740 esto.
911 673 940 739 si
956 673 990 738 id
1007 674 1139 740 moritur
1157 694 1173 742 5

92 802 95 813 ·
113 768 187 857 qnod
200 768 271 835 lieri
288 766 461 855 oportebit,
479 767 648 855 profanum
666 777 734 833 esto
751 789 855 852 nequo
873 767 978 834 soelm
995 777 1074 834 esto.
1110 768 1139 835 si

112 864 171 951 gris
194 870 323 949 rumpet
349 861 512 929 occidetve
537 862 689 940 insciens,
716 883 757 928 ne
781 861 869 927 fratis
893 869 972 928 esto.
1017 860 1138 947 siquis

114 958 224 1047 depsit,
246 978 291 1023 ne
307 956 428 1044 populo
446 956 550 1023 scelus
573 965 641 1022 esto
663 978 743 1023 neve
766 955 819 1022 oui
839 955 978 1044 cleptum
999 956 1067 1024 erit
1111 958 1173 1024 sis

77 1114 80 1121 .
113 1062 170 1119 atro
184 1052 236 1121 dia
252 1051 338 1118 faxit
354 1051 508 1130 insciens,
530 1051 629 1138 probe
645 1050 765 1117 factum
783 1058 862 1117 esto.
907 1051 936 1117 si
955 1061 1048 1119 nocte
1071 1051 1139 1118 sive

115 1144 189 1225 lonc,
211 1146 240 1214 si
265 1167 381 1213 servus
408 1145 476 1212 sive
500 1144 581 1212 liber
605 1145 699 1224 faxit,
726 1142 825 1231 probe
846 1143 967 1211 sactum
989 1153 1067 1212 esto.
1112 1146 1140 1212 si

120 1240 228 1307 usta
250 1249 386 1307 senatus
411 1240 612 1327 populusque
637 1240 765 1305 iusserit
789 1239 857 1306 fieri
882 1260 920 1304 ao
945 1238 1073 1318 faxitur,
1101 1261 1139 1306 eo

120 1333 235 1423 populus
246 1334 387 1415 solutus,
400 1333 481 1400 hber
493 1334 581 1401 esto!
612 1334 753 1400 eiusdem
771 1334 817 1399 rei
834 1356 931 1400 causa
947 1333 1015 1398 ludi
1031 1334 1140 1421 magni
1159 1352 1175 1401 7

96 1430 100 1453 ²
121 1428 177 1495 toti
188 1429 264 1496 aeris
284 1429 434 1495 nocentis
452 1429 581 1517 triginta
594 1429 694 1496 tribus
708 1428 835 1495 milibus
849 1429 997 1494 uocantis
1011 1427 1140 1516 triginta

120 1520 202 1591 ὡκ
215 1525 348 1603 triente,
370 1533 532 1611 praeterea
548 1522 653 1590 bubus
670 1523 743 1590 Iovi
759 1523 921 1604 trecentis,
943 1523 1051 1590 multis
1069 1523 1138 1591 aliis

116 1614 184 1685 ffiu's
198 1616 308 1687 bubus
326 1616 408 1685 albis
426 1627 521 1703 atque
539 1619 650 1685 ceteris
668 1619 789 1686 hostiis.
834 1618 915 1685 votis
937 1619 996 1685 rite
1017 1641 1140 1685 nuncu·
1157 1634 1174 1684 8

114 1710 183 1799 ptis
207 1711 401 1800 supplicatio
428 1711 544 1792 edicta3
576 1712 850 1799 supplicatumque
874 1711 940 1779 iere
966 1735 1039 1778 oum
1065 1736 1140 1780 oon-

114 1804 229 1895 hgibus
260 1828 301 1873 ac
330 1804 439 1872 liberis
470 1829 535 1872 non
565 1806 686 1873 urbana
715 1806 883 1873 multitudo
909 1816 1046 1887 tantum,
1083 1809 1139 1874 sed

112 1901 278 1989 egrestium
299 1900 397 1967 ctiam
419 1922 499 1986 quos
520 1901 555 1967 in
576 1901 682 1986 aliqua
700 1924 758 1967 sua
774 1902 902 1968 fortuna
917 1901 1046 1989 publica
1062 1925 1140 1988 quo-

100 1993 631 2157 ¹*hubitrllbllliboeglrllllliricslliberolli-ln
650 1994 1141 2177 oltlllllttillrllumsellerpulnillllarulla
1159 2016 1173 2063 9

120 2180 327 2269 inconspectu
344 2183 487 2249 fuerunt:
508 2184 581 2250 Iovi
597 2206 634 2250 ao
647 2183 762 2250 Iunoni
778 2207 891 2262 unum,
910 2184 1044 2250 alterum
1055 2185 1142 2271 Nep-

123 2282 195 2343 uno
221 2296 257 2343 ao
276 2276 456 2358 Minervae,
488 2279 614 2345 tertium
638 2278 737 2344 Marti
767 2300 805 2344 ac
831 2277 962 2357 Veneri,
994 2288 1140 2363 quartum

122 2366 253 2457 Apollini
266 2394 300 2439 ac
314 2372 460 2453 Dianae,
479 2374 624 2459 quintum
641 2373 786 2440 Vulcano
805 2394 843 2438 ac
860 2370 993 2450 Vestae,
1014 2382 1139 2438 sextum

121 2458 265 2533 Materte
281 2477 313 2534 et
333 2465 453 2533 Cereri.
496 2479 564 2532 tum
587 2468 681 2535 aedes
699 2476 801 2534 votae.
846 2464 965 2532 Veneri
981 2466 1139 2532 Erucinae
1160 2485 1192 2533 10

77 2576 85 2615 ἰ
118 2556 218 2627 oedem
238 2558 281 2646 Q.
301 2559 426 2628 Fabius
448 2561 612 2629 Maximus
638 2563 772 2629 dictator
797 2560 899 2639 vovit,
930 2558 1006 2645 quia
1030 2560 1075 2625 ita
1100 2582 1141 2626 ex

85 2736 90 2743 ,
121 2648 252 2723 &talibus
268 2654 360 2723 libris
379 2656 498 2723 editum
511 2667 591 2736 erat,
611 2657 688 2722 ntis
701 2666 843 2735 voveret,
862 2655 952 2722 cuius
965 2655 1141 2721 maximum

125 2742 271 2833 hpuium
301 2750 339 2815 in
364 2751 489 2819 civitate
516 2763 614 2831 esset;
645 2750 748 2818 Menti
775 2752 887 2818 aedem
913 2750 953 2817 Τ.
983 2748 1139 2817 Otacilius

242 2845 344 2912 vovit.

130 2851 233 3009 Ἦ
275 2938 329 3004 Ita
345 2939 440 3006 rebus
458 2941 573 3008 divinis
590 2940 725 3028 peractis
743 2950 811 3005 tum
828 2940 869 3006 de
886 2939 969 3007 bello
986 2961 1082 3025 reque
1100 2942 1140 3008 de
1160 2963 1173 3008 1

84 3112 95 3123 υ
129 3026 234 3111 pllio
253 3033 390 3100 dictator
409 3035 541 3114 rettulit,
565 3035 680 3122 quibus
698 3044 815 3119 quotve
831 3033 1011 3122 legionibus
1028 3034 1141 3101 victori

88 3128 92 3147 ²
129 3114 194 3191 lat
214 3126 342 3195 obviam
369 3130 506 3196 eundum
532 3152 603 3197 esse
624 3140 729 3217 patres
752 3138 925 3196 censerent
969 3130 1138 3208 decretum,
1158 3147 1173 3195 2

129 3216 203 3287 stab
219 3220 280 3289 Cn.
300 3219 436 3291 Servilio
454 3225 584 3292 consule
602 3225 774 3292 exercitum
795 3224 964 3309 acciperet,
989 3223 1140 3290 scriberet

129 3323 268 3395 mamea
288 3339 331 3384 ex
352 3317 474 3385 civibus
493 3320 649 3405 sociisque
667 3329 821 3405 quantum
838 3318 979 3404 equitum
997 3338 1035 3384 ao
1051 3317 1140 3404 pedi-

79 3490 84 3495 ,
128 3408 179 3473 lum
196 3411 370 3490 videretur,
402 3422 507 3479 cetera
531 3414 637 3480 omnia
662 3423 770 3502 ageret
796 3413 975 3496 faceretque
1001 3420 1038 3477 ut
1063 3434 1080 3477 e
1106 3434 1140 3477 re

77 3512 85 3549 ’-
123 3499 232 3581 rubbes
254 3505 394 3572 duceret.
438 3505 558 3573 Fabius
576 3509 656 3575 duas
673 3508 815 3596 legiones
834 3529 868 3572 se
886 3506 1082 3572 adiecturum
1099 3505 1174 3571 ads

120 3586 319 3667 Serviliam
336 3601 508 3667 exercitum
526 3602 614 3669 dixit.
658 3602 697 3669 iis
719 3625 777 3690 per
794 3602 982 3689 magistrum
999 3599 1140 3684 equitum

114 3691 226 3783 tuiptis
250 3694 355 3763 Tibur
380 3695 465 3763 diem
491 3697 534 3764 ad
558 3697 809 3765 conveniendum
835 3694 946 3774 edixit,
975 3693 1176 3778 edictoques

106 3790 279 3877 proposito,
307 3800 344 3856 ut
365 3790 479 3875 quibus
503 3792 620 3880 oppida
640 3792 830 3878 castellaque
851 3790 1006 3856 inmunita
1023 3797 1139 3868 essent,

98 3892 132 3951 ut
149 3884 175 3953 ii
198 3884 451 3972 commigrarent
470 3885 504 3951 in
525 3886 595 3953 loca
616 3896 697 3965 tuta,
725 3908 765 3952 ex
786 3885 871 3973 agris
894 3905 1020 3970 quoque
1042 3883 1141 3948 demi-

91 3989 226 4069 grarent
251 3978 357 4045 omnis
378 3979 517 4066 regionis
541 3981 624 4059 eius,
652 4003 715 4066 qua
736 3980 837 4046 iturus
859 3977 1023 4046 Hannibal
1044 3986 1139 4054 esset,

139 4080 298 4128 ress-uu.
951 4079 968 4133 5
