2528 4514
263 256 379 311 nmnu
397 256 498 326 xxx,
517 257 557 312 aa
570 258 611 312 aa
632 261 669 326 [a.
681 257 784 328 caca]
981 249 1043 315 511

95 413 240 480 homines
267 437 395 500 passos,
422 414 587 500 perfusum
613 415 737 481 miliens
760 437 870 482 cruore
887 417 1046 499 Romane,

95 510 145 574 'ias
164 532 229 573 nou
247 509 381 574 militum
399 520 535 587 tantum,
555 510 612 574 sed
630 510 725 575 etiam
742 510 955 597 inperatorum
972 538 1046 602 por-

95 628 142 668 un.
187 603 304 668 multos
332 625 518 697 occursuros
542 603 685 690 Scipioni
709 604 743 668 in
765 606 846 684 acie,
873 607 927 691 qui
952 630 1080 695 prae-o

95 723 113 775 1,
136 698 191 783 qui
208 697 429 784 imperatores,
453 699 507 782 qui
525 699 671 764 consules
689 698 854 767 Romanos
873 725 931 768 sua
948 727 1045 770 manu

95 793 220 870 lissent,
256 793 429 858 muralibus
462 792 696 878 vallaribusque
731 794 873 882 insignes
909 799 1043 877 coronis,

95 898 204 973 agatos
233 899 326 973 capta
352 899 469 965 castra,
497 899 605 974 captas
632 889 727 955 urbes
754 890 928 957 Romanas.
981 915 1078 960 nont

104 982 197 1047 hodie
216 991 263 1047 tot
280 983 384 1047 fasces
400 983 640 1068 magistratibus
662 985 772 1071 populi
789 984 940 1064 Romani,
968 1000 1046 1070 quot

95 1100 123 1142 >s
142 1100 182 1141 ex
201 1078 297 1141 caede
315 1077 540 1163 imperatorum
561 1080 721 1164 praeferre
742 1091 853 1167 posset
869 1081 1043 1146 Hannibal.

95 1170 275 1236 formidines
294 1172 443 1257 agitando
462 1172 574 1237 animis
593 1173 654 1258 ipsi
673 1195 764 1239 ouras
784 1185 816 1240 et
829 1187 931 1240 metus
946 1198 1044 1262 auge·
1062 1196 1080 1243 8
1126 1200 1128 1204 ’
1216 1180 1219 1185 ’

95 1291 103 1342 ;
143 1265 240 1329 etiam
266 1266 364 1349 quod,
397 1287 469 1330 oum
495 1267 683 1333 adsuessent
713 1290 771 1355 per
797 1269 915 1353 aliquot
941 1293 1042 1335 annos

95 1383 131 1423 rm
158 1370 231 1424 ante
258 1360 366 1426 oculos
394 1361 463 1425 aliis
490 1371 584 1445 atque
611 1363 680 1428 aliis
706 1363 740 1427 in
761 1363 874 1429 Italiae
899 1364 1042 1451 partibus

95 1488 99 1518 .
117 1477 174 1540 spe
192 1455 226 1518 in
243 1455 363 1519 nullum
380 1456 594 1542 propinquum
612 1458 790 1523 debellandi
808 1459 903 1523 finem
922 1482 1042 1546 gerere,

95 1561 178 1614 erant
200 1549 340 1614 omnium
362 1550 483 1615 animos
508 1549 615 1637 Scipio
639 1562 671 1616 et
688 1553 866 1630 Hannibal,
893 1552 980 1618 velut
1001 1553 1043 1617 ad

95 1667 196 1709 smum
215 1656 374 1710 certamen
392 1646 564 1731 comparati
583 1647 690 1711 duces.
726 1647 756 1711 ei
773 1668 908 1731 quoque,
927 1647 1041 1731 quibus
1061 1666 1077 1713 9

104 1739 218 1824 ingens
245 1739 279 1804 in
301 1737 451 1825 Scipione
477 1740 593 1804 fiducia
618 1753 650 1806 et
677 1740 826 1807 victoriae
854 1765 942 1828 spes,
978 1764 1041 1826 quo

95 1857 113 1899 s
135 1834 169 1897 in
190 1833 399 1920 propinquam
422 1857 492 1900 eam
513 1834 720 1901 imminebant
737 1836 865 1916 animis,
892 1859 930 1903 eo
948 1858 1042 1902 curae

95 1929 313 1995 tintentioris.
359 1931 444 1995 haud
471 1931 578 2017 dispar
604 1931 731 1998 babitus
759 1933 935 1999 animorum
961 1929 1042 1999 Car·
1061 1953 1096 2000 10

95 2023 263 2089 iniensibus
283 2037 363 2103 erat,
391 2047 470 2109 quos
488 2026 583 2090 modo
602 2027 720 2112 petisse
738 2050 865 2114 pacem,
891 2028 1042 2095 intuentis

95 2118 226 2183 nibalem
245 2140 282 2184 ac
299 2141 406 2183 rerum
423 2130 584 2205 gestarum
602 2121 670 2185 eius
688 2122 948 2207 magnitudinem,
966 2145 1044 2210 pae-

95 2224 145 2291 at,
163 2214 273 2291 modo,
297 2235 369 2278 cum
385 2215 580 2300 respicerent
596 2214 645 2278 bis
665 2237 736 2279 sese
754 2216 821 2280 acie
839 2216 954 2294 victos,
979 2214 1042 2299 Sy·
1060 2237 1091 2282 11

95 2331 146 2372 em
163 2320 304 2394 captum,
323 2309 433 2395 pulsos
452 2331 486 2374 se
504 2309 677 2394 Hispania,
695 2308 805 2394 pulsos
823 2309 927 2387 Italia,
946 2321 1040 2393 atque

95 2402 174 2468 mnia
194 2403 287 2468 unius
306 2404 420 2468 virtute
443 2415 475 2468 et
496 2404 627 2469 consilio
647 2400 805 2490 Scipionis
828 2404 926 2481 facta,
953 2404 1041 2469 velut

95 2520 139 2562 em
158 2520 231 2561 eum
250 2499 363 2562 ducem
380 2499 413 2561 in
432 2498 562 2562 exitium
580 2521 673 2563 suum
690 2508 800 2562 natum
817 2498 997 2564 horrebant.

95 2592 263 2660 [XVIIII.
290 2594 361 2658 Iam
370 2593 604 2659 Hadrumetum
618 2605 748 2658 venerat
756 2592 929 2671 Hannibal,
943 2593 1038 2670 unde,
1059 2614 1072 2660 1

95 2688 272 2752 eliciendum
290 2712 330 2753 ex
347 2689 514 2755 iactatione
533 2689 689 2755 maritima
701 2688 832 2754 militem
849 2689 959 2775 paucis
974 2689 1041 2754 die-

95 2782 238 2868 sumptis,
261 2784 382 2848 excitus
400 2783 525 2870 pavidis
543 2783 660 2848 nuntiis
679 2783 785 2850 omnia
803 2783 886 2849 circa
904 2782 1040 2850 Cartha·

95 2901 116 2941 n
153 2878 286 2942 obtineri
322 2879 416 2944 armis
452 2879 679 2956 adferentium,
715 2879 840 2967 magnis
875 2879 1040 2945 itineribus

95 2996 144 3037 am
162 2973 332 3038 contendit.
377 2972 478 3038 Zama
495 2973 632 3059 quinque
651 2975 774 3040 dierum
791 2975 851 3040 iter
868 2998 887 3039 a
906 2973 1074 3041 Cartha-a

110 3068 212 3132 abest.
255 3068 328 3132 inde
355 3069 521 3154 praemissi
544 3070 758 3155 speculatores
781 3091 854 3132 cum
875 3069 1000 3154 excepti
1022 3093 1041 3132 a

95 3162 195 3226 dibus
212 3162 367 3228 Romanis
386 3163 513 3228 deducti
531 3165 571 3228 ad
590 3162 773 3248 Scipionem
795 3173 916 3239 essent,
944 3162 1041 3226 tradi·

95 3279 143 3322 sos
169 3256 302 3322 tribunis
329 3257 463 3322 militum
489 3259 656 3341 iussosque
683 3256 801 3321 omisso
826 3267 914 3320 metu
936 3255 1039 3320 visere

96 3375 114 3415 a
141 3373 198 3437 per
226 3363 343 3430 castra,
378 3375 441 3436 qua
467 3353 597 3430 vellent,
633 3350 824 3416 circumduci
849 3349 942 3415 iussit
968 3369 1074 3435 per-a

95 3456 253 3528 tutusque,
283 3447 364 3511 satin
386 3469 443 3533 per
465 3447 666 3513 commodum
687 3444 792 3510 omnia
809 3443 1037 3529 explorassent,

118 3540 174 3624 qui
200 3552 465 3625 prosequerentur
491 3551 574 3606 retro
602 3543 643 3606 ad
668 3539 882 3605 Hannibalem
910 3539 1038 3603 dimisit.

95 3635 173 3701 ribal
195 3635 274 3700 nihil
296 3637 424 3720 quidem
445 3660 555 3702 eorum
577 3659 658 3721 quae
679 3635 904 3700 nuntiabantur
921 3670 947 3682 —
964 3654 1075 3699 nam4

95 3730 267 3796 asinissam
284 3754 357 3796 cum
376 3755 433 3797 sex
450 3731 577 3798 milibus
600 3733 755 3819 peditum,
784 3739 930 3815 quattuor
952 3730 1039 3812 equi-

100 3826 230 3891 venisse
253 3849 291 3892 eo
312 3827 383 3913 ipso
406 3829 487 3893 forte
510 3827 560 3892 die
584 3827 768 3892 adferebant
784 3861 811 3870 —
827 3824 911 3889 laeto
933 3823 1039 3889 animo

95 3971 105 3999 ‚
136 3921 274 3986 maxime
297 3922 418 3987 scilicet
443 3921 543 3987 hostis
569 3921 685 3986 fiducia
704 3916 942 4007 [audacia]que,
973 3940 1038 3984 non

95 4014 164 4080 hilo
182 4015 326 4101 profecto
344 4028 506 4102 concepta,
524 4038 695 4103 percussus
713 4027 772 4080 est.
807 4013 913 4097 itaque
927 4035 1037 4098 quam·
1055 4033 1073 4080 5
