2528 4514
138 230 203 299 448
364 236 481 293 crena
498 233 656 304 xxvnn,
674 233 699 289 e.
714 232 739 286 r.
760 231 834 303 [ae
846 247 870 287 e.
882 230 942 302 cea]

139 398 392 487 composuissent
413 395 581 480 signaque,
608 412 689 475 quae
709 390 822 476 procul
848 389 933 455 edita
954 388 1060 457 observa

139 496 202 583 ipsi
223 493 265 560 ad
288 489 469 577 Scipionem
493 485 669 575 Syracusas
692 484 840 570 profecti,
868 484 952 570 apud
973 505 1060 569 quen]

141 589 270 656 exulum
301 593 381 662 erat,
415 582 587 647 referentes
616 579 662 644 ibi
691 579 849 664 promisso
879 579 1060 666 captivom

106 703 122 749 s
142 705 231 770 spem
253 679 294 746 ab
317 678 432 743 effectu
453 676 539 741 haud
556 673 776 740 abhorrentem
794 673 917 741 conscili
933 674 1058 749 fecissent,

141 776 219 843 buni
244 773 379 839 militum
405 793 478 836 cum
499 769 538 834 iis
560 767 608 833 M.
629 766 761 854 Sergius
784 777 816 833 et
837 767 877 834 P.
900 766 1060 835 Matienus

141 870 283 953 iussique
309 865 349 932 ab
371 865 474 953 Regio
495 865 555 929 tria
576 863 663 928 milia
684 863 819 928 militum
841 863 963 929 Locros
983 862 1060 927 ducere

143 961 182 1048 Q.
196 960 351 1027 Pleminio
368 958 562 1045 propraetori
579 957 744 1043 scriptum,
763 967 798 1022 ut
814 958 862 1023 rei
879 956 1009 1046 agendae
1021 953 1060 1019 ade

93 1081 125 1130 1ο
143 1057 277 1145 profecti
305 1055 345 1121 ab
372 1053 488 1140 Regio,
521 1052 622 1118 scalas
649 1052 691 1117 ad
716 1052 834 1118 editam
866 1052 1060 1118 altitudinemt

143 1151 312 1219 fabricatas
330 1158 505 1235 portantes,
523 1147 628 1213 media
645 1147 745 1212 ferme
762 1157 855 1213 nocte
873 1170 915 1215 ex
932 1171 968 1214 eo
982 1147 1060 1222 loco,1

93 1269 123 1316 11
143 1254 344 1323 convenerat,
367 1243 493 1330 signum
510 1242 624 1308 dedere
642 1242 853 1329 proditoribus
875 1243 968 1321 arcis3
991 1240 1060 1326 quiq

142 1340 316 1424 intentique
339 1347 370 1403 et
391 1337 453 1423 ipsi
471 1337 572 1402 scalas
591 1336 632 1402 ad
649 1336 683 1401 id
698 1337 804 1422 ipsum
820 1336 922 1403 factos
941 1359 1003 1402 cum
1016 1335 1060 1398 den

144 1446 215 1502 sent
226 1433 433 1521 pluribusque
446 1432 541 1499 simul
553 1432 631 1498 locis
647 1432 833 1497 scandentes
849 1433 1032 1518 accepissent,
1044 1448 1060 1512 pt

144 1552 240 1615 quam
258 1528 375 1594 clamor
396 1536 544 1605 oreretur,
571 1527 604 1591 in
625 1527 738 1614 vigiles
755 1525 949 1605 Poenorum,
974 1524 1060 1591 utini

94 1644 126 1692 12
144 1624 200 1690 tali
220 1633 307 1688 metu
329 1622 462 1709 sopitos,
488 1621 624 1707 impetus
647 1632 696 1686 est
717 1620 830 1687 factus.
877 1643 1001 1706 quorum
1020 1636 1060 1704 geo

144 1718 246 1805 primo
268 1716 468 1782 morientium
490 1715 670 1795 exauditus,
695 1716 768 1781 dein
786 1714 892 1781 subita
908 1707 1060 1782 consternati

145 1834 257 1879 somno
275 1822 307 1876 et
323 1811 489 1888 tumultus,
509 1832 582 1877 cum
600 1832 696 1877 causa
712 1810 918 1897 ignoraretur,
936 1819 1060 1896 postremo

95 1928 127 1976 13
145 1907 205 1972 tior
226 1928 277 1971 res
299 1905 369 1970 aliis
392 1903 599 1970 excitantibus
620 1904 709 1971 alios.
743 1904 870 1989 iamque
893 1905 934 1971 ad
955 1918 1060 1982 mmapt

145 2001 279 2086 quisque
305 1998 452 2065 vocabat:
488 1998 588 2065 bostis
619 1999 653 2063 in
678 2021 751 2065 arce
777 2021 849 2065 esse
875 2009 907 2066 et
933 1991 1060 2075 caeditis

145 2094 349 2182 oppressique
371 2093 474 2158 forent
491 2094 627 2160 Romani
648 2115 847 2179 nequaquam
864 2115 989 2160 numero
1003 2107 1060 2177 pare

145 2190 263 2256 clamor
284 2188 325 2254 ab
346 2188 385 2254 iis
408 2189 462 2273 qui
484 2198 572 2253 extra
598 2210 701 2253 arcem
728 2198 815 2253 erant
842 2188 982 2254 sublatus
1003 2188 1060 2250 incer

144 2285 228 2349 unde
250 2284 429 2360 accidisset,
460 2283 564 2347 omnia
586 2306 668 2349 vana
689 2293 824 2369 augente
850 2294 997 2350 nocturno
1018 2290 1060 2342 tum

95 2402 127 2447 11
145 2379 281 2445 fecisset.
312 2379 418 2461 itaque
431 2376 517 2441 velut
529 2376 623 2462 plena
639 2377 703 2442 iarn
720 2378 858 2443 hostium
877 2400 948 2444 arce
965 2364 1060 2442 territil

145 2475 262 2539 omisso
288 2471 456 2538 certamine
482 2471 514 2534 in
541 2470 670 2536 alteram
696 2494 800 2537 arcem
825 2509 852 2519 -
879 2474 960 2538 duae
983 2475 1041 2536 sunt

95 2590 127 2636 15
145 2567 278 2634 multum
295 2567 375 2632 inter
393 2588 427 2631 se
444 2565 596 2629 distantes
613 2603 640 2612 —
657 2567 852 2653 confugiunt.
900 2562 1060 2653 oppidania

143 2661 302 2728 habebant
320 2658 488 2726 victoribus
507 2660 681 2744 praemium
698 2661 730 2725 in
748 2661 852 2726 medio
869 2662 1009 2747 positam.
1031 2673 1057 2718 ex

95 2778 126 2825 16
145 2757 205 2823 bus
223 2756 346 2822 duabus
363 2756 491 2842 proeliis
510 2756 623 2821 cotidie
641 2756 764 2822 levibus
782 2757 968 2824 certabatur.
1002 2746 1059 2836 QP

144 2851 217 2916 nius
229 2850 388 2928 Romano,
407 2849 570 2916 Hamilcar
583 2850 704 2917 Punico
721 2852 878 2937 praesidio
897 2861 1060 2940 praeerant

95 2967 125 3013 11
146 2954 250 3010 sentes
269 2967 309 3010 ex
326 2946 509 3031 propinquis
527 2945 605 3011 locis
624 2945 765 3012 subsidia
787 2948 894 3032 copias
914 2947 1058 3035 augebant·

143 3051 303 3127 postremo
325 3041 471 3107 veniebat
492 3040 667 3120 Hannibal,
695 3065 754 3108 neo
784 3045 1005 3110 sustinuissent
1023 3041 1059 3106 Rc

143 3136 205 3203 nisi
230 3137 440 3202 Locrensium
465 3137 646 3215 multitudo,
683 3137 870 3204 exacerbata
902 3138 1040 3225 superbia

145 3231 275 3296 avaritia
291 3230 485 3309 Poenorum,
504 3231 545 3296 ad
562 3230 723 3298 Romanos
741 3233 934 3300 inclinasset.

110 3343 123 3390 1
207 3324 284 3390 VII.
322 3324 463 3411 Scipioni
480 3336 515 3390 ut
531 3327 708 3392 nuntiatum
725 3337 787 3405 est,
806 3329 840 3392 in
858 3329 976 3395 maiore
993 3328 1060 3393 discr

109 3419 257 3484 aLocris
287 3443 353 3485 rem
380 3421 459 3484 verti
484 3420 650 3506 ipsumque
678 3422 893 3489 Hannibalem
920 3426 1060 3490 adventat

142 3513 298 3597 praesidio
321 3514 415 3579 etiam
436 3515 662 3599 periclitaretur
682 3517 767 3582 baud
785 3517 871 3582 facili
888 3518 963 3584 inde
980 3538 1060 3602 recep

142 3608 211 3692 ipse
230 3631 249 3672 a
266 3607 419 3674 Messana
430 3609 472 3674 L.
489 3607 637 3696 Scipione
656 3611 751 3678 fratre
769 3613 803 3677 in
820 3614 978 3699 praesidio
996 3612 1038 3678 ibi
1053 3634 1060 3675 1

143 3702 372 3788 cumprimum
395 3714 484 3768 aestu
506 3704 621 3769 fretum
645 3706 873 3785 inclinatumst,
901 3731 997 3774 naves
1020 3729 1060 3772 ms

108 3816 124 3862 e
143 3796 246 3861 cundo
269 3797 362 3862 misit.
407 3797 569 3865 Hannibal
592 3824 611 3864 a
628 3799 744 3866 Buloto
771 3805 856 3868 amni
874 3841 900 3850 -
917 3803 1004 3868 haud
1021 3826 1060 3888 prr

143 3889 182 3953 ab
209 3889 286 3956 urbe
312 3892 425 3958 Locris
453 3892 591 3958 abest-
612 3896 721 3961 nuntio
750 3899 940 3981 praemisso,
968 3908 1005 3961 ut
1030 3921 1060 3963 su

141 3982 243 4066 primo
265 4005 389 4053 summa
410 3988 442 4052 vi
463 3989 616 4074 proelium
639 4012 711 4055 cum
729 3990 882 4059 Romanis
902 4015 939 4058 ac
955 3992 1060 4059 Locre
