2528 4514
345 253 464 310 LIBER
481 255 578 326 xxx,
597 254 639 309 36.
649 255 691 310 37.
712 258 752 325 [a.
762 253 864 327 cac]
1051 244 1115 312 521

118 422 268 500 iquorem
298 421 332 479 et
360 410 467 500 ipsum
499 410 681 500 Scipionem
711 412 887 500 expectatio
923 416 1115 481 successoris
1135 437 1166 487 11
1260 428 1263 433 '

115 506 211 573 venturi
227 505 270 572 ad
286 518 430 594 paratam
447 505 575 574 alterius
593 507 702 574 labore
725 530 763 573 ac
783 507 923 595 periculo
944 509 1025 574 finiti
1041 510 1117 575 belli

110 596 204 667 finam
222 599 420 678 sollicitaret,
440 601 481 665 ad
497 623 610 688 pacem
627 602 767 668 omnium
785 601 881 667 animi
899 603 984 670 versi
1002 616 1084 670 sunt

150 694 341 764 XXXVII.
376 696 513 762 Postero
526 695 576 761 die
590 696 746 763 revocatis
760 695 873 784 legatis
887 709 1005 764 etcum
1017 699 1117 764 multa
1135 719 1149 769 1

105 790 295 880 asdgatione
313 791 464 877 perfidiae
481 790 624 870 monitis,
650 802 686 857 ut
703 802 750 857 tot
767 792 908 859 cladibus
928 794 1031 860 edocti
1048 806 1118 860 tan-

103 880 157 952 dem
181 887 264 952 deos
291 896 324 950 et
348 883 398 950 ius
424 885 592 950 iurandum
618 908 690 952 esse
712 886 888 964 crederent,
916 889 1116 955 condiciones

102 980 171 1064 paris
194 979 317 1057 dictae,
344 988 380 1043 ut
401 979 492 1045 liberi
513 981 638 1067 legibus
662 980 728 1045 suis
747 979 904 1045 viverent:
932 1002 1010 1065 quas
1028 983 1115 1049 urbis
1135 1002 1151 1050 2

98 1090 228 1160 quosque
252 1096 348 1160 agros
371 1073 548 1160 quibusque
570 1075 685 1140 linibus
709 1085 781 1140 ante
803 1075 922 1140 bellum
940 1075 1116 1142 tenuissent

95 1172 228 1235 tuerent
254 1167 491 1254 populandique
521 1167 618 1233 finem
648 1191 686 1234 eo
718 1168 768 1233 die
794 1167 959 1234 Romanus
986 1168 1115 1236 faceret.

95 1263 235 1351 ¹terfugas
263 1260 479 1347 fugitivosque
506 1275 538 1328 et
562 1260 833 1350 captivos'omnis
860 1262 1029 1328 redderent
1048 1264 1150 1333 Ito-a

95 1357 185 1423 nanis
202 1367 238 1422 et
255 1377 354 1421 naves
371 1368 524 1423 rostratas
537 1369 662 1445 praeter
675 1359 785 1424 decem
799 1359 941 1423 triremes
957 1359 1119 1425 traderent

95 1451 336 1540 lephantosque
362 1471 441 1537 quos
468 1452 622 1517 haberent
649 1452 800 1530 domitos,
827 1475 930 1536 neque
952 1453 1118 1519 domarent

95 1545 176 1624 lios3
203 1544 327 1610 bellum
343 1567 423 1610 neve
441 1546 474 1610 in
491 1545 605 1612 Africa
625 1569 706 1611 neve
724 1558 813 1611 extra
830 1546 976 1612 Africam
991 1547 1116 1613 iniussu
1134 1568 1152 1614 4

95 1639 191 1728 opuli
213 1639 353 1705 Romani
379 1651 539 1726 gererent3
566 1640 759 1705 Masinissae
785 1663 836 1705 res
860 1640 1029 1707 redderent
1049 1643 1117 1707 foe-

95 1735 207 1819 lusque
230 1754 304 1798 cum
326 1755 365 1799 eo
386 1734 540 1812 facerent3
567 1733 760 1798 frumentum
783 1735 1037 1821 stipendiumque
1059 1757 1152 1804 aru-o

95 1827 182 1906 iliis,
209 1826 314 1893 donec
339 1827 381 1892 ab
405 1827 559 1894 Romanis
585 1828 683 1914 legati
704 1828 876 1909 redissent,
902 1840 1114 1917 praestarent3

95 1921 196 1986 locem
216 1921 306 1986 milia
328 1922 481 1988 talentum
500 1923 636 2010 argenti,
664 1924 815 2013 discripta
836 1926 1042 2013 pensionibus
1061 1949 1114 1991 ae-

95 2014 160 2101 quis
175 2014 208 2082 in
224 2039 326 2083 annos
349 2017 590 2105 quinquaginta,
618 2020 786 2086 solverent.
839 2021 967 2088 obsides
990 2033 1117 2088 centum

95 2109 237 2176 rbitratu
269 2109 428 2198 Scipionis
461 2112 589 2190 darent,
625 2135 666 2178 ne
695 2113 833 2178 minores
865 2116 1116 2198 quattuordecim

95 2205 174 2271 mnis
197 2228 261 2270 neu
279 2206 408 2293 triginta
429 2206 574 2273 maiores.
618 2206 756 2271 indutias
778 2206 823 2270 ita
845 2230 880 2271 se
899 2207 1059 2285 daturum,
1087 2209 1115 2273 si
1135 2231 1151 2277 e

95 2322 139 2367 rer
162 2299 288 2387 priores
314 2300 452 2367 indutias
486 2324 585 2368 naves
617 2301 778 2368 onerariae
805 2310 935 2387 captae,
972 2321 1115 2385 quaeque

95 2395 221 2460 'uissent
245 2395 279 2459 in
304 2396 454 2475 navibus,
485 2397 738 2476 restituerentur3
779 2395 869 2461 aliter
890 2417 950 2460 nec
975 2395 1113 2462 indutias

95 2510 142 2557 rec
159 2510 253 2576 spem
270 2489 359 2576 pacis
376 2491 475 2556 ullam
493 2513 574 2557 esse.

145 2583 220 2649 Has
243 2583 443 2651 condiciones
465 2586 563 2672 legati
585 2608 658 2651 cum
680 2586 810 2650 domum
836 2584 954 2650 referre
979 2584 1059 2650 iussi
1080 2585 1147 2650 int

95 2677 230 2744 untione
248 2679 391 2758 ederent,
418 2691 451 2745 et
469 2678 572 2767 Gisgo
590 2681 632 2746 ad
649 2679 895 2744 dissuadendam
912 2701 1024 2766 pacem
1041 2702 1115 2766 pro-

95 2770 236 2838 cssisset
263 2773 485 2859 audireturque
512 2799 531 2839 a
556 2773 756 2839 multitudine
782 2773 923 2858 inquieta
949 2774 1061 2840 eadem
1083 2784 1115 2840 et

95 2865 206 2944 obelli,
233 2867 415 2954 indignatus
433 2867 596 2934 Hannibal
618 2867 680 2934 dici
702 2891 741 2934 ea
761 2868 795 2934 in
817 2868 873 2936 tali
895 2879 1036 2957 tempore
1059 2887 1151 2936 ειη-8

95 2959 221 3045 lirique,
244 2973 404 3050 arreptum
422 2962 599 3050 Gisgonem
616 2986 713 3029 manu
732 2988 790 3030 sua
807 2987 847 3030 ex
866 2965 1026 3053 superiore
1043 2965 1114 3030 loco

95 3054 230 3121 letraxit.
275 3077 357 3140 quae
383 3056 508 3123 insueta
529 3058 647 3125 liberae
671 3058 790 3124 civitati
812 3059 934 3144 species
958 3079 1031 3122 cum
1051 3059 1115 3122 fre-

95 3148 196 3214 uitum
212 3150 323 3236 populi
344 3152 511 3230 movisset,
538 3154 739 3239 perturbatus
762 3150 906 3214 militaris
925 3151 972 3215 vir
993 3150 1116 3214 urbana

95 3242 230 3308 ibertate
249 3245 392 3310 ‘novem'
410 3245 513 3330 inquit
530 3253 699 3310 ‘annorum
716 3268 736 3308 a
753 3243 843 3308 vobis
861 3244 1023 3331 profectus
1040 3254 1115 3330 post
1133 3261 1149 3309 a

95 3347 212 3403 extum
229 3349 261 3404 et
278 3339 471 3406 tricesimum
489 3363 606 3404 annum
622 3339 711 3404 redii.
755 3337 899 3402 militaris
918 3348 1016 3415 artes,
1035 3359 1114 3422 quas

95 3453 134 3496 ne
157 3455 178 3496 a
199 3455 299 3519 puero
321 3435 449 3500 fortuna
468 3456 554 3499 nunc
574 3433 712 3522 privata,
742 3452 828 3497 nunc
849 3431 977 3517 publica
999 3431 1114 3509 docuit,

95 3526 183 3592 »robe
202 3526 312 3594 videor
331 3529 424 3595 scire:
451 3530 538 3595 urbis
558 3551 595 3594 ac
611 3528 672 3594 fori
690 3527 771 3606 iura,
798 3526 902 3612 leges,
929 3547 1033 3591 mores
1057 3548 1114 3591 vos

95 3643 133 3686 ne
151 3632 278 3708 oportet
294 3622 455 3688 doceatis?
496 3633 647 3689 excusata
664 3621 865 3709 inprudentia
882 3620 921 3684 de
938 3640 1017 3706 pace
1035 3618 1116 3683 mul-
1134 3638 1169 3685 ιο

95 3714 123 3781 is
142 3713 250 3780 verbis
270 3715 431 3795 disseruit,
459 3739 554 3801 quam
571 3738 630 3781 nec
647 3716 755 3800 iniqua
772 3726 804 3780 et
821 3713 1001 3780 necessaria
1019 3723 1113 3778 esset.

95 3808 113 3873 d
136 3807 281 3874 omnium
302 3810 440 3875 maxime
463 3810 591 3876 difficile
613 3820 694 3888 erat,
722 3809 809 3893 quod
834 3832 874 3874 ex
900 3806 1036 3873 navibus
1056 3828 1115 3893 per
1135 3826 1164 3875 ιι

95 3902 222 3970 odutias
241 3904 341 3990 captis
359 3904 437 3970 nihil
454 3917 579 3992 praeter
596 3904 683 3990 ipsas
702 3903 905 3990 comparebat
921 3923 1018 3967 naves
1024 3926 1033 3980 ;
1055 3922 1116 3966 nec

95 3996 245 4082 nquisitio
264 4010 332 4065 erat
349 3999 466 4078 facilis,
486 3999 726 4066 adversantibus
744 3998 816 4086 paci
830 3997 884 4083 qui
899 4008 1113 4084 arguerentur.
