2528 4514
336 229 451 285 crana
468 229 609 301 xxvm,
628 228 670 284 sc.
691 227 842 299 [acam]
1043 216 1107 282 439

73 390 202 479 ppulit.
257 387 437 477 Ingauni-
458 388 615 476 Ligurum
643 411 680 454 ea
705 411 784 476 gens
814 399 861 454 est
879 427 905 438 -
926 389 1043 458 bellurn
1069 414 1140 464 eaa

73 494 262 572 empostate
292 482 444 572 gerebant
475 507 547 549 cum
577 485 758 571 Epanteriis
793 487 958 552 montanis.
1011 489 1107 576 igitur
1126 513 1157 560 10

73 582 200 646 'oenus
213 577 356 657 Sauone,
375 579 490 667 oppido
502 578 635 666 Alpino,
653 580 770 666 praeda
787 581 930 666 deposita
948 592 978 647 et
995 584 1105 650 decem
1211 579 1214 583 ’

73 675 173 763 mgis
193 674 329 740 navibus
351 674 385 738 in
408 675 539 740 statione
563 675 604 740 ad
625 674 815 760 praesidium
837 677 967 756 relictis,
995 679 1105 746 ceteris

73 769 302 856 larthaginem
322 768 427 835 missis
450 769 661 834 adtuendam
684 769 882 834 maritumam
905 794 1006 850 oram,
1032 774 1107 857 quia

73 887 154 929 ama
175 872 245 928 erat
264 861 443 949 Scipionem
462 865 676 942 traiecturum,
703 864 771 950 ipse
793 865 940 931 societate
963 889 1035 932 curn
1052 867 1106 933 In-
1125 891 1155 938 11

73 957 200 1039 purus,
235 978 368 1040 quorum
394 957 527 1044 gratiam
554 957 703 1035 malebat,
736 959 908 1044 composita
933 959 1104 1029 Montanos

73 1051 205 1117 nstituit
233 1074 425 1139 oppugnare.
471 1063 502 1117 et
527 1052 688 1118 crescebat
714 1054 869 1119 exereitus
895 1054 928 1118 in
954 1055 1035 1134 dies,
1063 1058 1103 1122 ad

73 1152 191 1213 umam
219 1148 355 1211 nominis
386 1147 453 1212 eius
481 1144 583 1212 Gallis
610 1148 748 1231 undique
776 1147 1013 1216 confluentibus.
1066 1174 1104 1216 ea
1124 1175 1154 1222 12

73 1239 199 1328 causa]
220 1241 331 1307 litteris
350 1242 475 1328 cognita
490 1239 547 1328 Sp.
558 1242 699 1318 Lucreti,
718 1265 759 1306 ne
776 1243 893 1308 frustra
902 1243 1103 1311 Hasdrubale
1156 1272 1178 1298 ν

73 1357 142 1401 tum
171 1337 312 1401 exercitu
338 1337 439 1403 deleto
466 1336 592 1402 biennio
617 1347 689 1402 ante
715 1337 817 1403 forent
842 1337 962 1416 laetati,
995 1340 1022 1404 si
1047 1363 1104 1427 par

73 1428 156 1497 liud
173 1430 248 1496 inde
267 1430 399 1510 bellurn,
426 1432 507 1498 duce
525 1441 645 1496 tantum
663 1440 797 1510 mutato,
825 1433 968 1511 oriretur,
996 1456 1102 1500 curam

73 1534 234 1615 mgentem
259 1526 402 1591 accendit
427 1527 578 1613 patribus.
623 1527 729 1611 itaque
752 1536 783 1592 et
804 1527 851 1592 M.
875 1529 1005 1594 Livium
1031 1533 1103 1616 pio·
1123 1552 1153 1602 13

73 1620 236 1685 mandem
262 1642 302 1684 ex
318 1620 447 1686 Etruria
472 1620 621 1686 volonum
648 1622 819 1686 exercitum
845 1622 1012 1689 admovere
1029 1623 1104 1689 Ari-

73 1712 192 1779 ninum
211 1714 383 1792 iusserunt,
403 1724 434 1780 et
444 1714 503 1782 Cn.
515 1713 649 1783 Servilio
661 1717 797 1802 praetori
809 1717 970 1803 negotium
984 1718 1101 1796 datum,

73 1817 107 1871 tt
124 1807 153 1872 si
171 1830 188 1872 e
205 1831 239 1872 re
256 1808 384 1895 publiea
402 1819 542 1876 censeret
560 1833 643 1889 esse,
667 1809 804 1875 urbanas
823 1811 977 1899 legIones,
1004 1813 1103 1899 impe-

73 1897 120 1966 ἱο
136 1901 188 1966 cui
204 1903 363 1968 videretur
379 1904 466 1983 dato,
485 1926 526 1970 ex
543 1904 620 1969 urbe
638 1905 712 1969 duci
728 1905 860 1973 iuberet.
895 1906 942 1973 M.
957 1907 1102 1974 Valerius

73 1990 235 2062 [assumus
254 1996 416 2063 Arretium
434 2021 488 2064 eas
506 1999 646 2086 legiones
665 2000 764 2065 duxit.

137 2088 269 2157 Eisdem
295 2093 407 2159 dicbus
434 2117 531 2160 naves
558 2095 717 2160 onerariae
743 2094 924 2162 Poenorum
951 2099 992 2162 ad
1017 2109 1103 2165 octo·
1122 2119 1154 2166 14

73 2184 160 2271 ginta
184 2187 269 2251 circa
296 2184 474 2253 Sardiniam
505 2187 545 2254 ab
574 2186 633 2254 Cn.
658 2187 808 2267 Octavi0‚
844 2191 898 2275 qui
923 2193 1102 2276 provinciae

73 2290 227 2361 prscemt,
264 2290 384 2368 captae.
438 2291 544 2368 captas
573 2281 702 2349 Coelius
737 2284 894 2349 frumento
929 2285 1027 2350 misso
1062 2285 1102 2350 ad

73 2368 285 2441 Hannibalem
320 2388 558 2462 commeatuque
593 2389 737 2455 onustas,
772 2378 917 2443 Valerius
952 2381 1102 2464 praedam

73 2462 242 2535 Etruscam
267 2470 490 2557 Ligurumque
525 2481 556 2536 et
589 2472 814 2537 Montanorum
850 2473 990 2559 captivos
1023 2471 1102 2539 Car·

73 2562 233 2653 {baginem
260 2565 413 2651 portantis
440 2567 542 2633 tradit.
586 2567 620 2632 in
637 2567 769 2633 Bruttiis
795 2566 872 2631 nihil
898 2567 997 2632 ferme
1020 2591 1101 2633 anno
1121 2589 1152 2635 la

73 2675 112 2725 eo
131 2660 334 2726 memorabile
355 2671 491 2747 gestum.
534 2663 711 2749 pestilentia
733 2662 902 2727 incesserat
923 2663 992 2749 pari
1013 2663 1101 2728 clade

73 2748 109 2818 in
130 2753 291 2822 Romanos
317 2756 519 2842 Poenosque,
551 2757 612 2823 nisi
637 2757 723 2842 quod
748 2755 904 2822 Punicum
930 2756 1102 2823 exercitum

73 2866 168 2937 super
184 2850 330 2916 morbum
348 2851 442 2916 etiam
459 2852 560 2933 fames
578 2853 703 2918 adfecit.
744 2862 871 2939 propter
887 2852 1018 2918 Iunonis
1036 2854 1102 2919 La·
1122 2875 1152 2922 16

73 2942 171 3010 uiniae
189 2945 342 3031 templum
360 2954 509 3011 aestatem
524 2946 686 3013 Hannibal
704 2948 781 3033 egit,
800 2948 908 3032 ibique
925 2972 1011 3014 aram
1029 2971 1103 3014 con-

73 3036 152 3123 didit
176 3039 395 3125 dedicavitque
426 3062 498 3105 cum
527 3042 648 3128 ingenti
677 3065 783 3107 rerum
814 3053 974 3128 gestarum
1002 3042 1100 3118 titulo,

73 3126 204 3201 Punicis
222 3132 416 3220 Graecisque
433 3136 543 3202 litteris
562 3136 727 3223 insculpto.
