2528 4514
196 217 261 283 468
402 220 521 280 LIBER
538 215 695 286 XXVIIII,
714 213 757 268 24.
772 211 815 268 25.
835 215 872 282 [a.
882 229 911 266 u.
923 209 1023 280 abbo]

197 382 346 474 praemia.
381 378 549 469 praecipue
567 374 622 458 qui
640 372 832 460 superabant
850 393 891 435 ex
909 367 1076 435 Cannensi
1091 370 1199 437 exercitu

197 479 312 544 milites
330 476 400 552 illo,
426 495 491 538 non
513 469 574 535 olio
593 468 673 533 duce
695 465 1006 531 credebantnavata
1024 463 1201 552 reipublicae
1242 531 1246 539 ,

148 597 179 644 12
198 596 295 661 opera
315 569 405 634 finire
428 588 463 631 se
484 563 628 629 militiam
648 558 894 647 ignominiosam
915 580 1027 645 posse.
1071 569 1104 625 et
1123 556 1203 646 Scipio

199 666 328 732 minime
345 663 379 727 id
395 682 496 748 genus
515 657 650 721 militum
667 654 912 741 aspernabatur,
937 664 977 719 ut
1000 652 1056 738 qui
1072 652 1204 738 nequead
1251 682 1254 687 ·

201 759 330 826 Cannas
361 753 489 842 ignavia
519 773 628 816 eorum
657 748 781 814 cladem
811 758 980 834 acceptam
1011 748 1109 813 sciret
1130 767 1205 833 neque
1246 814 1254 823 ,

199 855 281 919 ullos
300 872 399 934 aeque
418 858 540 913 veteres
558 845 674 909 milites
691 843 725 908 in
743 843 883 909 exercitu
900 842 1053 909 Romano
1072 865 1152 921 essa,
1168 865 1205 907 ex·

199 958 370 1036 pertosquc
397 965 461 1007 non
487 939 581 1004 variis
609 936 737 1025 proeliis
763 936 873 1015 modo,
901 947 953 1001 set
979 936 1115 1003 urbibus
1138 936 1207 1003 etim

150 1063 182 1111 18
201 1036 432 1127 oppugnandis.
474 1033 583 1118 quinta
600 1043 633 1097 et
651 1041 741 1097 sexta
760 1026 947 1097 Cannenses
968 1040 1063 1096 erant
1079 1030 1207 1117 logicum

201 1157 255 1200 eas
283 1154 317 1198 sc
344 1129 548 1194 traiecturum
573 1126 605 1189 in
631 1124 778 1189 Africam
804 1145 875 1188 cum
902 1122 1057 1203 dixisset,
1094 1122 1208 1210 singulos

199 1226 315 1292 milites
333 1222 485 1308 inspexit,
504 1219 684 1304 relictisque
702 1239 781 1303 qnos
798 1240 863 1283 non
880 1217 1017 1284 idoneos
1038 1218 1210 1285 credebatir

200 1323 306 1387 locum
331 1339 441 1383 eorum
465 1313 599 1380 subiecit
625 1334 705 1397 quos
733 1333 841 1377 seeum
866 1334 908 1377 ex
923 1311 1024 1377 Italia
1052 1312 1211 1391 adduxerat,

150 1440 183 1486 14
202 1412 421 1500 supplevitque
442 1410 488 1475 ita
510 1431 564 1474 eas
587 1407 744 1493 legiones,
771 1418 807 1472 ut
829 1405 977 1493 singulae
1000 1430 1083 1473 sena
1103 1407 1211 1472 militet

201 1510 342 1573 ducenos
367 1504 506 1592 pedites,
537 1514 681 1567 nouenos
708 1501 862 1566 haberent
886 1501 1026 1584 equites.
1082 1502 1214 1569 sociorum

201 1603 278 1668 item
294 1600 405 1666 Latini
422 1597 558 1665 nominis
576 1597 700 1683 pedites
723 1596 906 1680 equitesque
929 1595 972 1661 de
991 1597 1135 1663 exercitu
1151 1593 1215 1663 cm

201 1695 294 1762 nensi
311 1694 399 1781 legit.

169 1813 182 1859 1
267 1787 383 1855 XXV.
437 1785 602 1869 Quantum
618 1784 753 1849 militum
771 1783 804 1846 in
820 1783 968 1849 Africam
987 1794 1217 1872 transportatum

167 1883 258 1960 asit,
284 1905 348 1946 non
374 1904 473 1968 parvo
499 1903 630 1947 numero
656 1879 737 1944 inter
764 1889 908 1944 auctores
935 1879 1113 1967 discrepat.
1161 1877 1218 1944 alibi

201 1977 311 2041 decem
328 1975 416 2039 milia
432 1974 589 2061 peditum,
608 1974 671 2040 duo
689 1972 777 2038 milia
790 1983 822 2038 et
835 1973 989 2041 ducentos
1004 1975 1147 2059 equites,
1163 1972 1220 2040 aldi

203 2070 342 2136 sedecim
363 2068 450 2133 milia
471 2067 627 2154 peditum,
654 2067 740 2132 mille
762 2079 794 2132 et
812 2079 976 2134 sescentos
995 2070 1139 2154 equites,
1162 2066 1221 2134 alibi

201 2176 291 2252 parte
308 2164 381 2251 plus
400 2163 530 2228 dimidia
547 2186 615 2228 rem
633 2174 771 2240 auctam,
795 2163 932 2246 quinque
951 2174 985 2228 et
1002 2165 1138 2252 triginta
1154 2163 1222 2228 milia

201 2260 344 2346 peditum
363 2259 565 2342 equitumque
587 2257 620 2321 in
643 2280 741 2322 naves
764 2256 901 2343 inposita
921 2257 1069 2326 invenio.
1116 2259 1222 2345 quidam

202 2378 266 2421 non
289 2354 432 2419 adiecere
455 2375 633 2431 numerum,
661 2353 843 2436 intorques
865 2374 916 2417 me
939 2352 1012 2440 ipse
1037 2355 1074 2419 in
1096 2378 1130 2421 re
1147 2352 1224 2419 dubia

168 2470 183 2516 3
201 2450 277 2537 poni
294 2448 412 2513 malim.
450 2444 580 2512 Coelius
598 2458 635 2511 ut
652 2446 789 2512 abstinet
806 2469 953 2525 numero,
982 2447 1032 2514 ita
1051 2450 1096 2514 ad
1112 2450 1224 2514 immen-

168 2564 185 2609 4
203 2566 274 2608 sum
291 2541 500 2607 multitudinis
520 2541 658 2628 speeiem
677 2553 786 2627 auget:
813 2541 959 2607 volucres
984 2543 1029 2607 ad
1054 2555 1170 2621 terram
1184 2542 1224 2606 de·

202 2638 308 2723 lapsas
327 2637 463 2703 clamore
481 2635 630 2713 militum,
658 2646 752 2720 atque
771 2647 890 2701 tantam
906 2636 1153 2705 multitudinem
1167 2659 1225 2704 oon-

203 2732 365 2797 scendisse
384 2754 497 2810 naves,
524 2742 561 2795 ut
577 2754 670 2797 nemo
690 2730 869 2796 mortalium
890 2742 947 2796 aut
968 2731 1004 2796 in
1023 2733 1124 2798 Italia
1140 2730 1224 2798 autin

204 2825 313 2888 Sicilia
330 2825 465 2908 relinqui
484 2824 652 2889 videretur.

168 2938 184 2983 5
265 2917 387 2983 Milites
413 2928 450 2981 ut
471 2942 570 2984 naves
594 2918 703 2984 ordine
726 2940 763 2983 ac
786 2919 854 2984 sine
877 2918 1019 2984 tumultu
1049 2919 1223 2988 conscende

201 3025 284 3090 rent,
304 3012 373 3097 ipse
392 3035 463 3077 eam
482 3013 542 3079 sibi
561 3035 669 3078 curam
687 3014 831 3100 sumpsit.
867 3013 1017 3080 nauticos
1040 3013 1082 3082 O.
1101 3015 1221 3090 Laetus,

201 3105 255 3189 qui
274 3106 384 3171 classis
402 3107 582 3192 praefectus
601 3117 683 3185 erat,
705 3107 739 3171 in
756 3107 905 3184 navibus,
929 3119 1006 3173 ante
1027 3110 1220 3176 conscendas

168 3221 183 3268 6
202 3211 342 3278 coactos,
367 3200 529 3266 continuit.
574 3210 769 3266 commeatus
787 3200 972 3287 imponendi
988 3201 1044 3268 M.
1063 3199 1219 3289 Pomponio

201 3294 338 3378 praetori
356 3317 431 3360 cura
449 3296 537 3360 data:
565 3295 703 3378 quinque
726 3306 759 3360 et
775 3294 987 3381 quadraginta
1012 3296 1140 3364 dierum
1154 3296 1219 3360 ciba·

169 3387 265 3464 tria,
302 3412 319 3452 e
346 3389 460 3472 quibus
489 3388 668 3472 quindecim
695 3388 817 3454 dierum
843 3400 953 3467 cocta,
990 3390 1152 3479 imposita.
1193 3398 1218 3452 ut
1259 3418 1261 3425 ·

202 3503 311 3545 omnes
330 3483 443 3546 iamin
461 3483 595 3548 navibus
614 3493 719 3561 erant,
744 3484 879 3568 scaphas
898 3482 1123 3564 circummisit,
1145 3496 1176 3550 ut
1188 3503 1217 3546 ex

200 3576 335 3640 navibus
353 3578 643 3662 gubernatoresque
661 3589 694 3643 et
710 3577 855 3664 magistri
871 3578 1006 3643 navium
1025 3593 1058 3646 et
1075 3580 1139 3646 bini
1154 3573 1217 3642 mili·
1259 3580 1261 3589 ’

168 3679 249 3735 stes
275 3669 309 3733 in
335 3671 438 3735 forum
465 3673 670 3738 convenirent
691 3674 733 3739 ad
752 3672 887 3759 imperia
908 3673 1106 3759 accipienda.
1146 3682 1214 3758 pott-
1259 3672 1262 3679 “

202 3784 296 3847 quam
324 3780 552 3845 convenerunt,
579 3768 716 3853 primum
743 3769 783 3833 ab
805 3767 844 3832 iis
868 3769 1044 3851 quaesivit,
1071 3768 1099 3833 si
1120 3784 1211 3850 aquen

201 3857 379 3923 hominibus
402 3859 612 3945 iumentisque
634 3862 668 3925 in
690 3862 822 3928 totidem
844 3861 912 3927 dies
936 3874 1016 3946 quot
1041 3863 1208 3926 frumentum

168 3949 435 4035 nimposuissent.
479 3956 533 4020 ubi
550 3957 795 4042 responderunt,
820 3979 936 4042 aquam
954 3956 1076 4023 dierum
1094 3953 1207 4039 quinque
1260 3952 1262 3958 ’
