2528 4514
354 133 471 189 arnna
488 134 588 205 ιιιιιι,
607 135 728 189 ao-nn.
750 135 903 203 [nasu]
1105 122 1147 187 ut

116 328 119 333 ·
139 299 345 365 concurrerunt
390 290 446 357 sed
472 290 527 375 qui
553 313 625 357 vere
649 290 780 356 dicionis
802 291 988 378 imperiique
1010 291 1147 358 Romani
1166 314 1197 362 11

113 388 208 457 -facfi
222 386 275 455 sint
295 384 458 452 obsidibus
477 386 540 450 dat'
519 395 559 451 trs
577 385 700 472 populi,
724 385 859 472 amplius
877 385 1004 452 suerunt
1022 396 1147 453 centum

100 482 238 573 'uiginti
278 479 377 567 igitur
391 478 589 545 terrestribus
608 501 733 565 quoque
752 480 851 567 copiis
870 481 947 548 satis
964 480 1065 546 fidens
1082 479 1199 550 Ito-12

126 598 227 649 manns
251 595 354 659 usque
380 573 421 639 ad
448 573 563 638 saltum
587 572 850 641 Castulonensem
876 585 925 640 est
949 597 1147 663 progressus

116 668 325 739 Hasdrubal
315 691 350 733 ιιι
365 667 568 733 Lusitaniam
585 690 623 735 ac
644 669 774 756 propius
794 666 962 735 Oceanum
983 669 1147 735 concessit.

171 762 277 831 XXI.
314 760 468 845 Quietum
484 762 558 828 inde
575 761 644 829 fore
661 761 790 829 videbat
777 771 827 827 tur
844 763 1000 847 reliquum
1017 762 1145 829 aestatis
1168 784 1181 831 1

106 870 249 947 tempus,
268 856 447 941 fuissetque
463 878 521 943 per
533 856 679 922 Poenum
696 856 835 923 hostem:
854 858 912 922 sed
927 870 1148 945 praeterquam
1166 878 1181 924 2

105 954 194 1043 quod
208 952 360 1041 ipsorum
372 949 590 1039 Hispanorum
607 951 748 1036 inquieta
764 950 920 1035 avidaque
937 952 972 1017 in
984 974 1083 1019 novas
1096 973 1147 1018 res

107 1056 181 1117 mt
198 1045 351 1135 ingenia,
373 1042 568 1113 Mandonius
586 1044 816 1129 Indebilisque,
844 1045 899 1129 qui
920 1055 1014 1110 antea
1030 1044 1149 1131 Ilerge-
1167 1064 1182 1111 3

112 1150 177 1207 tmn
189 1139 328 1228 regulus
344 1138 461 1218 fuerat,
485 1150 653 1227 postquam
670 1139 809 1205 Romani
830 1138 871 1205 ab
890 1139 973 1205 saltu
988 1160 1147 1206 recessere

112 1234 155 1305 ad
166 1232 359 1301 maritimam
377 1254 478 1310 oram,
502 1233 632 1299 concitis
650 1232 856 1319 popularibus
873 1232 907 1297 in
924 1256 1037 1321 agrum
1053 1254 1148 1319 paca-

114 1338 176 1395 tmn
189 1326 354 1395 sociorum
368 1325 586 1393 Romanorum
603 1328 644 1392 ad
660 1326 878 1414 populandum
894 1336 1056 1393 venerunt.
1092 1326 1148 1391 ad·
1166 1346 1183 1392 ι

113 1444 216 1489 rasus
234 1444 295 1489 eos
315 1420 460 1487 tribunus
478 1421 614 1487 militum
631 1443 704 1488 cum
722 1421 878 1507 expeditis
895 1420 1020 1487 auxiliis
1039 1444 1058 1486 a
1077 1417 1148 1487 Sci-

104 1516 197 1605 pione
209 1515 309 1583 missi
322 1515 386 1581 levi
399 1517 577 1594 certamine,
591 1526 627 1581 ut
635 1514 870 1581 tumultuariam
883 1538 1022 1594 manum,
1037 1514 1147 1581 fudere

103 1611 292 1679 bominibus
316 1609 430 1676 occisis
454 1609 644 1695 quibusdam
666 1611 829 1697 captisque
854 1631 1034 1698 magnaque
1058 1618 1148 1696 parte

104 1706 201 1773 armis
219 1713 332 1772 exuta
375 1703 428 1769 hic
445 1714 552 1770 tamen
569 1705 720 1772 tumultus
739 1705 902 1772 cedentem
920 1706 961 1770 ad
981 1702 1147 1772 Oceanum
1166 1722 1182 1770 t

105 1797 349 1867 Hasdmbalem
376 1799 422 1864 cis
448 1798 606 1865 Hiberum
633 1801 674 1866 ad
701 1799 803 1866 socios
830 1801 978 1866 tutandos
1008 1800 1146 1866 retraxit.

110 1902 213 1959 castra
232 1890 361 1959 Punica
387 1891 421 1958 in
446 1915 523 1980 agro
545 1893 851 1981 Ilergavonensium,
878 1903 982 1960 castra
1002 1893 1182 1959 Romanae

113 1986 156 2057 ad
172 1984 299 2053 Noram
322 1985 458 2051 classem
480 2002 582 2065 crant,
609 2010 682 2053 oum
705 1987 791 2053 fama
811 2010 925 2074 repens
947 1988 1009 2053 alio
1036 1987 1148 2053 avertit
1188 2050 1191 2059 ,

114 2078 241 2149 bellum.
279 2078 448 2159 Celtiberi,
467 2080 522 2164 qui
539 2081 696 2168 principes
714 2081 852 2168 regionis
870 2104 947 2147 suae
967 2077 1146 2169 [miserant]
1166 2102 1180 2148 ι

123 2172 240 2261 legata
260 2174 454 2259 obsidesque
479 2174 631 2241 dederant
655 2174 824 2253 Romanis,
859 2176 969 2242 nuntio
999 2176 1098 2241 misso
1129 2198 1149 2240 a

127 2264 266 2357 δάρίοιιο
286 2269 386 2335 exciti
411 2293 498 2335 arma
524 2270 665 2357 capiunt,
695 2269 952 2354 provinciamque
981 2268 1149 2354 Carthagi-

124 2361 269 2435 uernum
293 2363 401 2429 valido
427 2363 567 2429 exercitu
597 2363 765 2440 invadunt,
801 2362 861 2427 tria
891 2361 1008 2448 oppida
1034 2361 1068 2426 vi
1094 2382 1149 2426 ex-

120 2466 264 2545 pugnant.
312 2457 387 2525 inde
418 2479 491 2523 cum
520 2457 592 2544 ipso
622 2456 826 2523 Hasdrubale
860 2455 985 2522 duobus
1020 2450 1182 2540 proeliise

121 2552 240 2639 egregIe
255 2560 415 2639 pugnantr
442 2551 484 2617 ad
500 2546 680 2636 quindecim
697 2550 784 2616 milia
800 2548 939 2617 hostium
957 2550 1147 2629 occiderunt,

127 2654 261 2727 qmttuor
277 2645 365 2711 milia
383 2667 456 2710 cum
473 2645 581 2710 multis
599 2645 787 2712 militaribus
807 2644 906 2732 signis
925 2644 1061 2731 capiunt.

183 2736 297 2805 XXII,
342 2738 417 2807 Hoc
443 2749 527 2805 statu
551 2761 656 2805 rerum
681 2740 716 2805 in
736 2738 896 2827 Hispania
916 2737 956 2804 P.
981 2736 1090 2825 Scipio
1116 2738 1182 2807 int

131 2832 307 2943 prminciam
327 2834 428 2912 venit,
455 2844 624 2923 prorogato
645 2842 718 2920 post
740 2833 937 2901 consulatum
959 2833 1090 2919 imperio
1108 2832 1148 2899 ab

132 2936 229 2993 senatu
243 2928 361 2995 missus
380 2949 453 2994 cum
471 2928 599 3016 triginta
616 2927 720 3015 longis
738 2927 874 2995 navibus
891 2938 923 2994 et
937 2937 1008 2994 octo
1022 2926 1148 2995 milibus

133 3018 250 3103 militum
266 3043 445 3132 magnpque
463 3031 640 3089 commeatu
658 3022 801 3088 advecto.
846 3044 885 3088 ea
906 3020 1044 3087 classis
1035 3042 1148 3128 ungens
1167 3041 1183 3088 ι

135 3113 241 3222 tgmiue
254 3116 466 3183 οιιοιιιιίαιιιιιι
478 3115 632 3203 procul
601 3139 671 3181 vrsa
685 3138 758 3181 cum
771 3138 888 3202 magna
900 3113 1059 3181 laetitia
1032 3113 1149 3180 civium

137 3206 334 3319 ludorumque
351 3219 477 3296 portum
494 3209 684 3276 Tarraconis
702 3208 824 3276 exalto
842 3208 951 3273 tenuit
986 3206 1031 3273 ibi
1048 3206 1147 3273 milite
1166 3226 1182 3274 3

132 3303 260 3387 exposito
286 3303 446 3391 profectus
470 3301 579 3391 Scipio
604 3303 694 3370 fratri
716 3325 752 3370 se
773 3302 949 3389 coniungit;
976 3323 1014 3368 ac
1035 3300 1149 3369 deinde

130 3397 277 3463 communi
297 3398 403 3464 animo
426 3397 619 3482 consilioque
641 3397 793 3484 gerebant
815 3395 943 3462 bellum.
988 3395 1185 3481 occupatior

128 3487 214 3574 igion
226 3490 540 3579 Carthaginiensibus
556 3491 745 3559 Celtiberico
763 3489 846 3556 bello
863 3489 949 3555 haud
967 3497 1150 3555 cunctanter

123 3578 272 3651 Hiberum
299 3586 571 3673 transgrediuntur
596 3606 655 3651 nec
676 3584 794 3651 ullo
763 3607 833 3649 vrso
854 3583 945 3649 hoste
914 3580 1150 3669 tSagtmtum

113 3679 494 3841 ffinllffiilili
511 3678 638 3840 titt
656 3675 1149 3858 iliellliliit‘ssssilini

110 3867 146 3937 id
169 3891 271 3937 unum
292 3867 409 3957 pignus
430 3869 595 3936 inclinatos
619 3868 661 3935 ad
677 3867 854 3934 Romanam
878 3866 1059 3933 societatem
1082 3888 1183 3933 omn
