2528 4514
195 266 258 333 132
422 274 540 332 LIBER
558 274 670 344 XXIII,
689 274 787 330 1819.
807 274 885 345 [au.
897 273 1004 344 acas]

194 438 338 522 excipere
357 444 389 499 et
400 434 506 521 palam
520 442 551 497 et
564 433 646 497 clam
660 432 779 518 coeptis
794 431 920 496 obviam
934 430 994 510 ire,
1013 433 1042 496 d«

90 553 108 579 ⁰
194 533 287 598 etiarn
313 527 528 594 Hannibalem
558 526 598 593 ab
624 530 749 613 incepto
776 527 897 591 avertit.
943 529 1042 592 castri:

193 625 320 690 munitis
339 645 376 688 ac
393 622 550 709 praesidio
567 621 691 687 modico
708 621 860 707 inposito,
879 642 921 686 nc
938 623 1042 687 omissa

192 728 291 796 retur,
310 719 344 782 in
360 717 492 782 hiberna
511 715 656 803 Capuam
675 716 841 781 concessit.

145 835 177 882 10
258 813 309 878 lbi
326 822 446 898 partem
464 813 615 876 maiorem
632 811 745 876 hiemis
764 811 937 876 exercitum
950 813 983 876 in
1001 823 1042 877 te<

194 909 344 973 adversus
364 907 468 971 omnia
485 906 624 971 humana
635 905 720 970 mals
734 926 829 992 saepe
842 928 880 971 ao
892 907 948 971 diu
962 908 1042 971 dura

144 1024 174 1070 11
193 1004 390 1088 inexpertum
407 1011 500 1085 atque
513 1001 682 1065 insuetum.
709 1000 816 1084 itaque
829 1020 910 1085 quos
923 1002 1010 1066 nulla
1023 1024 1042 1065 n

194 1098 258 1173 cis,
278 1096 442 1183 perdidere
458 1095 557 1159 nimia
574 1093 658 1159 bona
675 1112 713 1160 ac
730 1095 908 1181 voluptates
926 1097 1042 1160 inmodi

192 1191 369 1276 inpensius,
396 1211 459 1274 quo
477 1189 599 1255 avidius
623 1211 662 1252 cx
679 1188 846 1255 insolentia
867 1191 974 1255 ineas
994 1212 1026 1255 ss

144 1307 175 1355 12
194 1306 323 1349 somnus
346 1284 429 1348 enim
452 1291 483 1348 et
500 1283 609 1347 vinum
631 1293 663 1348 et
685 1284 796 1368 epulae
819 1294 851 1349 et
869 1295 973 1350 scorta
994 1285 1042 1350 bal

192 1379 292 1444 otium
309 1378 535 1444 consuetudine
552 1378 586 1442 in
603 1378 671 1443 dies
689 1376 835 1444 blandius
853 1380 897 1444 ita
914 1400 1042 1444 enervas

192 1496 271 1560 pora
288 1474 486 1557 animosque,
509 1485 545 1537 ut
562 1472 664 1558 magis
682 1474 795 1539 deinde
812 1475 998 1559 praeteritae
1011 1475 1042 1537 vi

144 1588 290 1652 requam
315 1576 497 1661 praesentes
520 1576 694 1632 tutarentur
715 1568 797 1633 vires
821 1569 987 1653 maiusque
1009 1569 1041 1633 id

194 1663 283 1728 ducis
315 1662 400 1747 apud
429 1661 546 1747 peritos
579 1662 692 1728 artium
723 1663 904 1727 militarium
934 1663 1042 1729 haber<

193 1756 280 1842 quod
296 1778 360 1821 non
377 1778 417 1819 ex
436 1754 596 1820 Cannensi
614 1758 680 1822 acie
698 1758 839 1843 protinus
863 1757 904 1822 ad
921 1758 1032 1823 urbem

193 1852 346 1916 duxisset.
391 1850 445 1914 illa
472 1851 556 1915 enim
582 1853 738 1916 cunctatio
761 1851 921 1917 distulisse
948 1854 1042 1917 modo

192 1945 293 2008 videri
317 1944 433 2029 potuit,
469 1943 522 2009 hic
549 1964 633 2010 error
662 1946 744 2011 sires
776 1946 942 2010 ademisse·
961 1948 1002 2010 ad
1028 1968 1042 2010 t

144 2060 177 2106 14
192 2039 299 2122 itaque
316 2038 456 2115 hercule,
476 2038 562 2103 velut
580 2039 607 2104 si
625 2061 696 2104 curn
715 2040 775 2104 alio
794 2041 933 2104 exercitu
951 2063 971 2104 a
990 2040 1042 2126 Ca]

144 2155 175 2202 15
194 2132 271 2197 nihil
288 2154 423 2216 usquam
440 2133 588 2218 pristinae
607 2134 789 2218 disciplinae
803 2135 911 2197 tenuit.
938 2158 1042 2200 name

194 2228 336 2314 plerique
363 2228 473 2292 scortis
500 2228 644 2314 inpliciti,
681 2239 726 2306 et,
762 2228 817 2292 ubi
842 2229 980 2313 primurn
1009 2255 1042 2295 su

194 2321 303 2387 haberi
321 2322 423 2408 coepti
442 2331 528 2399 sunt,
547 2323 661 2405 viaque
679 2334 710 2385 et
728 2322 808 2387 alius
826 2323 969 2388 militaris
988 2325 1042 2390 lab

144 2439 174 2486 16
193 2417 330 2482 tironum
348 2417 441 2482 modo
460 2416 642 2501 corporibus
657 2416 832 2501 animisque
847 2417 1042 2483 deficiebant:

145 2564 148 2571 .
192 2532 249 2598 per
271 2533 364 2576 omne
388 2511 578 2575 aestivorum
601 2520 725 2596 tempus
748 2534 865 2597 magna
887 2534 960 2596 pars
986 2514 1042 2577 sin«

192 2605 276 2670 tibus
300 2606 339 2670 ab
364 2605 462 2691 signis
491 2604 710 2670 dilabebantur
735 2628 837 2689 neque
861 2607 941 2671 aliae
967 2607 1042 2672 latel

193 2698 307 2784 Capua
324 2700 537 2764 desertoribus
557 2710 653 2764 erant.
916 2723 918 2727 ’

161 2815 173 2859 1
256 2792 405 2857 XVIIII.
452 2792 601 2858 Ceterum
623 2795 806 2860 mitescente
827 2796 890 2860 iam
917 2795 1022 2861 hieme

160 2886 331 2952 ahibernis
358 2887 455 2952 milite
475 2887 651 2954 Casilinum
677 2890 766 2954 redit.
812 2890 867 2955 ubi
890 2912 1042 2976 quamque

192 2982 384 3068 pugnatione
408 2992 566 3047 cessatum
588 2994 667 3060 erat,
695 2984 818 3049 obsidio
840 2994 946 3050 tamen
969 2999 1041 3050 cont

192 3077 291 3141 danos
330 3077 583 3162 praesidiumque
623 3079 664 3143 ad
698 3079 842 3143 ultimum
877 3080 1003 3165 inopiae

159 3189 174 3236 3
193 3171 303 3236 castris
321 3171 473 3236 Romanis
497 3171 547 3236 Ti.
568 3170 773 3258 Sempronius
792 3184 934 3259 praeerat
952 3176 1042 3240 dictat

158 3273 174 3331 I
192 3264 311 3328 ciorum
329 3267 569 3351 repetendorum
588 3286 683 3330 causa
700 3266 842 3351 profecto
856 3268 1002 3333 Romam.
1040 3270 1042 3332 J

192 3367 223 3422 et
257 3359 363 3444 ipsum
398 3360 576 3446 cupientem
610 3360 692 3426 ferre
728 3363 880 3426 auxilium
916 3363 1039 3429 obsessi

192 3461 302 3517 tumus
328 3455 429 3519 amnis
456 3455 582 3519 inflatus
609 3457 699 3539 aquis
727 3467 758 3520 et
784 3479 893 3541 preces
911 3457 1042 3524 Nolano]

192 3544 424 3612 Acerranorum
446 3547 607 3626 tenebant,
637 3548 817 3635 Campanos
845 3551 1036 3629 timentium,

159 3662 174 3708 5
193 3641 279 3705 dium
297 3641 477 3706 Romanum
495 3642 712 3708 abscessisset.
755 3642 919 3710 Gracchus
939 3648 1042 3711 adside

193 3733 347 3812 Casilino,
367 3737 441 3819 quia
458 3738 653 3822 praedictum
672 3749 738 3803 erat
756 3740 930 3818 dictatoris,
950 3762 990 3805 ne
1009 3763 1042 3825 qt

193 3849 231 3893 eo
257 3830 303 3893 rei
328 3840 462 3916 gereret,
498 3832 576 3896 nihil
602 3833 763 3912 movebat,
800 3856 991 3919 quamquam
1022 3858 1041 3919 q

159 3941 174 3988 s
192 3942 317 3988 omnem
335 3926 517 4011 patientiam
535 3928 695 3993 vincerent
712 3929 936 3994 nuntiabantur
949 3930 1042 3996 aCas

193 4026 225 4081 et
249 4019 473 4107 praecipitasse
501 4044 534 4088 se
561 4023 715 4106 quosdam
736 4046 799 4089 non
821 4024 989 4091 tolerantes
1013 4025 1042 4090 sa
