2528 4514
145 221 187 288 32
378 230 495 287 ulssuss
514 228 599 295 XXI,
618 227 660 282 39.
674 215 719 282 40.
737 227 775 298 [a
784 242 812 280 ιι.
823 242 846 281 c.
855 225 938 296 536]

142 391 206 471 nis,
233 390 395 478 proximae
421 388 523 475 genti,
555 387 708 452 adversus
731 383 883 450 Insubres
912 393 1036 449 motum
1063 383 1187 501 bellum}

142 495 219 552 erat.
259 485 317 550 sed
348 504 468 548 armare
498 480 670 547 exercitum
697 477 875 557 Hannibal,
910 488 946 543 ut
975 479 1062 564 parti
1092 468 1187 567 alten}

143 578 259 645 auxilio
281 586 379 654 esset,
406 577 440 640 in
462 574 629 641 reficiendo
653 574 790 639 maxime
812 572 1000 639 sentientem
1019 585 1187 659 ιιοιιῐιιιοιιι,Ι

109 695 125 747 ι
144 673 326 783 summula,
345 694 409 736 non
423 679 558 757 poterat:
578 670 676 735 otium
690 666 784 754 (erat)
800 666 883 733 enim
898 689 938 732 ex
950 667 1071 747 labore,
1089 648 1187 769 copus

143 791 183 834 ex
206 767 326 854 inopia,
355 765 457 832 cultus
481 787 521 830 ex
547 764 664 829 inluvie
691 762 826 846 tabeque
853 755 997 847 squalida
1024 773 1058 829 et
1082 787 1163 849 p
1176 829 1177 832 ,

8 904 12 911 ·
110 863 273 934 aefferata
299 883 428 947 corpora
454 859 540 925 varie
565 857 722 941 movebat.
763 855 860 922 eaP.
886 854 1036 922 Cornelio
1058 879 1144 924 οοιι
1141 825 1179 971 'X

143 980 240 1024 causa
257 958 330 1035 fuit,
350 978 422 1023 cum
436 955 529 1020 Pisas
546 938 682 1020 navibus
697 953 849 1030 venisset,
869 952 1009 1017 exercitu
1024 976 1045 1018 a
1067 974 1107 1012 ι

143 1050 304 1136 Atilioque
318 1060 447 1137 accepto
461 1051 561 1116 tirone
575 1058 606 1114 et
623 1048 656 1112 iu
672 1046 764 1112 novis
782 1046 962 1133 ignominiis
982 1047 1156 1134 trepido,

142 1145 267 1213 Padum
290 1144 473 1221 festinandi,
500 1153 536 1209 ut
559 1165 631 1210 cum
653 1142 746 1208 hosts
767 1141 908 1207 nondum
929 1141 1051 1208 refecto
1067 1165 1138 1209 m·

110 1249 331 1310 4consereret.
377 1240 433 1304 sed
460 1261 532 1304 cum
557 1237 753 1303 Placentiam
780 1235 891 1302 consul
916 1236 1018 1314 venit,
1051 1237 1153 1302 iam·

144 1336 266 1401 stativis
288 1344 429 1400 moverat
451 1332 616 1398 Hannibal
638 1331 912 1415 Taurinorumque
935 1353 1033 1396 unam
1103 1360 1167 1443 '²¹2²

113 1438 239 1516 caput
256 1429 359 1516 gentis
378 1429 460 1507 eius,
485 1428 559 1511 quia
576 1427 748 1492 volentes
739 1450 772 1491 m
795 1425 966 1492 amicitiam
988 1449 1055 1492 non
1075 1449 1157 1493 ιο

109 1523 235 1602 ebant,
258 1524 291 1588 vi
308 1534 519 1611 expugnarat,
546 1520 606 1610 [et]
626 1523 781 1588 iunxisset
800 1521 861 1588 sibi
877 1544 943 1588 non
960 1532 1050 1587 metu
1067 1545 1140 1589 sor

144 1618 318 1685 sedetiam
341 1618 503 1684 voluntate
522 1615 633 1684 Gallos
657 1617 780 1682 accolas
799 1615 894 1694 Padi,
918 1617 952 1680 ui
970 1639 1025 1682 eos
1093 1647 1094 1652 ¹
1136 1654 1155 1682 ι,

144 1714 315 1798 spectantis
338 1713 452 1779 defect'
431 1712 523 1777 t1onis
548 1722 672 1797 tempus
696 1710 801 1776 subito
824 1711 962 1776 adventu
986 1710 1098 1777 consul
1126 1743 1154 1790 o,

79 1889 82 1895 ³
110 1829 125 1876 6
142 1807 320 1893 pressisset.
353 1817 384 1871 et
396 1805 559 1871 Hannibal
578 1806 676 1871 movit
694 1827 734 1870 ex
748 1804 909 1883 Taurinis,
928 1805 1155 1892 incertos,
1097 1826 1161 1952 qu
1158 1805 1159 1808 ’

142 1921 217 1984 pars
245 1900 406 1985 sequenda
432 1910 529 1978 esset,
559 1897 669 1966 Gallos
692 1909 889 1986 praesentem
917 1909 1137 1967 ιοοιιιιιιοιι

109 2003 240 2064 aratus.
276 1995 340 2060 iam
362 2016 459 2081 prope
482 1994 515 2060 in
539 2002 710 2080 conspectu
734 2003 821 2059 erant
844 1993 1000 2059 exercitus
1026 2016 1146 2060 oonra

143 2097 277 2173 rantque
295 2090 406 2169 duces,
431 2090 523 2155 sicuti
540 2090 586 2154 int
588 2111 621 2154 er
639 2111 673 2154 se
691 2088 831 2153 nondum
850 2088 925 2154 satis
944 2089 1026 2169 noti,
1049 2088 1152 2156 ita

33 2188 37 2193 ’
109 2202 126 2250 8
144 2181 234 2247 inbut
222 2191 272 2249 tus
290 2193 420 2269 uterque
439 2185 576 2268 quadam
594 2182 800 2249 admiratione
818 2183 860 2248 ult
849 2184 954 2248 terius.
995 2207 1109 2249 nam·

143 2275 257 2344 nibalis
276 2287 308 2344 et
325 2279 410 2365 apud
424 2278 609 2344 Romanos'
600 2301 664 2344 ram
682 2287 735 2344 ant
736 2300 753 2343 e
768 2275 904 2364 Sagunti
921 2277 1082 2344 excidium
1098 2274 1173 2368 J

142 2369 313 2447 berrimum
338 2396 453 2440 nomen
481 2382 547 2438 erat
573 2381 604 2437 et
632 2369 814 2457 Scipionem
841 2370 1005 2437 Hannibal
1034 2394 1073 2440 eo
1096 2395 1147 2437 ιιι

143 2467 228 2550 quod
251 2468 403 2534 adversus
423 2489 458 2532 se
476 2468 542 2531 dux
558 2465 759 2551 potissimum
777 2465 877 2531 lectus
896 2475 994 2544 esset,
1017 2488 1157 2578 prae
1116 2493 1145 2525 ι

107 2568 207 2628 atem
237 2562 339 2626 virum
370 2560 527 2627 credebat.
572 2569 603 2624 et
635 2569 786 2626 auxerant
815 2561 896 2625 inter
927 2581 961 2626 se
988 2563 1161 2651 opinion

138 2651 268 2738 Scipio,
295 2654 380 2737 quod
402 2653 561 2720 relictus
551 2676 585 2718 ιιι
608 2649 714 2719 Gallia
737 2654 849 2721 obvius
872 2654 1006 2720 fuerat
996 2678 1032 2720 ιιι
1053 2654 1138 2721 Ι

142 2755 339 2832 transgresso
357 2746 546 2827 Hannibali,
573 2746 765 2834 [Hannibal]
790 2758 821 2814 et
845 2757 960 2815 conatu
982 2757 1149 2817 tama

143 2839 384 2905 traiciendarum
401 2839 534 2927 Alpium
553 2852 584 2907 et
603 2842 728 2908 effectu.

93 2954 125 3002 ιο
209 2930 389 3019 Occupavit
411 2946 516 3000 tamen
535 2934 644 3022 Scipio
661 2936 821 3002 Padumt
809 2937 951 3015 traicere,
980 2948 1012 3003 et
1035 2932 1166 3005 adr

141 3049 219 3093 num
240 3050 366 3094 amnem
384 3030 476 3095 motis
496 3030 622 3107 eastris,
646 3031 831 3116 priusquam
849 3032 1024 3096 educeret'
984 3041 1049 3098 tm
1067 3031 1148 3131 ac'u:¹

142 3122 408 3190 adhortandorum
422 3126 500 3190 milit
489 3136 555 3190 tum
570 3148 667 3191 causa
680 3125 776 3191 talem
789 3135 856 3191 orat
857 3127 961 3191 ionem
971 3137 1021 3192 est
1030 3149 1136 3193 exo-u

108 3239 122 3285 1
204 3216 363 3288 XXXX.
409 3218 464 3287 ‘Si
487 3242 559 3286 eum
583 3221 768 3298 exercitum,
796 3221 875 3285 milit
864 3231 925 3299 tes,
954 3216 1171 3288 educerem

141 3310 256 3389 aciem,
275 3334 369 3395 quem
386 3314 420 3379 in
435 3311 540 3380 Gallia
554 3336 679 3380 mecum
691 3314 802 3392 habui,
822 3315 1074 3402 supersedissem
1088 3315 1110 3381 l=
1122 3344 1126 3369 ι
1139 3349 1165 3385 ,.;

107 3423 124 3470 a
142 3405 227 3492 apud
248 3427 320 3471 vos:
348 3408 424 3492 quid
446 3407 529 3472 enim
551 3409 710 3474 adhortari
732 3409 862 3475 referret
884 3420 939 3475 aut
961 3433 1016 3476 eos
1045 3408 1157 3496 equit'

141 3500 196 3584 qui
220 3501 392 3585 equitatum
413 3501 550 3568 hostium
573 3504 614 3569 ad
630 3503 822 3569 Rhodanum
843 3503 963 3571 fiumen
985 3506 1110 3594 egregie
1139 3498 1175 3580 ζ

141 3595 273 3674 cissent,
300 3605 355 3661 aut
381 3618 435 3661 eas
461 3597 617 3684 legiones,
649 3621 722 3664 cum
748 3599 862 3684 quibus
889 3599 1161 3687 fugientemh

140 3689 247 3773 ipsum
263 3642 387 3755 bostem
406 3701 532 3756 secutus
548 3691 780 3759 confessionem
793 3692 933 3760 cedentis
948 3717 987 3759 ac
1000 3694 1159 3791 detraes*¹

107 3803 124 3850 a
142 3783 182 3847 tis
201 3792 357 3850 certamen
374 3808 432 3872 pro
450 3787 586 3853 victoria
595 3786 711 3852 habui?
737 3790 835 3869 nune,
854 3789 929 3874 quia
941 3789 995 3855 ille
1008 3774 1163 3858 exerui

141 3875 318 3986 Hispaniae
324 3880 515 3990 ‘provincias
528 3880 678 3969 scriptus,
697 3883 741 3950 ibi
755 3883 938 3950 cumfratre
953 3883 1014 3951 Cn.
1028 3883 1167 3973 Scip'o

143 3971 224 4036 meis
244 3975 390 4060 auspiciis
409 3998 474 4040 rem
489 3977 584 4065 gerit,
603 3977 659 4043 ubi
672 4000 744 4046 eum
756 4001 865 4067 gerere
880 3990 1009 4047 senatus
1025 3978 1141 4069 populu
