2528 4514
142 221 205 294 168
282 295 291 313 ,
377 235 496 294 nisse
513 232 645 306 xmm,
662 231 689 289 a.
701 231 727 289 4.
747 230 935 303 [asama]

100 441 104 449 ι
139 400 216 468 tiam
235 419 273 465 eo
290 394 430 481 recipere
449 402 570 459 vastam
584 413 621 457 ac
635 391 791 456 desertam
805 389 897 456 bellis
910 389 1020 456 urbem
1031 399 1085 477 patr

40 563 46 576 ‚
139 506 209 574 tur,
249 489 390 558 omnium
424 487 582 552 neminem
616 495 739 572 praeter
772 483 1031 550 Aristomachum
1062 509 1085 550 m

6 603 20 620 ⁹
52 575 54 580 ⁵
90 610 123 660 12
140 588 307 656 morituros
331 606 365 650 se
387 580 595 648 adfirmabant
617 581 708 646 citius
732 601 827 664 quam
850 578 975 644 inmixti
996 579 1085 645 Brutt

9 689 16 698 “
141 683 260 750 alienos
277 679 371 757 ritus,
398 699 502 743 mores
520 677 670 762 legesque
688 696 726 741 ac
743 697 818 740 mox
835 673 978 760 linguam
996 675 1085 744 etiam

91 799 123 847 13
142 786 289 844 terentur.
334 771 575 839 Aristomachus
598 792 694 848 unus,
721 769 848 854 quando
870 791 930 834 nec
953 770 1085 836 suadenl

141 870 332 937 deditionem
343 867 418 933 satis
428 865 554 932 valebat
565 886 634 944 nec,
649 864 731 930 sicut
743 863 854 930 urbem
867 863 1057 950 prodiderat,
1070 865 1086 929 l

91 987 124 1036 14
141 963 321 1053 prodendae
339 962 420 1028 arcis
433 959 627 1039 inveniebat,
646 959 815 1046 transfugit
829 959 871 1024 ad
878 958 1079 1025 Hannonem.

143 1080 268 1126 crenses
286 1057 375 1124 brevi
392 1065 465 1142 post
480 1054 591 1142 legati,
620 1076 692 1120 cum
709 1053 867 1141 permissu
884 1053 1055 1120 Hannonis
1071 1079 1086 1121 a

141 1154 324 1230 intrassent,
342 1149 547 1237 persuadent,
565 1158 600 1213 ut
617 1149 737 1214 traduci
756 1169 790 1214 se
808 1149 840 1214 in
854 1148 979 1214 Locros
998 1159 1086 1235 pater

91 1268 124 1317 15
141 1269 201 1314 nec
221 1246 332 1312 ultima
354 1243 488 1330 experiri
515 1242 639 1308 vellent.
660 1296 663 1300 .
684 1243 747 1308 iam
770 1242 830 1308 hoc
851 1252 887 1306 ut
908 1242 971 1309 sibi
993 1243 1086 1308 liceret

141 1348 340 1429 petraverant
362 1349 394 1405 et
415 1337 455 1404 ab
474 1336 656 1404 Hannibale
678 1336 783 1402 missis
807 1336 847 1401 ad
869 1337 903 1402 id
926 1337 1033 1423 ipsum
1054 1338 1086 1424 lq

141 1436 186 1502 ita
214 1433 351 1501 Crotone
386 1454 552 1498 excessum
588 1442 649 1510 est,
686 1431 875 1515 deductique
899 1429 1086 1498 Crotoniatas

142 1551 228 1594 mare
246 1549 343 1592 naves
362 1526 584 1592 conscendunt.
615 1525 739 1591 Locros
753 1525 854 1591 omnis
868 1525 1037 1592 multitudo
1051 1525 1086 1592 ab

92 1644 123 1694 re
206 1621 246 1688 In
263 1621 383 1707 Apulia
399 1643 440 1685 ne
457 1621 558 1686 hiems
577 1619 705 1704 quidem
723 1619 829 1704 quieta
849 1619 931 1684 inter
947 1620 1086 1686 Romano

144 1739 205 1804 que
214 1715 428 1783 Hannibalem
446 1724 522 1780 erat.
553 1714 710 1780 Luceriae
722 1711 929 1800 Sempronius
948 1714 1067 1793 consul,
1083 1713 1087 1778 1

92 1833 123 1881 1⁷
142 1810 229 1878 nibal
247 1809 324 1875 haut
341 1809 448 1896 procul
458 1809 556 1896 Arpis
574 1808 768 1875 hibernabat.
800 1808 882 1874 inter
895 1831 950 1874 eos
964 1810 1049 1875 levia
1060 1832 1087 1895 pr

144 1927 184 1970 ex
202 1903 366 1969 occasione
385 1913 439 1969 aut
456 1903 688 1990 opportunitate
701 1903 795 1968 huius
813 1913 868 1969 aut
884 1903 970 1969 illius
989 1905 1081 1990 partis

142 1998 270 2077 bantur,
298 1997 471 2083 meliorque
488 2002 533 2063 eis
555 1998 718 2066 Romanus
736 2008 768 2065 et
788 1999 906 2065 indies
926 2001 1049 2066 cautior
1067 2008 1087 2064 tt

144 2114 206 2178 que
225 2092 264 2159 ab
283 2092 404 2158 insidiis
422 2092 527 2159 fiebat.

110 2209 123 2255 1
208 2186 288 2252 1111.
324 2188 363 2252 In
383 2185 492 2254 Sicilia
505 2188 658 2255 Romanis
677 2189 783 2256 omnia
800 2199 978 2255 mutaverat
997 2211 1077 2256 mors

143 2283 228 2348 ronis
241 2304 437 2370 regnumque
447 2285 487 2349 ad
496 2283 727 2370 Hieronymum
740 2293 888 2370 nepotem
902 2285 971 2350 eius
982 2283 1087 2350 transh

21 2460 24 2464 Ι
142 2398 275 2463 puerum
293 2378 424 2443 vixdum
445 2377 633 2457 libertatem,
656 2379 773 2444 nedum
791 2378 1039 2444 dominationem
1055 2400 1087 2442 m

108 2490 124 2539 2
143 2471 289 2538 laturum.
330 2495 369 2539 ea
391 2482 491 2550 aetas,
519 2473 552 2538 id
574 2473 750 2560 ingenium3
778 2484 808 2540 et
830 2483 949 2540 tutores
973 2483 1087 2558 atquet

142 2567 183 2632 ad
205 2567 474 2655 praecipitandum
500 2568 533 2632 in
557 2570 661 2634 omnia
683 2569 758 2634 vitia
782 2578 980 2655 acceperunt.
1028 2590 1087 2652 qua

142 2659 249 2726 futura
271 2682 400 2727 cernens
422 2662 523 2728 Hiero
549 2662 659 2728 ultima
685 2673 812 2730 senecta
838 2663 979 2729 voluisse
1003 2662 1088 2728 dicits·

143 2751 235 2818 heras
256 2751 432 2840 Syracusas
449 2756 637 2840 relinquere,
664 2778 705 2822 ne
728 2755 786 2822 sub
805 2756 967 2822 dominatu
991 2754 1087 2842 pueril

91 2889 94 2894 -
142 2845 313 2913 ludibrium
348 2848 439 2916 bonis
474 2850 593 2918 artibus
629 2860 753 2937 partum
788 2850 1011 2935 firmatumque
1040 2851 1088 2914 int

109 2961 124 3009 3
144 2963 286 3028 regnum.
340 2942 414 3010 huic
435 2944 565 3010 consilio
588 2945 656 3010 eius
680 2967 803 3029 summa
825 2967 885 3030 ope
907 2944 1056 3010 obstitere
1080 2948 1088 3007 t

143 3057 260 3102 nomen
285 3036 408 3125 regium
438 3060 535 3126 penes
562 3060 694 3125 puerum
726 3037 867 3103 futurum
894 3048 1000 3117 ratae,
1036 3061 1088 3125 reg

142 3152 247 3197 rerum
265 3131 405 3197 omnium
422 3154 519 3219 penes
543 3156 577 3199 se
600 3133 745 3218 virosque
770 3155 844 3198 suos
862 3130 1088 3219 Adra[nod0m

108 3243 125 3290 4
144 3223 314 3312 Zoippum,
334 3227 388 3310 qui
402 3224 685 3313 Syracusa]norum
702 3226 795 3312 primi
812 3226 1077 3310 relinquebantur.

142 3317 235 3384 facile
253 3330 320 3385 erat
337 3321 597 3408 nonagensimum
615 3322 679 3386 iam
697 3321 803 3407 agenti
821 3343 948 3399 annum,
967 3322 1088 3387 circum

144 3411 211 3477 dies
229 3423 400 3498 noctesque
418 3414 622 3481 muliebribus
640 3414 813 3492 blanditiis,
836 3414 970 3480 liberare
988 3416 1088 3481 animo

67 3593 70 3596 ἦ
110 3526 126 3573 5
144 3516 325 3609 convertere
342 3508 383 3572 ad
398 3508 557 3610 publicam
573 3506 762 3658 [apprivata
779 3529 896 3573 curam.
934 3510 1042 3595 itaque
1060 3520 1089 3574 tu

143 3591 238 3658 modo
261 3594 440 3677 quindecim
461 3616 559 3680 puero
580 3616 614 3659 re
626 3594 740 3679 inquit,
769 3615 848 3678 quos
870 3605 1019 3680 precatus
1043 3605 1088 3662 est

142 3686 241 3765 riens,
278 3695 313 3752 ut
338 3686 433 3753 fidem
461 3710 537 3775 erga
561 3689 714 3776 populum
739 3689 920 3754 Romanum
948 3689 1089 3774 quinqua

145 3802 243 3846 annos
261 3779 301 3846 ab
320 3802 355 3846 se
373 3781 488 3848 cultam
505 3782 686 3849 inviolatam
705 3792 865 3848 servarent
882 3783 1089 3869 iuvenemque

144 3873 343 3959 potissimum
360 3876 502 3963 vestigiis
519 3876 662 3943 insistere
680 3876 810 3955 vellent,
837 3877 1041 3963 disciplinae,
1068 3878 1089 3947 ir

110 3987 126 4034 o
145 3967 276 4033 eductus
290 3978 383 4036 esset.
411 3970 490 4036 haec
498 3971 654 4038 mandata.
682 3992 754 4037 cum
768 3970 971 4057 exspirasset,
991 3995 1051 4060 per
1064 3985 1089 4041 tt
