2528 4514
143 216 186 284 62
417 223 536 283 arana
552 224 655 296 xxn,
675 224 699 280 r.
719 217 905 295 [auena]

110 410 127 459 a
144 390 227 455 inter
242 408 362 473 paucas
380 393 553 451 memorata
570 382 679 469 populi
692 381 829 448 Romani
848 381 963 448 clades.
1000 381 1046 467 qui

144 483 231 548 milia
247 481 463 548 Romanorum
480 480 514 543 in
533 478 599 543 acie
617 500 723 555 caesa,
742 478 852 542 decem
870 476 957 542 milia
973 499 1046 564 spat

144 599 201 662 per
227 598 353 642 omnem
378 573 539 638 Etruriam
571 572 689 637 aversis
720 569 884 638 itineribus
915 570 1025 638 urbem

111 694 126 740 a
145 671 208 734 duo
225 669 313 735 milia
330 666 493 754 quingenti
510 666 649 732 hostiurn
665 666 700 730 in
718 666 797 744 acie,
824 665 916 731 multi
938 676 1046 753 postea

97 760 102 769 '
145 786 207 848 que
233 785 273 829 ex
299 761 482 828 vulneribus
507 761 637 847 periere.
683 760 847 846 multiplex
879 761 992 827 caedes
1025 783 1046 825 u

110 863 230 928 stacta
261 861 392 926 traditur
423 859 464 925 ab
496 858 580 924 aliis:
618 879 692 944 ego,
729 867 948 943 praeterquam
983 878 1045 941 quo

144 956 293 1021 haustum
316 977 356 1020 ex
378 975 459 1019 vano
483 953 593 1032 velim,
621 973 684 1037 quo
705 951 799 1017 nimis
817 950 969 1016 inclinant
987 950 1046 1016 ferr

145 1048 286 1116 bantium
318 1048 428 1127 animi,
460 1046 596 1113 Fabium
628 1046 792 1132 aequalem
823 1045 1018 1133 temporibus

112 1143 221 1211 obelli
238 1142 439 1230 potissimum
458 1151 616 1207 auctorem
635 1139 742 1206 habui.
787 1139 951 1206 Hannibal
973 1150 1045 1228 capt

146 1238 200 1323 qui
219 1237 330 1304 Latini
347 1235 482 1302 nominis
501 1244 620 1314 essent,
645 1235 713 1300 sine
731 1235 831 1322 pretio
849 1234 1004 1313 dimissis,
1027 1234 1046 1300 Ι

144 1334 178 1397 in
203 1331 331 1399 vincula
357 1332 453 1411 datis,
487 1339 654 1418 segregata
684 1351 724 1396 ex
754 1329 894 1395 hostium
926 1351 1046 1396 coacert

145 1426 279 1493 cumulis
306 1448 436 1513 corpora
464 1446 592 1491 suorum
615 1434 688 1490 cum
711 1423 836 1510 sepeliri
857 1424 1017 1503 iussisset,
1043 1424 1046 1490 ζ

144 1541 271 1605 quoque
289 1541 402 1606 corpus
421 1519 541 1585 funeris
560 1540 657 1585 causa
674 1541 790 1606 magna
809 1540 882 1585 cum
899 1541 974 1584 oura
996 1520 1046 1604 inq

143 1636 207 1680 non
224 1614 353 1680 invenit.

111 1729 125 1776 6
208 1707 331 1775 Romae
353 1709 394 1774 ad
415 1708 552 1795 primum
577 1707 721 1774 nuntium
744 1707 841 1773 cladis
866 1707 934 1773 eius
962 1729 1036 1773 cum

145 1813 262 1867 terrore
285 1824 323 1868 ac
345 1802 482 1867 tumultu
506 1824 676 1869 concursus
700 1802 733 1866 in
750 1802 855 1868 forum
872 1802 981 1888 populi
1000 1813 1046 1869 est

112 1917 125 1962 7
145 1906 306 1961 matronae
319 1918 421 1982 vagae
435 1897 579 1982 pervias,
599 1919 680 1983 quae
693 1918 806 1984 repens
822 1897 926 1963 clades
941 1897 1046 1964 adlata

145 1989 272 2055 fortuna
299 1989 453 2055 exercitus
481 2001 580 2070 esset,
609 1990 720 2058 obvios
752 2001 1004 2077 percunctantur.

144 2082 317 2168 frequentis
344 2084 496 2150 contionis
524 2086 618 2152 modo
645 2084 737 2152 turba
762 2085 796 2150 in
822 2086 983 2152 comitium
1009 2096 1040 2152 et

111 2197 126 2245 8
146 2200 238 2244 versa
261 2179 463 2266 magistratus
482 2190 622 2261 vocaret,
646 2181 774 2247 tandem
792 2180 878 2247 haud
895 2182 995 2247 multo
1014 2206 1046 2248 ar

145 2296 292 2341 occasum
314 2273 362 2340 M.
384 2275 581 2364 Pomponius
607 2288 731 2365 praetor
759 2278 894 2365 ‘pugna'
919 2278 1023 2363 inquit

144 2366 219 2434 uicti
242 2370 376 2449 sumus,’
403 2382 435 2437 et
456 2392 647 2457 quamquam
669 2371 747 2436 nihil
770 2372 885 2438 certius
909 2393 949 2437 ex
972 2394 1011 2438 eo
1040 2398 1046 2438 a

145 2473 206 2543 est,
226 2473 331 2531 tamma
346 2465 426 2532 alius
440 2465 480 2532 ab
499 2466 560 2532 alio
578 2465 688 2552 inpleti
704 2464 882 2534 rumoribus
900 2466 1013 2534 domos
1032 2492 1046 2534 r

110 2575 125 2623 9
145 2558 306 2624 consulem
330 2581 402 2626 cum
422 2580 542 2647 magna
563 2568 652 2646 parte
670 2560 830 2646 copiarum
849 2582 989 2640 caesum,
1016 2584 1046 2628 su

143 2673 262 2736 paucos
285 2662 339 2718 aut
360 2654 439 2741 fuga
460 2653 580 2740 passim
599 2676 655 2741 per
672 2653 833 2722 Etruriam
852 2677 978 2742 sparsos
999 2679 1046 2722 aut

92 2762 125 2811 10
144 2744 184 2810 ab
202 2743 304 2811 hoste.
340 2757 417 2830 quot
435 2768 527 2814 casus
547 2749 702 2817 exercitus
720 2750 796 2816 victi
812 2749 953 2829 fuerant,
972 2760 1021 2818 tot
1037 2751 1046 2817 i

145 2837 299 2924 dispertiti
324 2839 421 2905 animi
447 2862 555 2907 corum
578 2852 679 2924 erant,
706 2867 841 2929 quorum
861 2842 1034 2933 vpropinqui

143 2930 300 2998 Flaminio
318 2934 446 3001 consule
464 2947 654 3017 meruerant,
679 2938 906 3025 ignorantium,
926 2961 1008 3024 quae
1028 2963 1045 3007 c

146 3047 274 3092 suorum
291 3026 419 3095 fortuna
436 3039 530 3097 esset.
574 3054 633 3097 nec
651 3032 820 3119 quisquam
838 3033 915 3100 satis
934 3044 1046 3100 certum

93 3141 124 3188 11
144 3121 220 3206 quid
242 3132 297 3188 aut
320 3132 423 3211 speret
446 3133 500 3190 aut
522 3124 639 3192 timeat.
683 3137 810 3214 postero
834 3151 871 3194 ac
894 3129 1043 3215 deinceps

105 3263 106 3266 ,
144 3215 255 3282 diebus
282 3218 323 3283 ad
349 3227 456 3305 portas
483 3219 584 3286 maior
608 3242 706 3308 prope
733 3222 899 3288 mulierum
921 3245 1046 3308 quarn*

58 3378 61 3382 A
143 3310 310 3379 multitudo
338 3313 422 3379 stetit
449 3324 504 3380 aut
530 3336 658 3381 suorum
685 3315 822 3402 aliquem
848 3329 904 3383 aut
924 3317 1046 3384 nuntios

144 3404 325 3492 opperiens,
344 3407 736 3496 circumfundebanturque
750 3410 852 3477 obviis
866 3411 1046 3479 sciscitante

142 3499 250 3580 avelli,
273 3501 382 3587 utique
400 3501 440 3569 ab
458 3501 556 3583 notis,
578 3504 763 3592 priusquam
781 3507 889 3571 ordine
908 3506 1014 3572 omnia
1031 3507 1046 3572 i:

93 3613 125 3662 12
144 3602 379 3682 sentpoterant.
406 3595 480 3663 inde
497 3595 600 3665 varios
618 3598 723 3666 vultus
742 3600 983 3688 digredientium
1002 3600 1043 3668 ab

144 3709 301 3770 cerneres,
329 3698 365 3756 ut
387 3691 501 3777 cuique
522 3690 606 3759 laeta
623 3701 678 3760 aut
696 3694 796 3760 tristia
813 3694 1046 3775 nuntiabantur,

142 3781 299 3870 lautisque
321 3795 377 3852 aut
393 3784 585 3854 consolantis
602 3788 805 3856 redeuntibus
824 3790 933 3856 domos
952 3789 1046 3855 circu

143 3876 332 3946 feminarum
356 3879 525 3969 praecipue
548 3894 580 3949 et
600 3883 717 3972 gandia
740 3883 876 3972 insignia
898 3893 986 3951 erant
1009 3894 1042 3951 et

94 3990 126 4041 ra
143 3992 240 4038 unam
260 3973 294 4039 in
314 3974 386 4062 ipsa
401 3984 497 4063 'porta
519 3976 630 4068 sospiti
650 3976 716 4046 filiu
736 3989 865 4068 repente
888 3978 1027 4046 oblatam
