2528 4514
146 205 211 274 144
338 214 458 275 LIBER
475 214 593 286 XXIII,
610 213 653 277 m,
665 215 708 271 ³1.
728 210 978 309 [machthild]

141 386 277 455 retenta,
303 376 338 443 in
363 396 460 459 quam
485 373 565 441 iuter
587 371 757 441 tumultum
779 380 891 458 ceptae
917 369 1002 441 urbis
1025 388 1066 435 er

89 495 125 546 ·s
142 475 240 541 caede
257 471 386 558 quidum
404 470 554 558 effingere.
599 481 631 536 et
647 470 828 537 Locrenses
846 468 1006 541 descivere
1021 468 1054 539 ad

108 591 124 640 o
142 569 203 637 tios
220 567 411 650 Poenosque
427 565 551 651 prodita
568 565 767 633 multitudine
785 587 806 631 a
821 563 1023 651 principibus.
1052 563 1066 637 l

142 661 360 729 tantummode
376 660 514 747 regionis
533 660 602 729 aius
620 669 651 727 et
668 660 701 729 ‘m
717 659 781 727 fide
798 681 877 746 erga
892 658 1066 727 Romus,

142 757 265 824 taststis
283 777 361 821 suae
378 755 420 821 ad
436 754 581 823 initimum
598 762 790 822 manserunt.

92 873 126 923 ιο
208 848 397 917 InSiciliam
406 870 531 933 quoque
545 849 656 915 eadem
664 847 823 915 inclinatio
838 847 1014 936 animorum
1025 869 1066 933 pe

143 958 175 1014 et
191 969 234 1012 us
245 947 360 1012 domus
377 945 506 1030 quidem
514 943 665 1011 Hieronis
684 951 750 1011 tota
767 942 808 1011 ab
826 941 1004 1011 defectione
1016 942 1066 1009 ebs

81 1061 124 1120 ‚11
143 1063 279 1126 namque
289 1037 386 1118 Gelo,
404 1039 562 1106 maximus
576 1037 696 1124 stirpis,
716 1046 897 1123 contempta
910 1036 1006 1103 simul
1018 1059 1066 1105 sen

142 1135 256 1223 petris,
284 1133 379 1205 simul
400 1143 473 1219 post
490 1131 693 1203 Cannensem
718 1131 841 1200 eudem
857 1131 1006 1199 Romana
1030 1154 1066 1197 so

93 1248 125 1297 12
143 1230 185 1295 sd
201 1228 328 1295 Poenos
346 1227 477 1306 defecit,
502 1226 717 1310 movissetque
738 1226 772 1293 in
791 1222 901 1292 Sicilia
922 1249 990 1305 res,
1016 1226 1066 1291 uisi

142 1324 223 1389 adeo
239 1330 432 1408 opportuna,
453 1329 489 1387 ut
505 1330 627 1406 petrem
645 1341 771 1404 quoque
790 1320 971 1405 suspicione
989 1342 1066 1407 asper

143 1426 317 1487 umanum
338 1436 412 1481 eum
437 1413 670 1481 multitudinem
693 1413 977 1498 sollicitantemque
999 1414 1066 1480 soci

144 1511 342 1596 sumpsisset
376 1509 456 1575 haec
474 1530 511 1575 eo
529 1531 612 1575 anno
630 1508 664 1573 in
681 1507 787 1586 Italia,
806 1507 840 1572 iu
856 1506 985 1587 Africa,
1007 1507 1066 1573 int

142 1605 177 1669 in
193 1603 354 1690 Hispanis
369 1603 456 1669 vario
473 1612 590 1669 eventu
607 1612 686 1671 acta.

94 1719 126 1768 13
207 1697 310 1764 Exitu
331 1698 406 1763 anni
428 1696 469 1781 Q.
487 1696 607 1763 Fabius
630 1696 793 1767 Maximus
817 1721 837 1763 a
858 1707 972 1765 senatu
996 1706 1066 1783 post

144 1802 179 1857 ut
196 1793 308 1859 sedam
324 1790 459 1857 Veneris
475 1791 648 1870 Erucinae,
675 1813 771 1876 quam
792 1790 926 1857 dictator
943 1792 1066 1859 vovisse

94 1906 128 1955 14
145 1887 250 1951 dicare
267 1886 383 1952 liceret
421 1895 548 1952 senatus
566 1885 717 1964 decrevit,
735 1885 830 1957 utTi.
843 1883 1052 1971 Sempronius

145 1980 345 2067 designatus,
372 2000 445 2045 cum
471 1980 608 2066 primum
634 1979 784 2049 honorem
810 1979 936 2058 inisset,
965 1981 1006 2046 ad
1030 2003 1066 2066 po

144 2073 253 2152 ferret,
280 2086 317 2139 ut
333 2072 375 2157 Q.
392 2072 528 2141 Fabium
546 2073 748 2143 duumvirum
766 2095 837 2141 esse
857 2072 1004 2141 iuberent
1023 2096 1066 2141 aet

94 2188 127 2237 15
146 2167 298 2233 dicandae
320 2189 425 2234 eausa
471 2177 502 2232 et
518 2166 566 2233 M.
585 2166 723 2235 Aemilio
744 2167 883 2257 Lepido,
919 2168 976 2252 qui
997 2167 1050 2235 bis

145 2283 308 2348 augurque
326 2261 441 2340 fuerat,
460 2261 505 2329 fili
524 2262 762 2340 tres—Lucius,
781 2261 922 2340 Marcus,
944 2261 1066 2347 Quinta

146 2357 202 2422 dos
221 2355 369 2422 funebres
388 2356 600 2442 pertriduum
622 2365 658 2421 et,
670 2355 879 2442 gladiatorum
896 2357 986 2441 paria
1004 2359 1067 2423 duo

96 2472 126 2521 16
145 2450 226 2539 giuti
243 2449 317 2536 (per
334 2451 490 2535 triduum)
508 2451 541 2514 in
558 2450 628 2515 foro
646 2451 808 2516 dederunt
852 2450 972 2515 aediles
996 2473 1066 2516 curu

143 2546 313 2611 Laetorius
336 2554 368 2610 et
390 2544 439 2611 Ti.
461 2542 666 2630 Sempronius
691 2541 868 2623 Gracchus,
901 2545 1013 2611 consul
1036 2547 1066 2610 ds

145 2651 210 2716 tus,
237 2639 293 2723 qui
309 2639 343 2703 in
360 2638 516 2705 aedilitate
534 2639 685 2726 magister
701 2639 843 2722 equitum
860 2638 977 2718 fuerat,
1005 2639 1066 2704 lud«

95 2745 126 2793 1⁷
145 2754 256 2798 manos
274 2731 428 2809 fecerant,
456 2733 510 2816 qui
531 2755 587 2818 per
609 2734 745 2799 triduum
766 2733 931 2799 instaurati
949 2742 1033 2798 sunt.

145 2823 214 2889 ludi
229 2826 376 2891 aedilium
394 2825 442 2891 M.
461 2825 573 2895 Aureli
592 2825 705 2893 Cottae
723 2836 754 2891 et
770 2825 818 2891 Μ.
838 2825 954 2893 Claudi
971 2826 1064 2892 Marc

144 2920 318 2985 instaurati.

95 3040 127 3090 18
211 3015 410 3083 Circumncto
437 3017 526 3083 tertio
555 3039 637 3083 anno
657 3014 772 3081 Punici
797 3016 872 3082 belli
895 3016 944 3081 Ti.
972 3014 1066 3102 Semp

144 3110 253 3176 consul
270 3110 376 3176 idibus
393 3109 518 3177 Martiis
537 3110 755 3197 magistratum
772 3111 840 3176 init.
875 3111 1066 3197 praetores(

144 3204 215 3269 vius
232 3203 382 3282 Flaccus,
409 3205 558 3289 quiante
582 3204 629 3269 bis
652 3204 762 3270 consul
785 3226 959 3289 censorque
981 3205 1066 3271 fuera

144 3298 273 3377 banam,
292 3298 340 3364 M.
354 3298 502 3364 Valerius
519 3298 682 3365 Laevinus
701 3299 898 3385 peregrinam
917 3309 1035 3367 sortem
1053 3302 1066 3365 i

144 3391 280 3458 diutione
297 3392 421 3470 habuit,
443 3391 508 3477 Ap.
529 3391 682 3457 Claudius
700 3391 839 3459 Pulcher
856 3390 1015 3473 Siciliam,
1045 3393 1066 3475 G

95 3506 126 3554 te
145 3486 213 3551 cius
236 3484 391 3552 Scaevola
410 3485 588 3553 Sardiniam
616 3486 715 3552 sortiti
743 3498 824 3552 sunt
869 3486 917 3552 M.
941 3486 1065 3553 Marcel

145 3580 273 3646 consule
298 3581 464 3666 imperium
490 3602 560 3647 csse
587 3581 722 3665 populus
748 3581 854 3659 iussit,
881 3582 968 3665 quod
993 3594 1066 3668 post

144 3697 274 3740 nensem
297 3675 418 3741 cladem
440 3697 522 3739 unus
544 3674 759 3741 Romanorum
781 3675 1005 3760 imperatorum
1032 3678 1066 3742 in

144 3791 294 3855 prospere
311 3792 379 3835 rem
396 3769 559 3856 gessisset.

112 3883 126 3930 1
209 3862 348 3930 XXXL
378 3861 525 3941 Senatus,
535 3885 598 3947 quo
613 3864 663 3928 die
677 3865 812 3949 primum
826 3875 874 3929 est
886 3865 920 3931 in
931 3863 1066 3953 Capitoli

147 3956 263 4036 sultus,
289 3958 427 4024 decrevit
445 3968 534 4025 uteo
554 3980 636 4023 anno
656 3959 772 4044 duplex
790 3958 941 4025 tributum
964 3961 1066 4047 imper
