2528 4514
228 261 346 318 amna
362 263 561 335 xxm,a.e.
580 262 733 334 [acme]
934 254 995 321 121

95 427 145 486 ute.
177 418 247 486 solis
268 419 370 488 ferme
391 442 507 488 occasu
527 430 649 509 patrem
672 419 840 489 Calavium
861 445 902 489 ex
923 446 1034 496 eon-s

95 535 238 601 regressum
264 524 393 581 secutus
414 516 513 595 filius3
539 515 596 581 ubi
616 516 650 581 in
672 527 828 583 secretum
843 517 998 586 -hortus

96 607 183 693 pelicis
203 607 329 674 aedium
349 608 493 696 partibus
510 645 538 657 —
553 619 778 695 pervenerunt,
806 611 1033 685 ‘eonsilium'e

95 699 219 781 t‘udlero,
236 711 335 788 pater,
353 725 417 788 quo
430 727 495 770 nou
511 704 637 769 veniam
650 703 753 770 solum
764 706 896 792 peccati,
914 709 999 792 quod

95 792 152 862 lnus
169 797 207 861 ad
222 795 452 877 Hannibalem,
479 799 675 885 impetraturi
695 798 737 864 ab
754 798 922 880 Romanis,
950 811 999 869 set

95 886 136 954 nlto
147 891 253 957 maiore
271 891 423 978 dignitate
441 901 473 957 et
489 892 591 978 gratia
608 892 707 958 simus
730 890 887 980 Campani
903 915 999 980 quam

95 1001 136 1046 un
153 982 287 1050 fuimus'.
332 1007 405 1051 cum
431 985 636 1052 mirabundus
661 995 765 1072 pater,
792 987 944 1072 quidnam
964 988 999 1054 id

95 1077 203 1156 .anlii,
220 1089 398 1163 quaereret,
415 1087 491 1166 toga
507 1080 624 1145 reiecta
641 1078 681 1145 ab
699 1101 808 1147 umero
825 1080 908 1146 latus
927 1104 999 1149 suc-

95 1178 129 1232 tn
140 1169 231 1256 gladio
247 1172 357 1238 nudat.
393 1173 471 1238 ‘iam
488 1172 562 1260 ego’
579 1172 682 1257 inquit
699 1173 999 1261 ‘sanguineHanni·
1017 1192 1053 1243 10

95 1264 208 1332 landam
223 1266 404 1333 Romanum
425 1266 548 1333 foedus.
593 1277 624 1332 te
644 1267 783 1353 idprius
805 1267 885 1334 scire
901 1267 998 1348 volui,

95 1355 240 1440 ramesse,
258 1361 335 1426 dum
352 1360 476 1428 facinus
493 1371 648 1448 patratur,
666 1361 801 1429 malles’.

95 1440 157 1515 lllll
186 1452 274 1538 Quae
291 1454 347 1520 ubi
365 1455 486 1521 audivit
501 1455 642 1540 viditque
655 1477 766 1535 senex,
784 1455 871 1522 velut
891 1456 919 1522 si
934 1455 999 1521 iam
1016 1476 1031 1525 1

95 1536 206 1630 &quae
226 1548 375 1615 audiebat
395 1549 575 1628 interesset,
606 1571 715 1617 amens
737 1559 824 1616 metu
847 1555 917 1636 ‘per
937 1571 998 1637 ego
1018 1567 1036 1616 a

95 1630 158 1720 aquit
174 1642 240 1722 ‘fili,
267 1663 484 1727 quaecumque
506 1645 575 1709 iura
595 1643 711 1711 liberos
733 1644 868 1732 iungunt
887 1665 999 1730 paren-

95 1748 109 1805 ¹,
124 1753 209 1818 precor
224 1760 420 1823 quaesoque,
446 1760 486 1805 ne
508 1748 580 1804 ante
602 1738 712 1805 oeulos
729 1739 828 1825 patris
844 1738 950 1804 facere
967 1747 999 1804 et

96 1826 165 1894 lunia
177 1831 304 1897 infanda
320 1833 410 1899 velis.
454 1855 575 1919 paucae
592 1833 689 1899 horae
707 1843 793 1913 sunt,
819 1833 903 1899 intra
918 1854 998 1918 quas
1017 1852 1035 1901 a

95 1923 133 1981 m
143 1941 185 2006 per
194 1926 346 2010 quidquid
359 1925 490 1992 deorum
503 1937 565 2006 est,
584 1927 713 1994 dextrae
725 1928 852 1994 dextras
865 1927 999 2015 iungen-

95 2000 147 2076 blm
161 2016 375 2085 obstr-luximus
393 2058 420 2068 -
436 2031 472 2086 ut
489 2030 627 2088 sacratas
648 2022 711 2089 fide
732 2043 845 2088 manus
864 2021 1000 2109 digressi

95 2098 180 2189 ¹ltqtio
199 2115 357 2199 extemplo
383 2115 416 2179 in
443 2137 516 2181 eum
542 2115 754 2181 armaremus?
788 2114 830 2181 ab
850 2113 1035 2201 hospitalia

95 2205 215 2291 *ugia
234 2207 276 2272 ad
293 2229 389 2290 quam
406 2209 516 2274 tertius
531 2207 767 2294 Campanorum
785 2207 944 2274 adhibitus
963 2228 998 2273 es

95 2276 223 2378 lhffle,
246 2311 282 2365 ut
299 2323 370 2366 eam
386 2302 489 2387 ipsam
507 2324 650 2367 mensam
667 2294 848 2367 cruentares
864 2300 999 2386 hospitis

95 2378 157 2459 Μ
163 2391 372 2459 Hannibalem
385 2406 475 2481 pater
486 2395 552 2461 filio
564 2417 635 2460 meo
643 2393 734 2481 potui
745 2393 885 2480 placare,
898 2393 999 2459 filium

95 2471 154 2548 *llll
167 2511 229 2554 non
250 2490 406 2576 possum?
440 2500 489 2556 set
510 2490 551 2555 sit
571 2489 650 2555 nihil
675 2488 789 2566 sancti,
819 2509 883 2553 non
907 2486 998 2565 fides,
1016 2506 1036 2557 ὁ

95 2568 176 2662 '‘lgio,
197 2606 261 2649 non
277 2584 393 2668 pietas,
413 2584 587 2650 audeantur
603 2583 746 2661 infanda,
770 2582 798 2646 si
814 2602 879 2648 non
895 2580 1000 2668 perni-

107 2668 169 2739 nobis
199 2698 271 2741 cum
302 2677 418 2743 scelere
447 2677 562 2743 ferrmt.
615 2699 698 2742 unus
729 2675 938 2763 adgressurus
963 2695 1034 2745 ess

95 2753 202 2833 aldem?
236 2770 313 2854 quid
329 2770 384 2836 illa
400 2769 493 2836 turba
509 2779 555 2836 tot
571 2770 741 2836 liberorum
763 2788 998 2854 servorumque,

96 2851 222 2929 bunum
244 2867 356 2930 intenti
377 2867 518 2931 omnium
535 2866 632 2945 oculi,
659 2866 736 2951 quid
757 2874 804 2933 tot
825 2865 955 2931 dextrae
971 2901 999 2914 ··

95 2959 195 3023 sentin
208 2960 344 3024 amentia
355 2960 428 3025 illa?
448 2959 568 3026 voltum
580 2961 681 3048 ipsius
689 2959 891 3039 Hannibalis,
904 2981 1000 3047 quem
1018 2979 1034 3027 t

95 3042 255 3118 lexercitus
273 3054 427 3119 sustinere
444 3064 618 3138 nequeunt,
636 3075 731 3138 quem
743 3054 849 3121 horret
861 3052 999 3141 populus

95 3162 149 3223 uus,
167 3157 202 3211 tu
219 3147 407 3213 sustinebis?
432 3157 468 3212 ut
485 3147 546 3214 alia
563 3148 681 3214 auxilia
695 3147 813 3214 desint:
830 3169 882 3212 me
894 3146 1000 3233 ipsum

95 3257 198 3325 corpus
220 3262 325 3305 meum
348 3251 557 3327 opponentem
578 3264 636 3328 pro
659 3263 788 3327 corpore
808 3237 999 3306 Hannibalis

95 3332 163 3402 abis?
188 3347 283 3421 atque
295 3358 353 3422 per
362 3359 468 3402 meum
481 3347 592 3422 pectus
605 3338 759 3424 petendus
772 3334 1000 3401 illetibitrans-
1016 3349 1034 3399 8

95 3451 179 3515 isque
198 3439 256 3496 est
293 3440 341 3496 set
358 3430 409 3496 hie
423 3440 454 3496 te
467 3431 615 3498 deterreri
629 3433 696 3497 sine
708 3429 814 3516 potius
828 3450 923 3512 quam
935 3426 1000 3492 illio

97 3525 220 3590 valeant
237 3545 346 3609 preces
365 3533 441 3609 aput
457 3533 488 3590 te
506 3546 595 3590 meae
614 3525 696 3590 sicut
711 3544 769 3610 pro
786 3532 817 3588 te
834 3521 928 3588 hodie
945 3542 1000 3585 va·

98 3617 116 3683 '.
142 3617 359 3683 lacrimantem
375 3617 449 3684 inde
460 3618 608 3684 iuvenem
621 3639 751 3684 cernens
768 3615 908 3682 medium
924 3634 1000 3679 eon·
1016 3632 1032 3682 9

95 3721 231 3796 ratque
253 3712 361 3777 osculo
384 3711 515 3778 haerens
537 3734 603 3778 non
619 3721 691 3778 ante
711 3709 857 3798 precibus
880 3706 999 3773 abstitit

95 3806 230 3885 mrvicit,
257 3816 293 3870 ut
309 3805 450 3893 gladium
465 3817 597 3893 poneret
617 3805 774 3889 fidemque
791 3803 893 3880 daret,
919 3799 998 3866 nihil

95 3924 126 3966 m
150 3899 222 3965 tale.
272 3909 340 3965 tum
361 3899 483 3965 iuvenis
508 3907 583 3987 ‘ego
605 3897 743 3984 quidem'
765 3896 867 3982 inquit
890 3900 999 3980 ‘quam
1018 3912 1055 3962 10

123 3995 226 4061 debeo
255 3994 423 4081 pietatem,
458 3994 620 4061 exsolvam
649 3991 740 4078 patri.
792 4000 880 4055 tuam
906 3989 998 4058 doleo
1018 4008 1050 4055 11
