2528 4530
207 227 273 293 466
418 234 537 291 LIBER
553 233 712 303 XXVIIII,
731 233 774 288 22.
787 232 831 286 23.
850 235 889 300 [a.
898 249 927 287 u.
937 248 962 287 o.
971 232 1037 304 550]

159 418 287 485 tepore
309 395 343 460 in
360 394 506 460 Africam
527 392 749 469 traiciendum,
775 388 982 477 Scipionique
999 391 1211 478 permitteretis,

209 502 246 557 ut
263 514 304 557 ex
319 493 348 555 is
367 488 571 565 exercitibus,
598 486 654 572 qui
674 486 709 550 in
727 484 838 551 Sicilia
858 497 982 564 essent,
1009 486 1079 573 ipse
1100 488 1213 576 eligeret,

209 609 289 671 quos
310 585 344 649 in
362 584 507 653 Africam
531 604 640 647 secum
662 582 822 659 traiceret,
849 602 930 665 quos
947 581 1130 668 provinciae
1143 584 1214 650 reln-

209 690 320 766 queret
336 677 506 765 praesidio.
1243 724 1258 767 ·.·.

175 790 189 836 1
274 772 413 837 XXIII.
440 771 530 836 Dum
547 770 625 835 haec
644 769 730 856 apud
741 769 906 835 Romanos
923 782 1089 857 geruntur,
1107 769 1216 838 Cartha·
1248 780 1258 871 ἑ

210 868 370 955 ginienses
394 888 533 951 quoque,
562 887 634 929 cum
657 864 794 951 speculis
817 888 875 951 per
897 865 1005 931 omnia
1026 869 1215 954 promunturia
1243 858 1258 957 ’.ζ

208 962 321 1050 positis
352 970 594 1048 percunctantes
623 972 840 1046 paventesque
871 960 914 1025 ad
944 961 1089 1048 singulos
1113 962 1215 1027 nuntios

176 1080 191 1127 a
211 1057 378 1124 sollicitam
395 1055 533 1120 hiemem
551 1054 706 1141 egissent,
724 1053 811 1118 haud
824 1076 959 1141 parvum
976 1065 1010 1120 et
1025 1055 1090 1142 ipsi
1106 1056 1217 1122 tuende
1244 1022 1258 1135 i

209 1152 341 1216 Africae
358 1161 553 1216 momentum
570 1149 753 1214 adiecerunt
771 1149 954 1215 societatem
968 1148 1128 1236 Syphacis
1142 1150 1217 1237 regit,

210 1247 299 1311 cuius
322 1245 460 1310 maxime
481 1243 597 1308 fiducia
619 1243 824 1308 traiecturum
845 1244 878 1309 iu
895 1244 1045 1310 Africam
1060 1245 1216 1312 Romanum
1242 1260 1247 1265 '

176 1362 191 1410 3
211 1340 421 1406 crediderunt.
448 1350 516 1404 erat
527 1338 724 1403 Hasdrubali
739 1337 892 1425 Gisgonis
906 1338 972 1404 filio
985 1362 1052 1405 non
1069 1339 1216 1427 hospitium

209 1435 304 1500 modo
322 1455 395 1499 oum
411 1456 502 1520 rege,
522 1433 562 1498 de
579 1455 643 1516 quo
662 1444 734 1497 ante
753 1432 873 1497 dictum
889 1444 952 1511 est,
972 1455 1046 1498 cum
1064 1457 1104 1499 ex
1120 1433 1217 1520 Hispa

209 1529 263 1593 nia
288 1530 370 1594 forte
395 1529 429 1592 in
450 1528 536 1592 idem
558 1537 684 1613 tempus
709 1525 818 1614 Scipio
840 1539 935 1612 atque
956 1529 1142 1595 Hasdrubal
1161 1551 1217 1596 tou·
1244 1596 1247 1601 .

210 1632 378 1700 venerunt,
403 1623 461 1688 sed
478 1621 596 1687 mentio
614 1643 740 1706 quoque
757 1622 906 1689 incohata
923 1622 1110 1702 adfinitatis,
1132 1636 1165 1689 ut
1176 1646 1216 1689 rer

176 1740 192 1786 4
211 1717 340 1782 duceret
356 1716 453 1781 filiam
466 1715 691 1782 Hasdrubalis.
727 1716 769 1780 ad
786 1739 857 1782 eam
873 1740 941 1782 rem
959 1718 1219 1784 consummandam

211 1823 398 1899 tempusque
415 1812 534 1897 nuptiis
553 1811 755 1877 statuendum
767 1811 871 1877 —iam
887 1811 973 1877 enim
990 1824 1024 1878 et
1040 1813 1154 1878 nubilis
1170 1822 1218 1879 ertt

211 1907 301 1993 virgo
318 1944 345 1954 -
361 1907 523 1992 profectus
537 1906 723 1972 Hasdrubal
740 1917 776 1971 ut
793 1927 962 1972 accensum
976 1907 1152 1994 eupiditate
1162 1916 1219 1971 -et

211 2012 285 2065 sunt
307 2012 379 2066 ante
402 2000 504 2066 omnis
522 2000 679 2066 Numidae
702 2001 853 2067 barbaros
875 2001 970 2067 effusi
986 2001 1022 2066 in
1039 2003 1221 2070 Venerem-

210 2096 318 2175 sensit‚
338 2095 493 2182 virginem
507 2093 731 2182 aCarthagine
747 2095 878 2160 arcessit
890 2106 1093 2182 maturatque
1105 2096 1222 2184 nuptias,

176 2211 190 2258 5
210 2201 242 2256 et
258 2191 340 2256 inter
358 2190 452 2254 aliam
470 2189 727 2276 gratulationem,
750 2200 786 2254 ut
802 2190 964 2276 publicum
981 2213 1110 2276 quoque
1128 2191 1221 2258 foelus

208 2285 332 2373 privato
354 2284 539 2362 adiceretur,
568 2284 702 2350 societas
724 2284 807 2349 inter
823 2285 977 2372 populum
996 2283 1223 2373 Carthaginien·

209 2381 292 2445 sium
313 2401 499 2467 regemque,
527 2379 602 2444 data
623 2379 706 2445 ultro
729 2379 870 2464 citroque
892 2379 955 2444 tide
972 2381 1107 2446 eosdem
1124 2381 1223 2446 amicos

175 2495 190 2542 6
208 2473 415 2558 inimicosque
433 2473 611 2551 habituros,
629 2473 697 2538 iure
715 2473 848 2539 iurando
866 2473 1062 2541 adfirmatur.
1104 2486 1224 2541 oetertm

207 2569 408 2646 Hasdrubal,
430 2592 552 2634 memor
570 2580 693 2633 etcum
711 2565 861 2656 Scipione
877 2568 974 2634 initae
991 2569 1063 2657 regi
1082 2569 1225 2637 societatis

208 2675 240 2728 et
267 2686 362 2747 quam
388 2687 471 2728 vana
498 2674 530 2728 et
555 2663 720 2729 mutabilia
742 2664 948 2730 barbarorum
969 2663 1104 2752 ingenia
1125 2676 1225 2742 essent,

208 2757 342 2836 veritus,
364 2780 405 2822 ne
424 2758 452 2822 si
470 2757 646 2823 traiecisset
662 2757 696 2821 in
712 2757 858 2823 Africam
877 2755 1001 2844 Scipio,
1019 2782 1156 2846 parvum
1172 2759 1227 2825 vin·
1255 2764 1258 2839 ᾗ

175 2869 188 2915 t
209 2849 315 2913 culum
337 2873 394 2915 eae
416 2851 545 2936 nuptiae
568 2863 690 2929 essent,
714 2852 790 2916 dum
808 2874 977 2917 accensum
994 2855 1120 2919 recenti
1136 2874 1226 2920 amore

206 2943 377 3008 Numidam
399 2943 509 3022 habet,
537 2945 684 3032 perpellit
705 2946 855 3012 blanditis
878 2969 1005 3031 quoque
1031 2950 1160 3035 puellae
1183 2947 1226 3013 sd·

206 3037 328 3116 hibitis,
356 3050 392 3104 ut
413 3037 536 3126 legatos
554 3040 589 3104 in
607 3037 750 3107 Siciliam
772 3041 814 3105 ad
832 3039 1018 3127 Scipionem
1038 3042 1160 3122 mittat,
1181 3062 1227 3130 pet

207 3155 286 3216 quos
310 3145 438 3200 moneat
459 3157 547 3212 eum,
574 3157 615 3199 ne
637 3135 795 3221 prioribus
818 3136 884 3201 suis
901 3136 1072 3222 promissis
1091 3136 1226 3204 fretusin

172 3246 188 3295 8
206 3228 352 3292 Africam
369 3228 506 3294 traiciat:
526 3251 560 3293 se
578 3239 611 3293 et
624 3230 743 3316 nuptiis
758 3230 835 3296 civis
846 3227 1143 3316 Carthaginiensis,
1158 3231 1227 3296 filiae

205 3322 434 3400 Hasdrubalis,
453 3345 547 3407 quem
563 3324 677 3389 viderit
690 3325 777 3411 apud
794 3348 829 3390 se
846 3325 879 3389 in
893 3325 1049 3410 hospitio,
1069 3338 1105 3393 et
1116 3325 1227 3415 publico

206 3417 301 3481 etiam
319 3417 446 3483 foedere
465 3439 538 3482 oum
555 3419 673 3505 populo
692 3417 950 3505 Carthaginiensi
966 3419 1117 3487 iunctum
1133 3432 1227 3508 optare

172 3529 187 3576 9
204 3510 356 3598 primum,
373 3523 410 3576 ut
422 3513 531 3598 procul
545 3513 586 3577 ab
595 3513 721 3591 Africa,
741 3513 823 3578 sicut
836 3513 939 3577 adhuc
952 3513 1107 3594 fecerint,
1125 3514 1226 3581 bellum

203 3605 343 3672 Romani
365 3627 436 3672 cum
455 3604 772 3694 Carthaginiensibus
795 3618 921 3695 gerant,
944 3631 987 3673 ne
1006 3609 1072 3676 sibi
1088 3611 1226 3676 interesse

206 3700 428 3766 certaminibus
452 3725 561 3767 eorum
584 3725 734 3786 armaque
757 3714 812 3768 aut
833 3703 913 3768 haec
930 3713 987 3768 aut
1005 3703 1079 3782 illa,
1102 3706 1225 3771 abnuen-

155 3811 187 3859 10
205 3803 269 3859 tem
291 3795 423 3859 alteram
445 3796 642 3874 societatem,
670 3797 759 3882 sequi
777 3819 910 3862 necesse
934 3797 987 3863 sit.
1032 3798 1064 3863 si
1081 3822 1147 3866 non
1165 3798 1225 3863 abs·

204 3888 302 3953 tineat
323 3888 437 3954 Africa
459 3887 567 3978 Scipio
591 3900 623 3956 et
646 3889 834 3978 Carthagini
856 3891 1034 3957 exercitum
1063 3895 1224 3965 admovet

205 3981 265 4045 sibi
286 3984 501 4049 necessarium
523 3986 591 4051 fore
609 3996 642 4052 et
658 4009 716 4073 pro
734 3997 818 4052 terra
834 3985 964 4065 Africa,
987 3987 1024 4053 in
1041 4010 1109 4074 qua
1124 3985 1223 4076 etipse
