2528 4514
351 212 471 269 curun
487 215 587 287 xxo,
606 216 670 271 st.
690 215 840 288 [secu]
1071 207 1113 272 61

95 371 336 460 gir-psrtepremi
353 391 391 435 ao
408 370 550 439 laborare
568 383 709 439 senserat
729 396 820 453 suos,
847 376 970 462 inpigre
993 376 1115 444 ferebat

100 466 425 555 rapam-insignemque
437 468 533 534 armis
552 476 584 533 et
599 468 708 534 hostes
726 491 850 535 summa
865 470 899 535 .vi
916 468 1066 556 petebant
1083 482 1114 538 et
1132 493 1147 539 a

102 559 369 639 ,tammum-cives,
391 560 492 626 donec
506 560 645 627 Insuber
661 583 758 646 eques
774 600 818 613 -
828 561 978 629 -Duoario
998 586 1115 631 nomen

102 655 289 721 nrt-tacie
308 676 432 739 quoque
450 657 612 722 noscitans
632 656 755 722 ‘consul
773 656 826 723 en'
843 658 945 743 inquit
963 657 1030 725 ‘hio
1048 661 1115 740 cst,'

96 748 286 835 pqoularibus
305 748 372 814 suis
392 750 461 833 ‘qui
477 749 619 837 legiones
636 762 761 817 nostras
780 752 892 817 occidit
906 775 1066 840 agrosque
1083 764 1115 820 et

95 840 259 921 urbemest
276 842 500 929 depopulatus!
527 845 592 910 iam
609 866 669 931 ego
687 843 769 909 hano
786 845 946 913 victimam
966 847 1114 914 manibus

95 946 317 1025 pemmptorum
333 936 426 1003 foede
448 938 565 1003 civium
585 937 694 1017 dabo)
715 937 918 1025 subditisque
940 941 1115 1011 calcaribus
1132 964 1149 1010 s

95 1051 252 1118 aquaper
249 1030 525 1097 confertissimam
546 1032 686 1098 hostium
707 1032 832 1098 turbam
845 1033 1007 1121 impetum
1018 1035 1114 1115 isselt,

95 1124 345 1235 cbtruneathue-
340 1125 435 1212 p-riua
449 1126 623 1213 armigero,
647 1127 702 1211 qui
719 1148 765 1193 sa
761 1127 887 1194 infesto
904 1130 1054 1196 venienti!
1059 1129 1116 1196 ob-

95 1218 164 1287 tiam
189 1218 365 1296 obiecerat,
391 1219 569 1286 consulem
575 1221 685 1287 lancea
707 1220 876 1300 transfixit3
904 1221 1053 1308 spoliare
1061 1245 1117 1288 cu-

95 1312 217 1383 annom
235 1314 336 1379 triarii
353 1312 482 1379 obiectis
501 1315 610 1381 scutis
613 1337 750 1380 arcuere.
777 1338 911 1401 magnae
925 1317 1023 1401 partis
1037 1315 1116 1404 fuga
1134 1340 1149 1386 5

95 1408 315 1495 adelprimum
336 1409 455 1495 coepit3·
479 1419 511 1474 et
528 1410 591 1476 iam
607 1431 667 1475 nec
683 1409 772 1475 lacus
790 1432 848 1475 neo
865 1419 1003 1476 montes
996 1412 1116 1521 pavori

95 1500 264 1587 tbstabant,
291 1504 475 1588 peremnia
497 1513 564 1568 arta
585 1512 814 1590 praeruptaque
836 1504 923 1571 velut
940 1505 1117 1571 caecicva-

95 1596 159 1663 lunt
176 1619 330 1681 armaque
349 1607 380 1662 et
397 1598 456 1662 viri
474 1619 569 1684 super
587 1598 683 1663 alium
696 1598 749 1662 alii
762 1599 1015 1684 praecipitantur.
1042 1621 1115 1684 pars
1135 1622 1149 1668 6

95 1714 212 1781 mgna,
230 1690 288 1757 ubi
304 1691 392 1757 locus
410 1691 507 1779 fugae
525 1692 628 1770 deest,
641 1714 708 1777 ‚per
723 1693 825 1778 prima
842 1693 925 1759 vada
941 1693 1065 1780 paludis
1082 1695 1117 1759 in

95 1786 388 1874 qnam-progressi,
407 1787 514 1871 quoad
527 1786 697 1872 capitibus,
715 1788 833 1855 umeris
847 1798 954 1854 extare
971 1800 1115 1875 possunt,

95 1881 358 1968 reseinmergunt.
387 1880 476 1946 fuere
489 1903 569 1966 quos
582 1881 891 1969 inconsultus,pavor
903 1883 1008 1949 nando
1021 1882 1117 1949 etiam

95 1995 249 2061 mpeseere
266 1974 378 2061 fugam
395 1974 557 2060 inpulerit,
568 1998 662 2060 quae
680 1975 736 2042 obi
752 1976 951 2043 inmensaao
969 1977 1116 2062 sine-spe
1136 1998 1150 2044 ι

95 2076 165 2149 crat,
184 2079 241 2135 ant
257 2068 476 2135 deficientibus
495 2069 607 2135 animis
625 2069 849 2136 hauriebantur
865 2071 1118 2158 gurgitibusaut

95 2163 274 2249 nequiquam
301 2163 379 2230 fessi
405 2164 488 2229 noda
513 2174 597 2230 retro
623 2165 1000 2252 aegerrimerepetebant
1022 2175 1116 2250 atque
1247 2209 1249 2214 -

95 2256 132 2323 lbi
146 2257 356 2346 abingressis
373 2280 490 2344 aquam
508 2258 645 2325 hostium
664 2258 960 2344 equitibua.passim
981 2260 1118 2324 trucida-

95 2349 207 2419 bantur.
236 2375 293 2419 sex
305 2353 392 2419 milia
404 2353 508 2419 ferme·
516 2353 611 2440 primi
623 2353 832 2438 agminisper
849 2352 998 2416 adversos
1012 2352 1116 2417 -hostis
1136 2370 1151 2417 e

96 2446 246 2535 oeqptione
262 2447 387 2534 inpigre
404 2447 502 2527 sacta,
524 2448 627 2534 igneri
644 2446 785 2512 omnium
801 2455 973 2530 quaepost
991 2466 1025 2510 se
1044 2467 1119 2530 age-

95 2548 193 2607 rentur
213 2562 254 2607 ex
276 2542 360 2608 saltu
383 2564 524 2622 evasere,
552 2552 583 2608 et
605 2564 679 2608 oum
698 2541 732 2605 in
750 2539 1026 2624 tumulo.quodam
1044 2560 1118 2605 con-

95 2633 253 2714 stitissent,
276 2637 446 2702 clamorem
462 2637 559 2703 modo
576 2656 746 2703 absonum
760 2655 921 2700 armorum
944 2633 1118 2711 audientes,

95 2746 171 2811 quae
184 2729 320 2796 firrtuna
336 2753 488 2818 pugnae
485 2739 595 2809 -,esset
611 2751 744 2814 neque
751 2729 850 2795 seire
857 2750 916 2795 nec
941 2729 1119 2815 perspicere

95 2840 166 2907 prae
185 2823 319 2912 caligine
330 2848 383 2911 po
384 2835 493 2891 t.erant
537 2825 686 2890 inclinata
706 2823 844 2908 denique
860 2846 895 2889 re
910 2845 996 2889 cum
1002 2823 1120 2891 rncale-
1137 2843 1151 2890 9

105 2919 284 2986 console
305 2919 448 3007 dispulsa
468 2918 585 2985 nebula
602 2919 777 3004 aperuisset
794 2919 893 2997 diem,
916 2928 984 2985 tum
1000 2917 1120 3002 liquida

105 3006 157 3076 ian
163 3012 238 3079 luce
254 3036 331 3080 mon
332 3023 379 3078 tes
398 3014 572 3100 campique
580 3012 719 3099 perditas
736 3034 787 3079 res
805 3022 997 3097 stratamque
1015 3024 1120 3078 osten-

99 3100 168 3172 llere
189 3107 282 3175 foede
303 3107 482 3174 Romanam
508 3109 618 3174 aciem.
662 3107 782 3192 itaque,
808 3129 848 3172 ne
873 3108 908 3172 in
934 3114 1119 3192 conspectos
1139 3126 1171 3172 ιο

99 3201 198 3281 :procul
222 3203 432 3269 inmitteretur
454 3225 567 3288 eques,
601 3200 732 3268 sublatis
747 3202 872 3288 raptim
899 3200 998 3286 signis
1024 3220 1120 3282 quam

100 3290 437 3384 -tt'tetissimopoterant
452 3297 580 3385 agmine
598 3319 668 3363 sese
685 3296 897 3382 abripuerunt
928 3291 1120 3380 postenodie
1140 3312 1169 3358 11

108 3405 165 3456 tutu
189 3415 284 3478 super
310 3402 414 3458 cetera
438 3403 579 3459 extrema
593 3390 705 3457 tames
720 3390 826 3455 retiam
844 3389 994 3468 -iostaret,
1014 3387 1121 3455 «fidem

95 3482 184 3553 unte
200 3486 412 3566 Maharbale,
441 3488 501 3571 qui
512 3533 515 3537 -
526 3509 599 3553 cum
614 3485 771 3552 omnibus
784 3530 787 3535 ·
798 3482 995 3568 equorum
1017 3482 1120 3566 copiis

95 3591 181 3648 ansae
207 3592 396 3651 consecutus
423 3591 503 3661 erat,
535 3582 563 3649 si
579 3605 675 3648 rarum
688 3579 902 3647 ttmditlissent
919 3576 1018 3645 ,ubire
1037 3597 1121 3643 :eum

97 3675 223 3764 singulis
254 3678 451 3744 vestimentis
467 3700 663 3764 ..passurum
688 3696 770 3744 2sese
793 3674 995 3741 ¹dediderunt.
1023 3691 1121 3754 tquae
1141 3687 1171 3735 12

95 3767 213 3839 Punica
228 3772 381 3859 religione
398 3782 523 3839 servata
533 3768 954 3845 udesabrflanntbaleast,
963 3765 1122 3849 ntquein

95 3867 219 3934 rinoula
232 3889 345 3933 omnes
363 3868 504 3933 amiecit.

150 3960 232 4030 VII.
261 3960 361 4028 Haec
381 3972 430 4028 est
445 3960 1155 4042 nobilistadTrasumannumpugnaatquer
