2528 4514
147 203 210 268 272
392 212 509 268 LIBER
526 210 640 282 XXVI,
658 212 683 267 6.
698 212 723 266 7.
744 215 820 280 [au.
831 211 930 281 cl143]

112 394 128 443 8
148 382 231 438 esset
253 380 285 436 et
305 370 374 456 ipse
396 368 557 434 Hannibal
581 369 717 434 sentiret.
762 390 856 433 caesa
877 390 916 434 eo
939 368 992 433 die
1010 369 1066 453 qui
1083 369 1155 439 huius

144 485 271 552 pugnae
289 472 431 528 auctores
455 472 528 526 sunt
549 471 619 528 octo
637 461 723 527 milia
743 461 908 527 hominum
931 462 973 527 de
989 459 1156 531 Hannibalis

145 558 297 635 exercitu,
316 556 375 621 tria
392 578 432 620 ex
442 555 613 641 Campanis
631 556 756 620 tradunt
774 555 929 642 signaque
940 554 1156 645 Carthaginien-

111 677 125 724 9
146 649 430 735 sibusquindecim
452 649 613 735 adempta,
640 649 855 736 duodeviginti
874 647 1064 736 Campanis.
1101 662 1155 739 apot

146 747 223 812 alios
249 767 448 829 nequaquam
474 753 591 808 tantam
618 742 732 808 molem
757 765 884 830 pugnae
909 744 1025 810 inveni
1050 745 1155 831 plusque

144 839 270 926 pavoris
288 860 384 922 quam
406 837 583 902 certaminis
605 836 719 915 fuisse,
746 859 819 902 cum
839 838 1009 923 inopinato
1031 838 1066 903 in
1079 850 1152 905 usta

145 933 290 998 Romana
306 931 461 996 Numidae
474 930 674 1016 Hispanique
691 952 763 995 cum
782 930 958 1017 elephantis
976 931 1152 1020 inrupissent,

94 1050 127 1096 10
147 1025 303 1111 elephanti
323 1023 504 1110 permedia
525 1033 628 1090 casua
654 1025 804 1089 vadentes
827 1034 970 1111 stragem
997 1025 1156 1093 tabem

145 1119 247 1184 lorum
263 1117 384 1205 ingenti
402 1117 506 1183 sonitu
524 1139 561 1182 ac
583 1117 693 1203 fugam
715 1116 972 1203 abrumpentium
990 1118 1156 1187 vinculaiu·

95 1238 125 1283 11
145 1222 321 1280 mentorum
339 1213 491 1291 facerent3
519 1213 662 1277 fraudem
679 1234 804 1297 quoque
823 1235 919 1298 super
937 1214 1108 1281 tumultum
1119 1214 1157 1281 el·

144 1309 257 1374 ieotam
279 1306 417 1371 inmissis
443 1305 483 1371 ab
505 1305 699 1384 Hannibale,
726 1306 782 1389 qui
802 1305 913 1371 habitu
935 1307 1067 1388 Italico,
1092 1308 1156 1396 gni

143 1402 279 1467 Latinae
314 1400 454 1487 linguae,
489 1399 633 1465 iuberent
668 1399 832 1465 consulum
866 1400 996 1480 verbis,
1035 1402 1156 1487 quonian

144 1495 261 1559 amissa
287 1502 390 1558 castra
415 1502 534 1572 essent,
561 1515 619 1579 pro
646 1515 680 1558 se
706 1494 861 1576 quemque
888 1494 1031 1560 militum
1057 1496 1089 1560 in
1106 1516 1158 1582 pro

94 1611 125 1659 12
144 1611 258 1653 xumos
276 1586 391 1652 montis
408 1587 534 1674 fugere:
553 1588 610 1653 sed
623 1609 693 1651 eam
707 1586 847 1653 celeriter
860 1589 1027 1674 cognitam
1039 1589 1157 1659 fraudere

144 1703 389 1768 oppressamque
416 1704 532 1767 magna
557 1681 653 1746 caede
678 1680 830 1758 hostium,
858 1681 1050 1768 elephantos
1075 1682 1157 1771 ignia

96 1798 127 1845 13
146 1776 256 1841 castris
274 1786 411 1840 exactos.
455 1774 516 1839 hoo
532 1774 890 1858 ultimum-utcumque
907 1776 1027 1842 initum
1045 1777 1157 1843 finitum-

146 1891 207 1952 que
226 1878 273 1932 est
290 1905 317 1914 -
334 1877 406 1931 ante
424 1867 613 1932 deditionem
633 1865 762 1954 Capuae
782 1869 938 1953 proelium
956 1870 1031 1936 fuit.
1073 1869 1156 1936 medix

145 1961 274 2038 tuticus,
292 1961 347 2044 qui
365 1982 506 2025 summus
528 1960 730 2047 magistratus
753 1970 828 2047 aput
847 1961 1036 2049 Campanos
1054 1974 1110 2043 est,
1128 1984 1155 2031 to

144 2077 227 2120 anno
242 2051 379 2140 Seppius
393 2054 529 2119 Loesius
547 2063 626 2132 erat,
645 2054 714 2125 loco
732 2055 866 2121 obscuro
884 2058 1039 2143 tenuique
1055 2060 1156 2127 forum

95 2171 126 2218 14
145 2159 241 2214 ortus.
276 2158 407 2212 matrem
427 2148 494 2213 eius
512 2148 670 2232 quondam
686 2172 744 2234 pro
762 2150 881 2236 pupillo
899 2173 939 2216 eo
956 2163 1154 2238 procurantem

144 2242 297 2309 familiare
315 2252 485 2318 ostentum,
505 2265 577 2307 cum
594 2245 810 2328 respondisset
822 2245 998 2332 haruspex,
1020 2268 1154 2314 summum

144 2337 229 2422 quod
251 2346 334 2401 esset
355 2336 520 2421 imperium
544 2335 673 2422 Capuae
695 2346 916 2422 perventurum
940 2341 982 2405 ad
1006 2364 1079 2407 eum
1097 2360 1154 2428 pue

94 2454 125 2501 ιι
143 2454 227 2509 rum,
249 2430 327 2494 nihil
343 2430 384 2494 ad
400 2452 471 2494 earn
489 2451 578 2514 spem
596 2430 840 2516 adgnoscentem
858 2433 978 2499 dixisse
997 2436 1101 2501 ferunt
1115 2438 1154 2497 ‘ue

144 2535 178 2589 tu
195 2524 332 2610 perditas
352 2545 403 2588 res
422 2522 656 2608 Campanorum
678 2547 800 2601 narras,
828 2525 883 2591 ubi
905 2550 1054 2596 summus
1075 2528 1151 2594 hun

94 2640 125 2687 16
144 2619 185 2683 ad
201 2618 300 2681 filium
317 2640 423 2681 meum
439 2616 618 2701 perveniet?
661 2640 699 2682 ea
720 2618 889 2685 ludificatio
912 2622 980 2686 veri
1002 2633 1037 2688 et
1057 2618 1152 2710 ipsein

143 2733 253 2775 verum
278 2710 389 2774 vertit
422 2732 496 2773 nam
522 2732 594 2775 cum
621 2711 704 2776 fame
730 2712 875 2796 ferroque
902 2725 1091 2801 urgerentur
1110 2732 1152 2779 net

145 2826 218 2889 spes
240 2802 305 2868 ulla
331 2812 509 2888 superesset
536 2804 603 2869 sisti
628 2803 791 2891 [posse‚
782 2807 821 2872 ris
843 2808 898 2891 qui
919 2808 1041 2898 nati]
1030 2835 1065 2877 ιιι
1084 2829 1151 2896 spem

93 2921 123 2967 ιι
142 2898 296 2962 honorum
314 2905 401 2960 erant
417 2895 551 2961 honores
570 2898 827 2977 detrectantibus,
854 2901 995 2969 Loesius
1015 2901 1150 2990 querendo

143 2991 299 3055 desertam
328 3011 366 3054 ao
394 2989 549 3074 proditam
575 3016 594 3056 a
619 2993 807 3078 primoribus
836 2992 982 3081 Capuam
1016 3016 1148 3065 summum

142 3084 358 3171 magistratum
375 3083 503 3148 ultimus
522 3085 662 3150 omnium
680 3086 912 3172 Campanorum
932 3092 1028 3175 cepit.
1185 3084 1189 3155 Ξ

108 3203 121 3248 1
205 3177 281 3244 VII.
327 3178 475 3244 Ceterum
498 3178 659 3244 Hannibal
680 3191 716 3245 ut
736 3203 795 3246 nec
816 3181 915 3247 hostis
939 3185 1012 3250 elici
1038 3178 1189 3271 amplior*
1185 3222 1189 3263 t

141 3273 181 3337 ad
206 3295 345 3359 pugnam
371 3272 449 3336 vidit
437 3281 576 3355 tneque
602 3295 659 3358 per
684 3285 787 3339 castra
813 3297 921 3340 eorum
943 3270 1189 3365 perrumpiel'

107 3387 122 3434 ι
143 3363 286 3450 Capuam
303 3387 412 3450 posse,
430 3387 471 3429 ne
490 3388 564 3430 suos
583 3388 714 3476 quoque·
722 3379 914 3437 commeatus
928 3369 1149 3438 intercluderent

141 3479 216 3522 novr
206 3457 391 3536 consules,
410 3457 604 3523 abscedere
595 3461 688 3526 mrito
706 3461 810 3572 inoept
811 3485 830 3527 o
844 3473 876 3527 et
888 3485 1018 3531 movere
1032 3465 1149 3549 aCaput

108 3551 249 3622 astatuit
267 3561 378 3618 castra.
422 3552 521 3617 multa
543 3575 664 3633 secum,
692 3557 834 3639 quoiam
856 3557 961 3622 inde'
952 3583 998 3625 1re
1017 3564 1189 3649 pergent

140 3648 277 3714 volventi
295 3647 390 3713 subiit
407 3648 546 3714 animum
562 3648 698 3734 impetus
717 3661 811 3737 caput
827 3652 932 3738 ipsum
950 3653 1027 3720 belli
1035 3655 1148 3720 Romam
1185 3668 1189 3713 t

140 3743 278 3827 petendi,
305 3742 394 3807 ouius
411 3743 457 3806 rei
481 3765 604 3828 semper
620 3744 742 3829 cupitae
760 3748 1014 3832 praetermissam
1032 3744 1149 3814 occasio·
1185 3722 1189 3809 l

140 3857 212 3899 nem
237 3847 309 3921 post
328 3835 526 3901 Cannensem
552 3860 691 3924 pugnam
718 3849 748 3904 et
775 3840 827 3905 alii
849 3841 1027 3907 fremebant
1048 3852 1077 3906 et
1095 3842 1146 3925 ipse

106 3950 123 3994 4
141 3951 203 3993 non
221 3929 451 3996 dissimulabat:
473 3932 657 4017 necopinato
674 3955 790 4018 pavore
808 3957 845 4000 ac
863 3937 1000 4001 tumultu
1016 3958 1077 4001 non
1092 3947 1145 3999 este
