2566 4538
151 218 217 284 510
388 228 507 283 LIBER
524 227 624 297 XXX,
643 227 685 282 27.
698 227 741 282 28.
762 230 800 295 [a.
808 244 835 280 u.
847 243 870 281 e.
879 227 944 296 552]

152 388 291 455 Galliam
317 398 367 452 est
392 385 540 463 sortitus,
559 376 612 449 'ut
641 385 720 449 duas
751 384 894 471 legiones
925 383 1192 470 provinciamque

151 484 290 548 traderet
307 482 337 547 ei
354 482 393 545 P.
413 480 586 562 Quintilius
604 481 726 557 Varus3
754 476 793 545 (l.
811 478 927 543 Livius
944 479 1094 545 Bruttios
1117 501 1190 545 cum

152 577 275 642 duabus
289 575 482 661 legionibus,
501 574 615 657 quibus
624 573 663 638 P.
675 572 883 659 Sempronius
896 574 1072 660 proconsul
1085 573 1190 661 priore

117 693 132 741 8
153 694 235 735 anno
252 669 446 756 praefirerat3
475 666 536 734 Cn.
556 667 745 732 Tremellius
765 665 921 746 Siciliam,
939 678 977 733 ut
994 691 1014 733 a
1031 669 1073 733 P.
1091 669 1187 735 Villio

151 764 298 849 Tappulo
315 774 461 849 praetore
478 761 591 848 prioris
606 761 680 827 anni
693 761 889 847 provinciam
903 777 936 827 et
948 763 1031 828 duas
1044 763 1186 850 legiones

152 859 326 944 acciperet3
365 858 482 925 Villius
512 880 571 944 pro
597 867 742 943 praetore
768 856 881 943 viginti
907 857 1046 923 navibus
1073 857 1183 945 longis,

118 953 302 1021 umilitibus
329 952 416 1017 mille
443 975 531 1017 oram
558 950 685 1017 Siciliae
712 961 880 1030 tutaretur3
910 951 960 1016 M.
985 953 1181 1040 Pomponius

151 1047 264 1134 viginti
280 1047 415 1113 navibus
428 1047 557 1130 reliquis
570 1046 656 1111 mille
671 1057 704 1111 et
716 1046 908 1133 quingentos
921 1046 1040 1113 milites
1049 1048 1175 1114 Romam

152 1143 345 1228 deportaret3
370 1138 409 1208 C.
428 1140 562 1206 Aurelio
581 1139 696 1206 Cottae
713 1142 836 1206 urbana
852 1141 973 1220 evenit3
1000 1143 1113 1207 ceteris
1128 1142 1172 1221 ita,
1216 1176 1218 1185 ·

151 1236 197 1300 uti
215 1236 348 1320 quisque
367 1236 552 1300 obtinebant
568 1235 747 1323 provincias
761 1235 997 1319 exercitusque,
1015 1249 1168 1322 prorogata

102 1353 133 1398 1o
151 1330 283 1416 imperia
300 1367 327 1376 -
344 1329 483 1394 sedecim
508 1352 573 1395 non
600 1330 735 1417 amplius
759 1353 798 1395 eo
822 1353 905 1396 anno
926 1329 1105 1416 legionibus
1125 1329 1165 1394 ‹le-

101 1449 130 1494 11
152 1424 278 1489 sensum
303 1423 470 1510 imperium
496 1435 593 1501 est-3
629 1437 662 1488 et
682 1435 719 1488 ut
745 1424 879 1510 placatis
906 1424 957 1488 dia
979 1425 1086 1489 omnia
1104 1423 1165 1487 inci·

151 1530 263 1604 perant
281 1529 488 1606 agerentque,
506 1519 613 1596 ludos,
633 1540 713 1602 quos
730 1518 780 1584 M.
795 1516 931 1585 Claudio
948 1519 1117 1596 Marcello,
1134 1517 1162 1581 T.

153 1611 303 1694 Quinctio
322 1614 505 1679 oonsulibus
523 1615 563 1678 T.
573 1614 716 1678 Manlius
735 1614 883 1692 dictator,
901 1635 1046 1698 quasque
1064 1613 1161 1681 hostias

152 1709 287 1773 maiores
306 1719 450 1786 voverat,
470 1709 498 1772 si
515 1731 572 1794 per
590 1708 839 1793 quinquennium
855 1731 908 1773 res
925 1709 1055 1794 publica
1072 1708 1161 1774 eodem

153 1813 237 1867 statu
255 1803 383 1880 firisset,
401 1815 437 1867 ut
455 1826 510 1869 eos
524 1804 616 1870 ludos
631 1804 789 1884 consules,
806 1803 994 1892 priusquam
1012 1805 1054 1870 ad
1065 1804 1163 1870 belum

101 1918 132 1965 12
151 1897 438 1983 proficiscerentur,
457 1897 612 1976 facerent;
630 1898 729 1964 votivi
746 1899 780 1963 in
797 1898 881 1964 circo
897 1922 956 1986 per
973 1899 1162 1984 quadriduum

151 1990 228 2055 facti
245 1989 430 2075 hostiaeque
450 1992 565 2076 quibus
582 2004 676 2058 votae
694 2003 785 2057 erant
802 1993 852 2058 ors
871 2013 995 2060 caesae.

118 2108 131 2153 1
214 2083 385 2180 XXVIII.
428 2086 517 2152 Inter
535 2087 613 2152 haec
632 2086 726 2152 simul
743 2110 831 2173 spes,
859 2087 953 2153 simul
971 2109 1049 2153 cura
1064 2087 1096 2152 in
1111 2085 1166 2150 (lies

152 2182 327 2260 crescebat,
345 2203 405 2247 nec
419 2182 496 2247 satis
510 2192 632 2247 certum
646 2193 792 2248 constare
806 2192 883 2269 aput
896 2182 1037 2248 animum
1049 2192 1168 2270 poterat,

150 2286 256 2340 utrum
281 2277 399 2362 gaudio
426 2277 558 2363 dignum
584 2287 684 2354 esset,
719 2277 936 2342 Hannibalem
962 2289 1037 2365 post
1059 2287 1170 2343 sextum
1216 2270 1218 2315 3

151 2371 308 2435 decimum
335 2394 453 2436 annum
480 2394 521 2436 ex
542 2371 637 2437 Italia
662 2372 868 2437 decedentem
893 2393 1030 2437 vacuam
1055 2392 1171 2459 posses-

151 2464 272 2530 sionem
299 2465 366 2531 eius
393 2466 560 2549 reliquisse
586 2466 704 2552 populo
726 2467 887 2544 Romano,
920 2489 961 2530 an
986 2467 1091 2554 magis
1115 2487 1173 2530 me

152 2559 316 2637 urendum,
345 2561 430 2644 quod
451 2560 601 2626 incolumi
623 2560 764 2626 exercitu
785 2561 819 2624 in
836 2561 982 2625 Africam
1002 2561 1173 2627 transisset:

116 2652 255 2720 alueum
280 2653 443 2732 nimirum,
470 2677 534 2719 non
561 2654 736 2741 periculum
757 2665 927 2733 mutatum3
964 2655 1056 2721 cuius
1077 2666 1174 2720 tantae

150 2748 359 2813 dimicationis
386 2760 505 2827 vatem,
533 2750 587 2833 qui
614 2772 715 2835 nuper
742 2750 947 2828 decessisset,
980 2749 1024 2831 Q.
1046 2751 1175 2816 Fabium

149 2840 227 2906 haut
243 2842 361 2907 frustra
378 2863 491 2909 canere
510 2845 651 2922 solitum,
674 2844 852 2930 graviorem
868 2843 903 2907 in
920 2867 980 2909 sua
997 2856 1083 2910 terra
1099 2845 1176 2910 futu·

115 2958 219 3005 arum
246 2936 371 3002 hostem
396 2939 613 3003 Hannibalem
638 2960 734 3022 quam
760 2939 795 3002 in
820 2939 923 3003 aliena
949 2939 1075 3005 fuisset.
1124 2960 1176 3004 neo

150 3028 291 3117 Scipioni
323 3043 377 3096 aut
404 3053 475 3096 cum
504 3030 667 3119 Syphace,
698 3033 877 3098 inconditae
903 3033 1072 3100 barbariae
1097 3055 1175 3121 rege,

148 3127 198 3191 cui
222 3125 380 3193 Statorius
408 3127 552 3192 semilixa
579 3129 693 3193 ducere
720 3128 876 3193 exercitus
904 3129 1018 3194 solitus
1046 3129 1102 3209 sit,
1128 3140 1175 3194 aut

147 3243 220 3285 cum
239 3242 348 3287 socero
367 3222 435 3286 eius
453 3222 670 3300 Hasdrubale,
698 3222 904 3309 fugacissimo
922 3223 1019 3302 duce,
1046 3247 1116 3290 rem
1132 3225 1176 3290 fu-

146 3326 249 3380 turam
271 3326 327 3380 aut
347 3316 546 3382 tumultuaris
565 3316 754 3382 exercitibus
777 3340 818 3382 ex
836 3317 1012 3404 agrestium
1035 3317 1175 3385 semermi

112 3411 239 3476 aturba
265 3409 369 3475 subito
397 3410 562 3488 conlectis,
591 3411 648 3476 sed
671 3433 743 3475 cum
759 3411 956 3490 Hannibale,
982 3434 1087 3500 prope
1108 3424 1176 3478 nato

145 3504 179 3569 in
195 3504 353 3590 praetorio
371 3505 486 3592 patris,
513 3505 678 3570 fortissimi
696 3505 800 3583 ducis,
828 3506 904 3571 alito
927 3517 1024 3590 atque
1047 3509 1175 3573 educato

145 3599 227 3663 inter
253 3622 354 3678 arma,
380 3621 480 3685 puero
507 3601 668 3684 quondam
690 3600 803 3678 milite,
830 3600 962 3664 vixdum
985 3601 1104 3669 iuvene
1124 3603 1177 3675 im,-

144 3704 304 3780 peratore,
332 3693 386 3778 qui
409 3716 508 3759 senex
524 3694 680 3760 vincendo
703 3694 806 3760 factus
824 3694 1017 3782 Hispanias,
1046 3695 1174 3771 Gallia,

144 3786 271 3852 Italiam
303 3789 343 3853 ab
368 3789 508 3875 Alpibus
540 3789 581 3853 ad
610 3789 728 3855 fretum
758 3789 970 3854 monumentis
1004 3791 1176 3877 ingentium

111 3903 250 3951 urerum
267 3883 467 3969 complesset.
503 3884 618 3949 ducere
636 3884 810 3950 exercitum
827 3883 995 3968 aequalem
1014 3884 1174 3973 stipendiis

25 4024 117 4232 Ἶ
146 3976 226 4056 suis,
256 3978 401 4044 duratum
424 3979 564 4045 omnium
590 4002 695 4046 rerum
721 3979 887 4066 patientia,
914 4001 996 4064 quas
1019 3982 1077 4048 vix
1102 3981 1176 4046 fides
