2528 4514
304 234 422 292 amau
438 234 599 306 xxv,19.
619 234 771 305 [auara]
993 223 1057 289 237

85 393 131 461 ulto
145 395 243 459 minus
263 415 298 459 se
316 414 472 476 suumque
486 391 599 459 totiens
614 392 764 459 victorem
779 393 950 459 exercitum
963 395 1057 460 susti·

85 489 242 557 reRomani
254 496 395 574 possent.
427 496 565 553 ceterum
577 496 746 572 postquam
758 487 894 574 pugnari
911 497 1057 574 coeptum
1076 508 1091 555 a

85 583 263 668 tequitum
289 583 427 648 maxime
453 582 595 661 incursu,
628 605 700 647 eum
725 581 836 649 iaculis
863 581 1056 661 obrueretur,

85 675 185 745 beabat
201 676 347 745 Romana
369 676 468 754 acies,
497 676 597 741 donec
619 675 747 761 signum
768 676 926 762 equitibus
949 677 1057 743 datum

85 780 145 849 tut
165 772 198 837 in
221 770 345 837 hostem
367 771 567 837 admitterent
588 792 696 854 equos.
739 770 784 837 ita
806 781 950 855 equestre
966 793 1057 858 proe-
1076 792 1092 838 4

85 875 198 944 uerat,
222 887 296 930 cum
311 864 421 950 procul
439 864 527 929 visus
547 861 794 950 Sempronianus
813 865 983 945 exereitus,
1006 866 1058 931 oui

85 959 279 1025 ,Cornelius
311 969 460 1044 quaestor
489 967 649 1043 praeerat,
686 958 809 1042 utrique
838 959 920 1044 parti
949 982 1057 1046 parem

85 1062 141 1121 tum
161 1054 321 1141 praebuit,
348 1076 388 1119 ne
412 1054 519 1118 hostes
543 1054 616 1118 novi
640 1054 853 1119 adventarent.
905 1054 992 1120 velut
1018 1075 1091 1121 ext

85 1149 197 1233 nposito
226 1148 381 1231 utrimque
407 1148 534 1234 signum
561 1147 701 1234 receptui
723 1147 846 1224 datum,
873 1148 1056 1234 reductique

85 1254 179 1309 matra
200 1266 299 1330 prope
320 1265 421 1327 aequo
439 1243 544 1309 Marte
566 1244 793 1321 discesserunt;
823 1243 930 1329 plures
952 1254 1057 1311 tamen

92 1334 226 1405 Romanis
245 1338 347 1423 primo
366 1339 495 1403 incursu
513 1338 654 1422 equitum
672 1337 860 1403 ceciderunt.
890 1338 964 1403 inde
983 1360 1056 1404 eon·
1076 1356 1090 1403 e

85 1426 129 1509 lu,
149 1443 184 1497 ut
205 1441 382 1497 averterent
406 1431 518 1519 Capua
538 1431 766 1509 Hannibalem,
793 1442 885 1498 nocte
908 1454 989 1517 quae
1007 1454 1057 1499 se-

85 1528 166 1609 fhest
182 1526 312 1603 diversi,
340 1525 472 1591 Fulvius
495 1526 529 1589 in
550 1549 661 1612 agrum
681 1525 873 1603 Cumanum,
903 1525 1056 1593 Claudius

85 1614 222 1703 bbuanos
247 1620 320 1687 abit.
364 1631 491 1706 postero
513 1620 579 1698 die,
606 1643 679 1686 cum
696 1642 797 1686 vacua
819 1630 922 1686 eastra
938 1621 1089 1687 Romae

98 1794 101 1803 Ι
155 1739 221 1783 esse
241 1716 418 1782 nuntiatum
436 1714 610 1783 Hannibali
628 1724 712 1781 esset
730 1724 761 1783 et
778 1714 903 1781 duobus
922 1714 1056 1801 agmini-

93 1894 96 1899 ·
124 1808 249 1879 diversos
276 1811 405 1888 abiisse,
433 1810 570 1877 incertus
592 1810 708 1897 primo,
734 1819 840 1876 utrum
863 1819 1054 1894 sequeretur,

120 1900 127 1917 '
181 1907 292 1973 institit
312 1906 409 1989 sequi.
442 1905 507 1983 ille,
528 1906 740 1971 circumducto
758 1905 848 1971 hoste
866 1927 930 1989 qua
946 1903 1054 1982 voluit,
1073 1920 1089 1969 8

122 1994 210 2067 linere
229 2001 271 2065 ad
291 1999 436 2086 Capuam
452 1999 542 2064 redit.

95 2092 105 2143 ἶ
116 2082 260 2160 Hannibali
279 2094 340 2159 alia
361 2095 395 2157 in
417 2093 466 2159 his
490 2093 567 2158 locis
590 2092 670 2159 bene
692 2094 849 2181 gerendae
866 2093 913 2158 rei
929 2092 1057 2159 fortuna

159 2199 210 2255 est
260 2188 307 2252 M.
333 2186 505 2252 Centenius
532 2187 592 2251 fuit
619 2187 805 2273 cognomine
826 2186 981 2264 Paenula,
1009 2187 1089 2254 in-9

85 2258 219 2351 winter
237 2283 330 2368 primi
347 2281 402 2366 pili
421 2281 618 2346 centuriones
638 2292 669 2345 et
686 2280 902 2366 magnitudine
916 2280 1055 2365 eorporis

85 2358 184 2443 ΝΜ.
224 2377 252 2441 is
270 2375 453 2461 perfunctus
473 2375 584 2439 militia
600 2397 657 2459 per
673 2373 712 2437 P.
732 2372 915 2439 Cornelium
934 2369 1057 2438 Sullam
1077 2394 1109 2441 10

85 2463 194 2537 'duem
220 2472 255 2536 in
282 2480 426 2535 senatum
451 2470 647 2534 introductus
673 2469 751 2554 petit
777 2491 797 2533 a
822 2465 978 2552 patribus,
1010 2466 1055 2531 uti

85 2536 239 2650 “quinque
259 2565 346 2629 milia
364 2564 498 2629 militum
516 2564 676 2629 darentur:
704 2584 738 2628 se
755 2562 891 2649 peritum
908 2570 940 2625 et
956 2560 1056 2626 bostis
1077 2580 1110 2629 11·

93 2658 237 2745 ¹tzionum
254 2660 343 2725 brevi
361 2681 474 2744 operae
493 2657 628 2744 pretium
644 2657 802 2723 facturum
815 2665 856 2734 et,
873 2654 989 2740 quibus
1007 2678 1057 2721 ar-

85 2748 126 2817 Νι
140 2756 174 2822 td
197 2757 233 2821 id
258 2755 398 2821 locorum
425 2753 523 2818 nostri
554 2762 586 2817 et
611 2752 707 2819 duces
734 2760 766 2817 et
792 2751 946 2817 exereitus
973 2750 1057 2838 capti

85 2846 146 2939 Μ,
168 2850 206 2917 iis
225 2850 376 2914 adversus
394 2849 590 2913 inventorem
608 2870 748 2913 usurum.
792 2846 826 2912 id
843 2868 906 2911 non
922 2846 1056 2932 promis·
1076 2867 1107 2914 12

85 2942 213 3030 ”leugis
233 2943 345 3009 stolide
363 2965 458 3027 quam
477 2943 589 3009 stolide
610 2942 778 3020 creditum,
805 2951 965 3025 tamquam
988 2963 1058 3007 eae-

85 3036 262 3105 lltnilitares
281 3048 312 3103 et
329 3039 546 3123 imperatoriae
564 3047 646 3103 artes
665 3046 780 3103 essent.
808 3037 882 3102 data
894 3058 952 3122 pro
966 3037 1056 3119 quin·
1077 3056 1108 3103 13

85 3132 174 3199 locto
190 3132 278 3197 milia
294 3132 442 3211 militum,
460 3155 533 3219 pars
552 3132 682 3197 dimidia
699 3132 799 3209 cives,
817 3153 891 3217 pars
911 3129 998 3195 socii.
1026 3145 1057 3193 et

85 3227 305 3311 subquartam
323 3228 568 3293 voluntariorum
584 3228 694 3292 itinere
711 3227 744 3291 in
766 3226 850 3312 agris
869 3224 1004 3290 concivit
1021 3245 1058 3288 ae

85 3324 123 3401 be
139 3321 297 3407 duplicato
316 3321 453 3386 exercitu
470 3322 503 3386 in
516 3321 667 3387 Lucanos
684 3319 839 3407 pervenit,
863 3317 918 3383 ubi
934 3315 1059 3382 Hanni-

97 3418 285 3502 nequiquam
304 3427 428 3481 secutus
444 3414 614 3482 Claudium
632 3415 824 3481 substiterat.
860 3412 946 3479 houd
962 3412 1058 3478 dubia
1077 3433 1109 3479 14

95 3523 153 3591 est,
180 3512 298 3597 quippe
321 3513 401 3577 inter
418 3511 631 3577 Hannibalem
653 3513 767 3577 ducem
791 3519 822 3576 et
845 3507 1058 3575 centurionem

85 3608 242 3692 scitusque
261 3607 392 3672 altemm
410 3607 564 3672 vincendo
582 3616 774 3683 veteranum,
793 3605 925 3670 alterum
939 3625 1058 3669 novum

85 3720 135 3782 un,
156 3725 275 3788 magna
293 3723 333 3767 ex
350 3711 437 3787 parte
452 3701 546 3766 etiam
560 3699 796 3765 tumultuarium
809 3720 847 3763 ae
860 3718 1056 3764 semermem.

85 3806 245 3885 unspecta
262 3794 343 3861 inter
359 3818 393 3861 se
413 3795 539 3883 agmina
557 3804 630 3861 sunt
647 3803 679 3859 et
695 3802 806 3860 neutra
818 3815 891 3879 pars
905 3791 1057 3857 deuecta-
1077 3808 1109 3857 15

85 3913 243 3981 pugnam,
263 3889 419 3975 extemplo
437 3890 606 3955 instructae
624 3887 717 3955 acies.
748 3896 923 3975 pugnatum
941 3894 1055 3963 tamen,

85 3991 112 4056 ir
141 3984 232 4053 nulla
256 3984 324 4071 pari
349 4005 397 4063 re,
429 3984 509 4050 duas
536 3982 670 4069 amplius
696 3982 804 4061 horas,
835 3981 989 4049 concitata
1015 3989 1055 4058 et,
