2528 4514
312 213 428 270 ursan
446 209 560 284 xxm,
578 215 620 270 aa.
634 215 676 270 aa.
697 219 735 285 [a.
746 215 776 272 c.
787 218 845 272 211.
855 218 918 289 aro]
1071 207 1136 275 295

99 371 199 439 siculi
227 372 263 437 in
289 381 432 439 senatum
458 373 703 439 introducantur.
748 375 896 441 dilectum
921 399 1018 464 prope
1045 401 1064 445 a
1085 377 1167 446 M.8

99 467 252 535 Cornelio
275 490 332 554 per
354 476 451 532 totam
475 465 617 533 Siciliam
639 467 795 547 habitum,
822 481 857 535 ut
879 492 975 555 quarn
996 472 1134 559 plurumi

99 573 248 647 questum
276 562 315 628 de
342 583 376 627 se
398 561 534 628 Romam
561 563 715 642 venirent3
749 566 883 630 eundem
908 566 1018 634 litteris
1044 567 1133 634 falsis

98 656 210 725 urbem
229 656 382 743 inplesse,
409 654 527 722 bellum
548 656 581 722 in
600 657 709 723 Sicilia
731 680 816 737 esse,
843 669 878 725 ut
896 684 985 726 suam
1008 661 1133 727 laudem

98 752 230 818 minuat.
276 751 429 816 moderati
454 751 551 816 animi
576 751 708 838 gloriam
735 775 773 818 eo
794 754 845 818 die
868 756 999 842 adeptus
1022 755 1166 824 consula

98 855 247 912 senatum
267 844 398 924 dimisit;
426 866 463 910 ac
480 867 578 931 prope
596 846 749 910 iustitium
767 848 908 912 omnium
926 871 1031 915 rerum
1047 849 1133 916 futu-

98 960 161 1007 mm
192 939 377 1017 videbatur,
414 938 514 1004 donec
540 939 618 1005 alter
644 940 754 1006 consul
779 941 821 1007 ad
847 941 957 1007 urbem
983 944 1131 1011 venisset.

98 1036 212 1112 otium,
240 1042 278 1098 ut
295 1033 388 1110 solet,
415 1033 562 1098 excitavit
579 1034 680 1120 plebis
702 1058 857 1102 rumores:
885 1035 959 1102 belli
980 1037 1184 1107 diuturni-10

97 1138 194 1197 tatem
214 1138 248 1193 et
266 1136 404 1194 vastatos
427 1150 520 1214 agros
539 1128 622 1194 circa
638 1128 762 1208 urbem,
789 1151 853 1214 qua
874 1129 989 1196 infesto
1007 1134 1133 1220 agmine

97 1220 170 1291 isset
200 1221 385 1300 Hannibal,
422 1223 608 1287 exhaustam
635 1223 800 1289 dilectibus
826 1224 951 1290 Italiam
978 1236 1009 1291 et
1034 1249 1132 1313 prope

97 1317 269 1400 quotannis
287 1338 396 1382 caesos
415 1317 569 1383 exercitus
589 1317 811 1401 querebantur,
832 1329 863 1385 et
881 1320 1025 1385 consules
1044 1320 1132 1387 belli·
1152 1341 1182 1388 11

97 1430 188 1481 tosus
214 1411 310 1478 ambo
332 1411 415 1478 viros
438 1434 588 1496 acresque
611 1412 705 1478 nimis
728 1423 759 1479 et
776 1413 897 1480 feroces
915 1424 1049 1493 creatos,
1077 1416 1132 1500 qui

96 1509 137 1574 rel
156 1509 199 1573 in
217 1529 298 1592 pace
316 1506 482 1590 tranquilla
499 1505 617 1571 bellum
639 1507 774 1574 excitare
792 1518 935 1593 possent,
963 1509 1080 1574 nedum
1098 1509 1132 1575 in

96 1603 174 1670 tello
196 1601 354 1686 respirare
372 1600 530 1666 civitatem
547 1600 650 1666 forent
667 1602 800 1686 passuri.

150 1694 315 1762 XXVII.
360 1695 530 1780 Interrupit
546 1694 603 1761 hos
623 1717 782 1762 sermones
800 1706 904 1775 nocte,
932 1718 1012 1781 quae
1030 1698 1129 1784 pridie
1150 1717 1163 1764 1

96 1787 318 1875 Quinquatrus
337 1788 410 1867 fuit,
438 1789 578 1874 pluribus
598 1790 691 1855 simul
708 1791 785 1856 locis
804 1791 886 1857 circa
903 1791 1008 1857 forum
1025 1793 1132 1858 incen-

96 1883 183 1953 tium
211 1893 327 1950 ortum.
389 1885 501 1949 eodem
527 1894 666 1970 tempore
697 1896 817 1972 septem
848 1886 1013 1965 tabemae‚
1049 1906 1166 1972 quaes

96 1990 207 2046 ›ostea
224 1977 380 2062 quinque,
407 1987 438 2042 et
460 1980 667 2065 argentariae,
695 2003 777 2064 quae
798 2003 882 2046 nunc
903 2005 1004 2047 novae
1022 1982 1130 2069 appel-

95 2083 211 2150 antur,
233 2094 348 2137 arsere.
385 2073 599 2158 conprehensa
615 2085 727 2159 postea
743 2075 866 2159 privata
882 2076 1025 2142 aedificia
1037 2115 1064 2125 -
1075 2099 1131 2142 ne·
1149 2095 1164 2142 3

95 2191 150 2253 [αθ
172 2167 264 2233 enim
282 2175 349 2230 tum
371 2164 520 2232 basilicae
543 2178 682 2246 erant—,
710 2169 942 2254 conprehensae
959 2170 1129 2236 lautumiae

95 2268 265 2345 'urumque
284 2261 486 2347 piscatorium
504 2271 534 2327 et
552 2263 665 2327 atrium
682 2262 814 2348 regium.
843 2263 929 2328 aedis
938 2262 1057 2329 Vestae
1075 2265 1130 2328 vix
1147 2281 1163 2327 4

94 2359 262 2426 lesensast
279 2356 428 2422 tredecim
446 2356 582 2422 maxime
600 2379 762 2422 servorum
779 2378 887 2441 opera,
906 2356 961 2440 qui
978 2357 1011 2421 in
1027 2355 1130 2442 publi-

94 2477 165 2521 :um
194 2451 353 2536 redempti
378 2473 415 2516 ac
442 2474 537 2516 manu
562 2451 651 2518 missi
678 2460 760 2516 sunt.
804 2460 895 2516 nocte
921 2471 959 2516 ac
982 2450 1033 2514 die
1056 2471 1131 2516 con·

94 2550 255 2615 innatum
281 2546 459 2611 incendium
485 2545 559 2624 fuit3
591 2568 649 2611 nec
675 2546 730 2610 ulli
752 2544 883 2610 dubium
905 2554 971 2611 erat
992 2545 1164 2611 humanas

94 2644 122 2709 d
140 2640 261 2708 fraude
279 2640 398 2705 factum
421 2663 505 2718 esse,
532 2641 617 2724 quod
638 2639 781 2726 pluribus
804 2639 898 2705 simul
918 2639 1010 2719 locis,
1038 2648 1068 2705 et
1089 2639 1129 2705 iis

94 2736 247 2813 liversis,
265 2735 355 2822 ignes
374 2735 470 2801 coorti
488 2746 603 2801 essent.
638 2736 744 2819 itaque
763 2734 873 2800 consul
890 2757 930 2800 ex
946 2735 1128 2801 auctoritate
1148 2753 1163 2802 6

93 2839 228 2899 renatus
246 2853 303 2915 pro
321 2829 465 2895 contione
483 2829 594 2907 edixit,
621 2829 676 2914 qui
697 2850 831 2914 quorum
849 2852 944 2916 opera
964 2829 997 2895 id
1015 2827 1131 2895 confla-

93 2949 163 2991 :um
180 2924 364 2989 incendium
386 2923 596 3009 profiteretur,
626 2923 801 3009 praemium
823 2923 891 2989 fore
912 2922 1010 2990 libero
1035 2945 1131 3010 pecu-

93 3022 197 3097 riam,
228 3028 319 3082 ser'vo
336 3016 520 3083 libertatem.
566 3040 603 3083 eo
624 3018 763 3103 praemio
786 3017 931 3083 inductus
951 3016 1164 3103 Campano-7

93 3137 167 3180 rum
192 3111 396 3178 Calaviorum
418 3134 571 3178 servus-
588 3112 706 3178 Manus
729 3112 759 3177 ei
781 3133 897 3177 nomen
923 3120 1032 3175 erat-
1049 3111 1130 3175 indi-

93 3207 181 3274 cavit
199 3205 345 3271 dominos
364 3217 395 3271 ct
411 3207 549 3291 quinque
567 3215 728 3293 praeterea
745 3206 875 3271 iuvenes
892 3203 1014 3269 nobiles
1034 3202 1130 3269 Cam·

92 3323 214 3388 panos,
234 3322 367 3383 quorum
384 3311 528 3386 parentes
542 3299 612 3383 aQ.
621 3299 735 3365 Fulvio
754 3299 855 3365 securi
872 3297 1013 3384 percussi
1031 3306 1128 3374 erant,

92 3397 126 3460 id
143 3395 329 3460 incendium
347 3394 460 3460 fecisse
483 3395 641 3481 vulgoque
663 3395 802 3460 facturos
824 3392 899 3469 alia,
927 3391 960 3456 ni
978 3414 1130 3478 conpren-

92 3491 224 3555 dantur.
269 3487 474 3574 conprehensi
500 3488 561 3574 ipsi
587 3487 787 3571 familiaeque
813 3509 930 3553 eorum.
975 3495 1006 3551 et
1028 3485 1164 3571 primos

92 3580 282 3649 elevabatur
316 3582 410 3647 iudex
444 3583 670 3666 indiciumque:
705 3581 804 3668 pridie
840 3603 912 3645 eum
947 3577 1128 3644 verberibus

92 3677 289 3763 castigatum
306 3675 347 3741 ab
365 3676 500 3741 dominis
522 3677 720 3754 discessisse,
747 3698 804 3762 per
820 3675 900 3740 iram
916 3695 954 3739 ac
970 3673 1129 3738 levitatem

91 3793 138 3837 ex
165 3791 201 3834 rc
227 3768 355 3835 fortuita
381 3770 499 3835 crimen
525 3781 745 3837 commentum.
799 3779 936 3834 ceterum
962 3777 997 3832 ut
1023 3787 1162 3835 corama

93 3861 351 3949 coarguebantur
369 3873 399 3928 et
417 3865 559 3948 quaestio
578 3887 618 3930 cx
635 3864 784 3930 ministris
807 3862 954 3929 facinoris
978 3861 1045 3927 foro
1064 3875 1129 3929 me-

95 3957 151 4021 dio
179 3955 288 4022 haberi
314 3967 424 4043 coepta
450 3969 511 4037 cst,
543 3959 621 4026 fassi
648 3981 771 4037 omncs,
807 3967 900 4043 atque
927 3956 960 4021 in
986 3956 1129 4022 dominos

1172 4050 1187 4075 0
