2528 4514
282 245 398 303 urana
415 245 533 316 xxm,
551 247 578 302 6.
595 247 618 301 r.
640 250 678 316 [a.
689 244 792 318 cara]
990 236 1053 302 119

91 457 106 476 ,.
143 404 195 469 ilem
211 403 301 491 legati,
326 404 382 489 qni
407 404 450 471 ad
476 404 637 471 consulem
662 404 843 471 Romanum
869 406 982 484 ierant,
1010 407 1052 473 ad

101 503 106 536 ³
119 506 133 548 ἲ·
142 532 144 542 ·
154 527 191 553 aa
205 519 242 563 em
255 499 455 565 mitterentur.

85 588 86 594 '
147 588 189 675 to
199 593 363 679 priusquam
379 592 477 659 iretur
494 602 675 677 certumque
688 593 872 662 defectionis
886 595 1052 662 consilium
1070 617 1085 664 6

85 744 88 767 ς
112 762 115 769 ,
142 731 145 736 -
173 684 278 753 Romam
297 687 421 775 legatos
443 687 558 754 missos
576 710 596 753 a
614 686 787 774 Campanis
807 688 841 754 in
862 688 1052 774 quibusdam

85 776 108 861 ζ’
128 819 129 828 ·
156 778 198 836 ·’··
215 781 330 847 invenio
346 781 555 868 postulantes,
583 791 619 846 ut
640 782 718 848 alter
739 783 850 849 consul
868 782 1051 872 Campanus

121 918 161 952 „‚
179 875 199 940 si
216 898 275 943 rem
298 875 476 943 Romanam
502 876 644 943 adiuvari
669 876 803 943 vellent.-
836 878 1084 967 indignationes

124 1006 126 1014 r
152 967 294 1037 ubncveri
315 994 336 1037 a
357 971 444 1037 curia
464 971 568 1037 iussos
590 993 662 1038 6666
683 971 878 1059 missumque
898 974 1051 1055 lictorem,

122 1060 233 1130 'umbe
248 1066 392 1133 educeret
409 1088 464 1132 eos
482 1075 576 1150 atque
594 1087 632 1132 eo
650 1066 701 1132 die
722 1088 849 1133 manere
871 1077 960 1135 extra
979 1068 1051 1136 finis

99 1156 136 1236 ζ·
156 1187 191 1214 aa
209 1158 330 1226 iuberet.
359 1161 433 1244 qnia
448 1160 543 1226 nimis
562 1182 679 1246 conpar
690 1160 880 1227 Latinorum
892 1163 1052 1245 quondam
1070 1180 1086 1229 a

147 1252 196 1307 ’·
214 1265 273 1320 erat
291 1252 483 1340 Coeliusque
501 1254 602 1321 etalii
619 1255 654 1319 id
669 1254 748 1322 hant
764 1254 833 1321 sine
850 1277 947 1323 causa
962 1280 1053 1344 prae·
1169 1324 1172 1330 ,

102 1414 105 1419 ,
126 1391 127 1394 ¹
145 1348 415 1435 conscriptores,
437 1372 554 1435 ponere
570 1372 628 1436 pro
646 1359 731 1417 certo
749 1372 821 1416 sum
838 1351 965 1416 veritus.

88 1468 117 1530 .''
135 1434 182 1505 lll
207 1441 316 1530 legati
333 1444 375 1509 ad
386 1442 602 1512 Hannibalem
618 1454 773 1511 venerunt
788 1466 962 1532 pacemque
980 1467 1052 1512 cum
1071 1468 1084 1513 1

115 1535 308 1606 minoribus
323 1539 475 1621 fecerunt,
492 1563 533 1606 ne
547 1541 618 1624 quis
631 1541 801 1627 imperator
809 1541 1052 1627 magistratusve

102 1658 203 1688 ········
228 1634 276 1700 ius
298 1633 398 1701 ullum
419 1635 577 1700 incisam
599 1633 800 1721 Campanum
820 1634 950 1701 haberat
971 1656 1051 1703 neve

122 1720 138 1774 '=
151 1721 297 1815 (lanpanus
310 1731 428 1797 invitus
442 1731 588 1797 militaret
600 1752 756 1797 munusve
773 1730 904 1809 faceret,
922 1740 959 1796 ut
975 1753 1051 1797 suae
1070 1750 1085 1797 a

85 1806 159 1901 hu,
169 1822 204 1887 sui
214 1827 411 1912 magistratus
425 1825 557 1912 Capuae
575 1836 693 1904 essent,
712 1836 748 1890 ut
764 1834 919 1892 trecentos
934 1847 975 1891 ex
986 1825 1053 1893 Ro-

85 1908 161 1975 Hs!
173 1920 279 2003 spuria
301 1920 430 1987 Poenus
451 1921 542 1987 daret
559 1919 731 2006 Campanis
752 1940 834 2004 quos
855 1920 917 2006 ipsi
938 1920 1053 2007 elegis·

85 2008 212 2107 Qum
229 2014 343 2099 quibus
366 2015 507 2098 equitum
530 2014 781 2100 Campanorum,
808 2015 863 2099 qui
887 2015 921 2078 in
944 2011 1053 2080 Sicilia

85 2098 347 2186 *affirmarem
366 2109 554 2194 permutatio
571 2110 669 2175 fieret.
709 2108 788 2174 haec
804 2117 912 2193 pacta3
933 2107 988 2173 illa
1004 2108 1052 2172 in-
1071 2128 1086 2176 6

91 2204 229 2277 ”Mum
245 2225 326 2287 quae
344 2213 437 2288 pacta
452 2213 541 2269 erant
554 2201 694 2269 facinora
703 2200 860 2287 Campani
873 2200 1051 2267 ediderunt:

85 2293 296 2385 thsectos
324 2296 450 2363 socium
470 2296 612 2380 civisque
634 2296 795 2361 Romanos
818 2295 910 2370 alios,
939 2294 1054 2380 partim

85 2368 272 2487 Q'ubtiae
289 2414 419 2456 munere
437 2400 620 2477 occupatos,
638 2389 753 2475 partim
770 2387 900 2473 privatis
918 2389 1052 2473 negotiis

85 2464 1054 2671 6666666666666666666

85 2665 312 2739 witemlusa
329 2674 457 2740 foedum
475 2675 508 2738 in
526 2674 654 2739 modum
673 2672 860 2759 expirarent.

125 2750 195 2832 bne
206 2767 314 2833 fierent
326 2792 389 2834 neu
397 2768 514 2856 legatio
523 2768 697 2833 mitteretur
706 2766 747 2833 ad
755 2765 911 2844 Poenum,
929 2786 1054 2831 summa
1071 2784 1088 2831 4

85 2848 217 2931 llllloeius
225 2861 369 2950 Magius,
388 2864 437 2928 vir
450 2864 501 2928 cui
514 2864 556 2928 ad
569 2885 726 2929 summam
743 2860 960 2927 auctoritatem
976 2857 1054 2923 nihil

85 2956 155 3015 fleta
166 2976 271 3021 sanam
288 2957 406 3023 civium
422 2967 559 3023 mentem
577 2955 690 3034 defuit,
712 2954 876 3021 restiterat.
921 2963 957 3018 ut
978 2974 1053 3017 vero
1072 2973 1088 3019 r

85 3043 216 3114 Mallium
240 3050 323 3116 mitti
348 3050 389 3116 ab
411 3050 592 3116 Hannibale
615 3049 748 3128 audivit,
770 3048 863 3135 Pyrri
886 3046 1054 3133 superbam

85 3136 268 3210 nassonem
296 3143 569 3230 miserabilemque
600 3144 842 3210 Tarentinorum
872 3140 1054 3208 servitutem

85 3235 170 3322 mla
184 3238 338 3317 referens,
357 3240 457 3325 primo
475 3261 516 3305 na
532 3239 722 3325 reciperetur
738 3235 931 3324 praesidium
948 3232 1054 3319 palam

85 3325 212 3398 stratus
231 3343 294 3412 est,
312 3334 441 3413 deinde,
463 3344 500 3399 ut
515 3342 676 3419 receptum
694 3341 749 3398 aut
766 3331 917 3396 eiceretur
934 3339 1002 3407 aut,
1026 3327 1053 3392 si
1072 3347 1086 3394 6

85 3420 142 3491 lum
154 3425 291 3506 facinus,
310 3428 428 3512 quoda
444 3427 666 3493 vetustissimis
684 3425 778 3493 sociis
798 3421 1054 3510 consanguineis-

85 3518 300 3600 rdefecissent,
319 3521 393 3588 forti
410 3543 448 3588 aa
464 3520 661 3588 memorabili
678 3520 816 3585 facinore
832 3539 968 3605 purgare
985 3514 1054 3581 vel-

85 3622 103 3692 t,
123 3624 159 3681 ut
180 3615 344 3682 interfecto
362 3614 485 3682 Punico
507 3615 664 3702 praesidio
677 3612 884 3680 'restituerent
901 3608 1052 3675 Romanis

111 3709 191 3775 haec
216 3746 245 3758 ·-
269 3733 329 3776 nec
355 3712 439 3777 enim
465 3710 588 3776 occulta
613 3708 789 3795 agebantur
809 3728 930 3771 -cum
955 3702 1087 3769 relata?

85 3803 197 3870 mibali
218 3815 338 3883 essent,
364 3806 466 3891 primo
488 3805 574 3870 misit
596 3803 650 3888 qui
672 3811 820 3869 vocarent
840 3798 987 3885 Magium
1013 3797 1055 3863 ad
1121 3800 1122 3804 ’

85 3920 92 3963 r
107 3899 143 3965 in
161 3908 279 3977 castra,
298 3899 424 3977 deinde,
443 3921 516 3965 cum
529 3900 557 3964 is
571 3897 715 3964 ferociter
727 3904 877 3982 negasset
890 3915 924 3959 se
937 3893 1054 3958 iturum

85 4015 120 4061 ec
143 3994 231 4060 enim
251 3993 426 4061 Hannibali
451 3994 500 4060 ius
528 4016 598 4060 esse
623 3992 657 4059 in
678 3992 779 4058 civem
802 3989 1001 4077 Campanum
1017 4024 1055 4066 -,
