2528 4514
333 261 451 336 111111
469 261 613 333 xxvrn,
631 262 656 317 1.
669 262 694 317 1.
715 261 868 333 [11101]
1051 250 1115 317 391

95 445 148 509 que
164 459 208 502 -,
235 419 365 487 nuntius
388 420 538 499 adfertur,
560 420 789 486 Machanidam
808 420 1032 508 Olympiorum
1050 422 1117 488 'sol-

95 540 191 584 :emne
212 517 370 582 ludicrum
389 515 530 602 parantis
547 515 646 581 Eleos
670 516 801 602 adgredi
823 516 981 582 statuisse.
1024 537 1166 603 prae-15

95 614 275 679 vertendum
288 612 322 676 id
335 621 422 677 ratus
436 611 551 697 legatis
566 633 638 675 cum
652 611 789 697 benigno
802 634 956 698 responso
966 612 1115 692 dimissis,

95 728 244 792 seneque
266 729 395 771 causam
417 706 485 771 eius
508 705 584 770 belli
605 705 706 771 fuisse
727 728 787 771 nec
808 729 945 784 moram,
974 707 1002 772 si
1022 708 1116 774 modo

95 824 189 886 aequa
206 812 238 867 et
256 801 391 867 honesta
412 800 596 866 condicione
619 800 726 879 liceat,
753 801 826 886 paci
846 801 1018 880 facturum,
1045 823 1117 867 cum
1137 822 1168 870 16

95 897 234 983 expedito
259 896 385 982 agmine
406 894 567 981 profectus
594 917 651 981 per
672 895 839 961 Boeotiam
860 894 998 982 Megara
1022 907 1117 980 atque

95 987 160 1055 inde
186 987 376 1054 Corinthum
402 989 580 1066 descendit,
613 990 696 1054 unde
723 989 950 1055 commeatibus
982 991 1116 1076 sumptis
1157 1025 1160 1032 ·

95 1083 238 1149 Phliunta
254 1084 484 1167 Pheneumque
506 1084 595 1169 petit.
640 1094 672 1148 et
697 1084 763 1149 iam
785 1105 858 1148 cum
879 1085 1041 1149 Heraeam
1063 1104 1168 1152 11-17

97 1175 200 1257 nisset,
229 1179 332 1256 audit,
353 1177 581 1243 Machanidam
604 1177 691 1242 fama
717 1178 871 1243 adventus
899 1177 949 1242 sui
975 1176 1117 1242 territum

98 1271 244 1359 rehrgisse
269 1272 561 1349 Lacedaemonem,
589 1272 792 1357 Aegiumque
820 1294 855 1336 se
881 1272 923 1336 ad
948 1271 1116 1337 concilium

100 1360 290 1432 Achaeorum
314 1367 448 1453 recepit,
480 1366 574 1431 simul
606 1367 742 1431 classem
765 1365 936 1442 Punicam,
972 1375 1008 1430 ut
1036 1366 1117 1431 mari

100 1474 210 1544 quoque
233 1461 353 1544 aliquid
374 1460 490 1547 possit,
519 1460 652 1525 accitam
675 1460 719 1525 ibi
740 1470 828 1525 ratus
851 1482 886 1525 se
903 1460 1114 1526 inventurum.

99 1555 194 1634 paucis
221 1565 295 1620 ante
322 1555 433 1620 diebus
458 1555 533 1620 inde
557 1554 667 1621 Oxeas
690 1554 878 1620 traiecerant
897 1554 1014 1632 Poeni,
1040 1555 1166 1623 inde18

99 1659 194 1726 ponus
221 1650 428 1713 Acarnanum
453 1649 623 1735 petierant,
656 1670 729 1712 cum
756 1648 796 1712 ab
824 1648 911 1715 Oreo
937 1649 1116 1736 profectum

100 1736 230 1808 Attalum
243 1744 469 1827 Romanosque
484 1743 661 1819 audissent,
680 1741 786 1819 veriti,
804 1765 845 1808 ne
864 1742 906 1807 ad
924 1765 959 1808 se
979 1740 1035 1830 [si]
1055 1742 1116 1809 ire-

95 1838 135 1900 111
153 1837 238 1901 intra
254 1838 376 1902 Rhium
392 1875 418 1884 —
435 1838 543 1902 fauces
567 1859 623 1902 eae
643 1847 717 1901 sunt
735 1834 893 1902 Corinthii
910 1837 998 1902 sinus
1015 1875 1043 1886 -
1060 1860 1117 1924 cp·

95 1930 303 2005 rimarentur.

146 2027 243 2093 VIII.
279 2027 447 2113 Philippus
466 2028 629 2093 maerebat
646 2026 773 2110 quidem
791 2037 824 2092 et
838 2029 1024 2114 angebatur,
1043 2051 1116 2094 cum
1135 2050 1148 2098 1

95 2117 124 2184 u
139 2120 249 2185 omnia
265 2121 335 2206 ipse
352 2121 468 2206 raptim
484 2121 576 2198 isset,
594 2120 673 2184 nulli
687 2132 793 2186 tamen
807 2144 843 2186 se
858 2122 906 2187 rei
922 2123 956 2186 in
974 2133 1115 2209 tempore

95 2215 259 2279 enutrisse
278 2225 310 2280 et
326 2214 502 2300 rapientem
519 2215 625 2280 omnia
643 2237 684 2279 ex
701 2214 801 2280 oculis
819 2214 954 2280 elusisse
973 2215 1115 2281 celerita-

95 2324 142 2374 em
156 2331 253 2374 suam
268 2309 447 2374 fortunam?
471 2310 505 2373 in
519 2309 652 2375 concilio
666 2320 772 2373 autem
790 2309 993 2373 dissimulans
1013 2308 1115 2393 aegri·
1133 2331 1148 2376 a

95 2404 226 2469 rdinem
244 2403 326 2468 elato
346 2403 450 2468 animo
469 2403 633 2481 disseruit,
652 2413 786 2468 testatus
806 2404 883 2468 deos
897 2401 1114 2485 hominesque,

95 2517 109 2562 1
136 2497 234 2563 nullo
260 2496 330 2562 loco
352 2519 413 2562 nec
435 2509 577 2584 tempore
600 2498 755 2574 defuisse,
783 2496 873 2580 quin,
899 2496 956 2561 ubi
977 2494 1116 2561 hostium

95 2615 167 2658 rma
186 2593 462 2679 concrepuissent,
481 2615 519 2658 eo
538 2602 656 2676 quanta
672 2593 811 2672 maxima
827 2602 938 2678 posset
955 2589 1115 2655 celeritate

95 2688 241 2763 auderet,
264 2687 322 2750 sed
339 2687 393 2751 vix
410 2687 565 2752 rationem
581 2687 653 2752 iniri
670 2709 781 2772 posse,
803 2698 909 2752 utrum
927 2710 947 2751 a
965 2708 999 2751 se
1016 2685 1115 2750 auda·
1134 2707 1149 2754 1

95 2780 145 2846 ius
174 2803 219 2844 an
246 2780 392 2866 fugacius
424 2783 464 2845 ab
496 2781 641 2847 hostibus
671 2792 800 2867 geratur
829 2781 967 2847 bellum:
1003 2779 1049 2846 sic
1075 2779 1116 2845 ab

95 2877 215 2963 tpunte
234 2874 394 2952 Attalum,
415 2875 461 2939 sic
477 2872 654 2960 Sulpicium
671 2875 712 2939 ab
722 2873 889 2953 Chalcide,
910 2876 956 2942 sic
974 2875 1019 2941 eis
1037 2874 1116 2961 ipsis

95 2978 193 3043 iebus
212 2975 440 3041 Machanidam
467 2998 484 3042 e
510 2976 658 3041 manibus
682 2977 748 3042 suis
772 2976 927 3064 elapsum.
973 2978 1031 3042 sed
1052 2994 1151 3041 110114

95 3093 209 3156 emper
237 3070 363 3135 felicem
389 3093 460 3136 esse
488 3071 611 3157 fugam,
639 3092 698 3136 nec
719 3094 777 3157 pro
801 3071 921 3135 difficili
941 3071 976 3134 id
998 3069 1116 3134 bellum

95 3165 280 3243 abendum,
316 3165 437 3249 inquo
469 3166 496 3230 si
528 3165 623 3231 modo
655 3187 845 3252 congressus
872 3186 945 3228 cum
970 3162 1115 3227 hostibus

95 3263 135 3339 is,
165 3260 294 3324 viceris.
339 3261 425 3343 quod
450 3260 588 3345 primum
615 3270 713 3337 esset,
742 3258 975 3324 confessionem
1001 3278 1036 3321 se
1058 3255 1149 3322 ho-5

95 3356 178 3420 tium
211 3353 329 3418 habere
364 3376 566 3438 nequaquam
600 3377 694 3439 pares
730 3374 802 3418 esse
838 3351 917 3428 sibi;
959 3349 1050 3415 brevi
1085 3361 1117 3414 et

94 3447 248 3513 ictoriam
274 3447 361 3512 haud
388 3448 517 3513 dubiam
547 3447 729 3512 habiturum
758 3467 818 3511 nec
843 3444 973 3510 meliore
1000 3453 1115 3509 eventu

95 3564 130 3609 cs
158 3562 271 3606 secum
292 3564 389 3626 quam
412 3566 469 3628 spe
491 3553 700 3627 pugnaturos.
744 3540 820 3605 laeti
836 3562 946 3626 regem
964 3537 1042 3603 socii
1060 3559 1115 3601 au-

95 3637 218 3702 ierunt.
262 3637 399 3701 reddidit
421 3636 494 3701 inde
512 3635 653 3700 Achaeis
671 3637 833 3700 Heraeam
856 3650 888 3699 et
904 3630 1112 3717 Triphyliam,
1133 3650 1148 3697 6
1176 3644 1178 3648 ’

95 3728 271 3817 dipheram
303 3742 408 3796 autem
438 3728 697 3817 Megalopolitis,
733 3730 821 3814 quod
855 3751 984 3794 suorum
1014 3725 1115 3790 fuisse

95 3825 191 3889 nium
215 3824 292 3890 satis
314 3825 504 3910 probabant,
530 3825 676 3890 restituit.
720 3823 795 3889 inde
817 3823 951 3888 navibus
975 3819 1113 3905 acceptis
1134 3838 1148 3886 t

95 3920 117 3985 b
141 3917 287 3984 Achaeis
303 3956 331 3967 -
348 3931 437 3985 eraut
461 3930 566 3984 autem
592 3931 655 3984 tres
684 3919 898 4001 quadriremes
925 3928 958 3982 et
977 3914 1114 3980 biremes

95 4012 446 4100 >tidem-Anticyram
455 4014 585 4079 traiecit.
612 4014 685 4078 inde
700 4011 978 4097 quinqueremibus
989 4022 1112 4096 septem
1131 4029 1148 4077 1
