2528 4530
326 221 444 278 urana
461 223 574 294 xxvr,
592 223 634 278 ao.
648 223 690 277 31.
711 225 748 292 [a.
760 222 863 292 earo]
1051 210 1115 276 299

84 391 188 469 pertus
206 381 375 468 potuisset,
395 390 539 447 auctores
554 379 736 446 traditarum
748 378 977 467 Syracusarum
990 379 1115 447 fabrum

88 477 236 543 aerarium
256 473 364 542 Sosim
385 484 417 540 et
433 473 611 540 Moericum
633 473 814 560 Hispanum
841 496 936 559 quam
958 474 1114 561 principes

92 569 356 656 Syracusanorum
370 567 496 647 hahere,
511 568 624 633 totiens
637 568 671 632 id
684 569 874 652 nequiquam
887 568 969 633 ultro
983 568 1116 634 offeren-

93 665 135 742 tis,
147 673 362 750 praeoptasse,
377 685 440 748 quo
455 661 574 728 scilicet
583 661 711 727 iustiore
725 663 764 726 de
779 685 875 728 causa
883 663 1114 729 vetustissimos

95 757 186 823 socios
204 757 313 843 populi
327 756 463 822 Romani
481 755 648 820 trucidaret
666 777 703 821 ac
721 756 877 843 diriperet.
915 757 942 822 si
959 779 1023 822 non
1036 756 1115 822 Hie·
1135 781 1148 826 r

96 874 234 939 ronymus
261 851 303 917 ad
323 848 538 915 Hannibalem
565 849 745 927 defecisset,
774 849 831 914 sed
854 851 991 937 populus
1020 849 1116 937 Syra-

99 967 222 1011 cusanus
242 955 272 1010 et
290 955 428 1021 senatus,
448 944 475 1008 si
492 953 599 1030 portas
617 943 770 1009 Marcello
781 941 974 1029 Syracusani
990 945 1116 1031 publice

99 1049 195 1104 etnon
212 1039 371 1125 oppressis
396 1036 605 1125 Syracusanis
628 1039 752 1124 tyranni
774 1061 881 1103 eorum
903 1038 1116 1125 Hippocrates

98 1143 122 1199 et
128 1134 285 1221 Epicydes
299 1135 499 1211 clausissent,
515 1133 542 1198 si
552 1132 859 1219 Carthaginiensium
873 1134 985 1198 animis
999 1133 1116 1199 bellum

97 1250 157 1293 curu
183 1229 300 1315 populo
318 1229 462 1294 Romano
488 1228 677 1314 gessissent,
705 1227 781 1311 quid
807 1226 888 1293 ultra
913 1250 1008 1310 quam
1030 1227 1148 1312 quoda

97 1323 207 1402 fecerit,
234 1324 295 1389 nisi
318 1332 353 1388 ut
373 1323 492 1388 deleret
510 1320 700 1409 Syracusas,
728 1321 832 1389 facere
853 1322 1007 1388 hostiliter
1027 1321 1116 1388 Mar-

96 1416 199 1482 cellum
221 1417 381 1503 potuisse?
416 1428 499 1484 certe
522 1428 645 1502 praeter
667 1417 790 1482 moenia
811 1426 843 1482 et
864 1426 946 1482 tecta
963 1415 1116 1482 exhausta
1134 1437 1149 1485 9

95 1511 170 1577 urbis
189 1534 226 1577 ac
243 1511 378 1577 refracta
399 1534 437 1577 ac
459 1511 592 1598 spoliata
614 1511 708 1576 dettm
730 1509 873 1589 delubra,
902 1511 950 1576 dis
968 1511 1045 1596 ipsis
1064 1532 1114 1575 or-

94 1607 302 1690 namentisque
320 1628 427 1671 eorum
446 1605 572 1684 ablatis,
592 1606 669 1670 nihil
686 1605 829 1671 relictum
849 1603 1016 1691 Syracusis
1035 1626 1114 1670 esse.

93 1699 168 1767 bona
183 1722 311 1785 quoque
329 1700 434 1766 multis
452 1701 613 1786 adempta,
632 1700 676 1765 ita
694 1709 782 1765 utne
796 1699 882 1765 nudo
895 1699 1022 1784 quidem
1036 1699 1113 1776 solo,
1136 1719 1167 1767 10

93 1795 223 1880 reliquiis
250 1795 390 1880 direptae
416 1795 575 1872 fortunae,
603 1793 686 1859 alere
713 1816 784 1860 sese
810 1816 848 1860 ac
874 1816 949 1860 suos
976 1802 1114 1880 possent.

91 1910 173 1955 orare
187 1911 222 1954 se
235 1897 339 1974 patres
358 1889 564 1975 conscriptos,
584 1901 632 1967 ut,
651 1889 679 1955 si
692 1900 848 1975 nequeant
867 1889 985 1968 omnia,
1005 1889 1117 1955 saltem

91 2005 164 2066 quae
192 1991 393 2068 compareant
419 1983 631 2070 cognoscique
657 1984 794 2070 possint,
829 1983 950 2050 restitui
981 1982 1115 2048 dominis

90 2076 223 2144 iubeant.
261 2075 334 2140 talia
352 2087 540 2161 conquestos
560 2097 632 2141 cum
646 2076 798 2143 excedere
816 2099 856 2142 ex
874 2076 1004 2162 templo,
1025 2087 1058 2140 ut
1076 2076 1116 2141 de
1137 2097 1166 2144 11

89 2169 250 2254 postulatis
277 2192 385 2235 eorum
411 2181 516 2256 patres
543 2170 664 2236 consuli
690 2180 832 2255 possent,
863 2170 1026 2235 Laevinus
1052 2170 1119 2235 ius·

89 2265 192 2344 sisset,
213 2263 396 2342 ‘maneant,’
414 2265 514 2349 inquit
531 2264 717 2343 Marcellus,
743 2271 791 2328 ‘ut
808 2286 914 2328 coram
931 2264 970 2328 iis
989 2287 1117 2348 respon·
1137 2285 1167 2332 12

87 2358 190 2438 deam,
210 2359 336 2443 quaudo
355 2381 393 2424 ea
410 2359 592 2424 condicione
609 2380 666 2443 pro
685 2357 789 2435 vobis,
812 2365 917 2442 patres
936 2356 1114 2442 conscripti,

86 2450 167 2520 bella
196 2453 351 2540 gerimus,
387 2463 422 2517 ut
449 2453 548 2518 victos
580 2453 674 2518 armis
705 2461 903 2517 accusatores
930 2448 1113 2515 habeamus.

83 2547 165 2614 duae
182 2556 295 2632 captae
312 2546 372 2612 hoc
390 2569 473 2612 anno
492 2546 595 2625 urbes,
616 2545 728 2632 Capua
740 2544 890 2610 Fulvium
907 2566 1009 2622 reum,
1028 2542 1117 2609 Mar-

80 2643 199 2710 cellum
219 2639 397 2726 Syracusae
414 2641 574 2706 habeant’.

144 2734 288 2802 XXXI.
332 2734 483 2802 Reductis
501 2736 534 2800 in
551 2735 670 2800 curiam
687 2733 799 2820 legatis
818 2744 886 2798 tum
904 2733 1014 2799 consul
1037 2738 1116 2800 ‘non
1136 2756 1148 2803 1

80 2833 164 2900 adeo
182 2829 369 2897 maiestatia'
390 2831 491 2915 inquit
514 2829 636 2916 ‘populi
658 2828 794 2896 Romani
816 2829 1000 2915 imperiique
1021 2828 1116 2895 huius

80 2926 202 2994 oblitus
222 2948 307 3005 sum,
324 2936 429 3012 patres
448 2925 631 3011 conscripti,
650 2935 698 3002 ut,
718 2924 746 2989 si
763 2924 803 2990 de
820 2946 891 2990 meo
910 2923 1037 2990 crimine
1050 2947 1118 2990 am-

80 3023 260 3110 bigeretur,
287 3019 397 3086 consul
424 3020 563 3085 dicturus
591 3042 719 3084 causam
745 3019 965 3085 accusantibus
985 3016 1117 3085 Graecis

80 3115 210 3182 fuerim.
246 3114 303 3180 sed
319 3137 383 3179 non
400 3114 477 3198 quid
493 3136 553 3200 ego
567 3113 695 3179 fecerim
711 3113 744 3176 in
758 3112 1009 3196 disquisitionem
1023 3111 1116 3188 venit,
1135 3132 1150 3179 2

80 3232 181 3297 quarn
200 3207 277 3292 quid
293 3208 345 3273 isti
362 3208 428 3294 pati
445 3207 618 3274 debuerint.
658 3207 713 3292 qui
731 3207 758 3273 si
775 3229 838 3271 uon
856 3204 982 3271 fuerunt
999 3204 1117 3282 hostes,

80 3303 163 3371 nihil
190 3302 336 3380 interest,
372 3324 456 3367 nunc
482 3326 523 3368 an
548 3303 621 3367 vivo
646 3301 786 3366 Hierone
814 3296 991 3386 Syracusas
1021 3297 1119 3364 viola·

80 3398 196 3465 verim.
224 3396 273 3461 sin
290 3405 394 3462 autem
413 3397 611 3462 desciverunt
625 3393 659 3482 [a
671 3393 788 3481 populo
800 3393 954 3472 Romano,
973 3391 1117 3460 hostibus
1136 3413 1152 3460 3

80 3486 290 3579 aperuerunt]
309 3500 430 3577 portas,
457 3490 579 3577 legatos
598 3500 721 3555 nostros
739 3486 821 3553 ferro
840 3496 933 3571 atque
952 3487 1046 3554 armis
1064 3509 1119 3572 pe·

80 3590 218 3663 cierunt,
246 3584 356 3650 urbem
374 3608 409 3651 ac
427 3585 552 3651 moenia
569 3584 747 3653 clauserunt
765 3582 965 3666 exercituque
984 3580 1119 3648 Cartha-

80 3678 279 3768 giniensium
305 3679 457 3745 adversus
485 3701 543 3744 nos
570 3678 661 3743 tutati
687 3686 774 3755 sunt,
811 3676 882 3761 quis
908 3697 1020 3762 passos
1047 3695 1118 3740 esse

80 3775 229 3853 hostilia,
248 3797 321 3840 curn
339 3775 483 3853 fecerint,
506 3773 704 3862 indignatur?
737 3772 887 3838 tradentis
905 3771 1016 3837 urbem
1033 3769 1119 3856 prin·
1135 3789 1153 3838 4

80 3872 174 3958 cipes
195 3867 465 3956 Syracusanorum
483 3878 644 3935 aversatus
663 3891 747 3933 sum:
768 3865 874 3934 Sosim
892 3876 924 3931 et
940 3863 1119 3931 Moericum

82 3965 284 4052 Hispanum,
298 3964 413 4050 quibus
427 3973 546 4031 tantam
561 3962 719 4033 crederem
735 3958 846 4049 [rem],
860 3960 997 4048 potiores
1010 3957 1117 4026 habui.
