2528 4514
294 251 412 306 nura
429 250 527 319 xxx,
547 249 572 304 τ.
585 250 611 304 s.
631 249 784 320 [sums]
982 239 1048 305 489

103 393 247 495 Scipioni,
269 409 348 474 urhe
365 407 512 473 excessit.
556 430 631 473 mox
648 407 760 472 eodem
776 407 957 494 patentibus
974 431 1048 495 por·
1065 429 1082 477 a

95 482 217 568 Romani
234 503 354 589 accepti
359 529 368 580 ;
386 523 446 567 nec
463 502 630 586 quicquam
647 501 775 579 hostile,
794 502 868 585 quia
885 503 1047 569 voluntate

95 605 244 662 >cesserant
264 596 298 659 in
320 595 490 673 dicionem,
517 596 645 660 factum.
690 596 771 660 duae
794 595 926 661 subinde
952 599 1046 663 urbes

95 688 139 754 tae
153 691 366 777 direptosque:
385 712 423 754 oa
439 689 557 776 praeda
574 699 606 755 et
624 711 704 772 quae
722 690 834 754 castris
851 689 989 755 incensis
1007 714 1048 757 ex

95 795 204 871 erapta
220 793 289 849 erat
305 783 396 847 militi
414 803 565 848 concessa
582 794 641 848 est.
687 781 820 869 Syphax
837 794 909 849 octo
925 785 1047 849 milium
1065 808 1082 855 a

95 895 126 943 ue
148 879 221 944 inde
243 879 346 965 spatio
371 877 441 942 loco
464 878 655 942 communito
677 878 834 954 consedit3
863 880 1047 945 Hasdrubal

95 965 252 1060 thaginem
277 971 451 1049 contendit,
482 993 522 1036 ne
549 972 624 1054 quid
649 994 706 1058 per
726 982 846 1036 metum
869 994 908 1036 ex
929 975 1048 1038 recenti

95 1068 113 1133 le
130 1066 256 1133 mollius
279 1065 501 1131 consuleretur.
546 1087 608 1149 quo
631 1076 736 1130 tantus
757 1065 859 1152 primo
881 1076 980 1131 terror
998 1082 1082 1136 ests

95 1174 160 1239 tus,
178 1172 215 1225 ut
231 1160 351 1226 omissa
357 1158 455 1227 Utica
464 1157 691 1246 Carthaginem
709 1159 872 1225 crederent
889 1161 1048 1247 extemplo

95 1256 207 1321 »ionem
233 1256 446 1320 obsessurum.
500 1265 644 1319 senatum
668 1254 775 1337 itaque
802 1255 935 1331 sufetes,
962 1256 1083 1336 quoda

95 1361 107 1414 t
125 1349 292 1414 consulare
308 1347 474 1434 imperium
492 1348 576 1434 apud
594 1370 649 1413 eos
667 1359 748 1425 erat,
767 1358 967 1413 vocaverunt.
1002 1348 1047 1413 ibi
1066 1373 1082 1418 s

95 1470 120 1511 rs
143 1441 346 1532 [apartibus]
365 1466 429 1508 una
446 1443 486 1507 de
503 1465 582 1530 pace
595 1444 718 1530 legatos
737 1443 779 1507 ad
792 1441 974 1528 Scipionem
992 1443 1048 1508 de-

95 1540 188 1616 ebat,
224 1538 323 1603 altera
347 1537 561 1603 Hannibalem
588 1538 629 1601 ad
655 1537 804 1603 tuendam
830 1539 870 1602 ab
897 1537 1048 1603 exitiabili

95 1663 99 1695 ι
130 1634 267 1720 patriam
292 1634 474 1710 revocabat,
506 1632 598 1696 tertia
613 1668 640 1679 -
656 1631 820 1696 Romanae
846 1632 880 1694 in
905 1632 1046 1696 adversis

95 1752 112 1794 s
142 1725 338 1792 constantiae
365 1737 474 1791 erat-
490 1725 700 1811 reparandum
727 1725 898 1790 exercitum
922 1722 1083 1813 Sypha-r

95 1844 150 1906 que
171 1821 373 1898 hortandum,
395 1843 436 1885 ne
453 1819 537 1885 bello
555 1819 736 1899 absisteret,
759 1820 918 1886 censebat.
970 1820 1049 1885 haec

95 1917 192 1992 entia,
219 1914 293 2001 quia
310 1914 494 1979 Hasdrubal
519 1935 670 2001 praesens
692 1915 911 1999 Barcinaeque
936 1936 1047 1980 omnes
1156 1980 1161 1990 ,

94 2010 168 2076 onis
187 2009 306 2074 bellum
321 2009 495 2086 malebant,
522 2009 648 2076 vincit,x
671 2009 746 2076 inde
768 2011 901 2076 dilectus
918 2009 951 2074 in
968 2011 1047 2076 urbe
1065 2029 1084 2078 8
1162 2014 1169 2025 “

95 2127 171 2189 sque
197 2103 306 2168 haberi
332 2114 462 2190 coeptus
489 2115 520 2169 et
546 2105 587 2168 ad
615 2102 796 2190 Syphacem
821 2105 918 2190 legati
947 2105 1047 2183 missi,

95 2223 145 2264 ma
163 2220 224 2285 ope
241 2208 273 2262 et
289 2197 395 2283 ipsum
415 2209 613 2284 reparantem
635 2197 766 2274 bellum,
794 2219 866 2261 cum
883 2220 963 2262 uxor
983 2221 1047 2264 non

99 2306 137 2358 ut
155 2303 230 2358 ante
247 2293 422 2369 blanditiis,
441 2293 517 2357 satis
535 2292 716 2379 potentibus
733 2292 774 2355 ad
787 2291 926 2355 animum
940 2314 1049 2355 aman-

95 2388 154 2453 sed
171 2386 316 2473 precibus
336 2398 368 2452 et
383 2387 598 2452 misericordia
615 2386 779 2463 valuisset,
798 2385 892 2471 plena
904 2383 1049 2448 lacrima-

107 2483 286 2558 obtestans,
312 2503 353 2545 ne
375 2492 498 2568 patrem
520 2503 612 2546 suum
629 2480 825 2567 patriamque
842 2478 989 2565 proderet
1005 2480 1050 2542 ls-
1067 2501 1084 2548 9

95 2598 158 2661 qne
174 2575 309 2640 flammis
328 2573 570 2662 Carthaginem,
598 2575 711 2659 quibus
735 2585 839 2639 castra
856 2572 1048 2658 conflagras-

96 2720 105 2749 ,
135 2669 259 2735 absumi
281 2670 406 2735 sineret.
451 2692 541 2757 spem
563 2691 687 2753 quoque
709 2678 883 2756 opportune
910 2667 1049 2732 oblatam
1069 2687 1103 2735 ιο

95 2765 210 2830 rebant
230 2764 340 2850 legati:
368 2774 515 2847 quattuor
535 2764 622 2828 milia
639 2762 871 2830 Celtiberorum
892 2761 975 2827 circa
996 2784 1049 2827 ur-

110 2858 238 2922 nomine
258 2857 400 2935 Obbam,
419 2859 460 2922 ab
478 2857 740 2942 conquisitoribus
760 2858 825 2923 suis
844 2858 999 2924 conducta
1015 2857 1049 2921 in

95 2951 196 3038 sauia,
223 2951 369 3038 egregiae
394 2952 580 3030 iuventutis,
608 2953 669 3017 sibi
694 2953 882 3031 occurrisse,
909 2963 941 3018 et
961 2954 1050 3018 Has-

95 3047 187 3110 ›alem
211 3068 310 3132 prope
337 3046 419 3110 diem
447 3047 556 3112 adfore
583 3068 654 3111 cum
680 3070 777 3111 manu
806 3047 1050 3129 haudquaquam

95 3141 262 3205 emuenda.
289 3140 385 3226 igitur
402 3164 466 3206 non
479 3141 616 3226 benigne
633 3142 727 3206 modo
745 3141 858 3225 legatis
876 3139 1048 3225 respondit,
1069 3159 1099 3204 11

102 3234 241 3300 ostendit
263 3235 357 3299 etiam
382 3235 614 3301 multitudinem
640 3235 811 3321 agrestium
832 3233 1049 3310 Numidarum,

95 3352 138 3393 »us
151 3350 209 3414 per
221 3330 349 3395 eosdem
364 3330 431 3394 dies
445 3353 534 3395 arma
547 3351 707 3416 equosque
720 3327 870 3405 dedisset,
880 3337 912 3392 et
925 3350 1050 3392 omnem

95 3433 218 3487 ntutem
236 3423 380 3488 adfirmat
397 3447 437 3488 ex
453 3447 553 3513 regno
571 3425 764 3489 exciturum:
796 3422 876 3487 scire
893 3420 1048 3499 incendio,
1070 3440 1104 3488 12

102 3516 225 3603 proelio
244 3516 365 3581 cladem
383 3529 558 3604 acceptam3
577 3541 650 3583 eum
667 3518 751 3582 bello
768 3516 950 3581 inferiorem
968 3536 1049 3593 esse,

95 3608 191 3674 armis
210 3609 361 3676 vincatur.
405 3610 485 3676 haec
506 3612 619 3698 legatis
642 3634 810 3698 responsa3
838 3621 869 3676 et
890 3621 964 3697 post
980 3609 1049 3674 dies
1071 3628 1104 3678 tc

95 3725 142 3768 :os
160 3725 253 3767 rusus
271 3705 456 3769 Hasdrubal
478 3717 511 3770 et
528 3704 660 3792 Syphax
677 3706 784 3791 copias
802 3705 980 3769 iunxerunt.
1024 3704 1051 3767 is
1153 3774 1162 3792 .

95 3799 125 3862 is
144 3798 299 3862 exercitus
317 3799 378 3863 fuit
394 3799 523 3886 triginta
540 3801 639 3865 ferme
656 3800 744 3864 milia
761 3810 961 3864 armatorum.

95 3892 183 3960 VIII.
229 3890 424 3979 Scipionem,
448 3895 535 3959 velut
551 3895 613 3959 iam
632 3894 805 3973 debellato,
828 3893 913 3977 quod
930 3893 971 3958 ad
990 3890 1052 3978 Sy·
1072 3914 1085 3961 1

95 4008 156 4051 rem
167 3983 510 4072 Carthaginiensesque
521 3988 676 4067 attineret,
694 3987 810 4055 Uticae
820 3987 1052 4076 oppugnandae
