2566 4538
162 192 227 258 512
398 199 518 255 LIBER
534 198 636 269 XXX,
654 199 696 253 29.
706 198 748 254 30.
770 201 809 268 [a.
821 216 848 253 ιι.
859 198 957 269 eaor]

161 383 257 445 quam
278 359 401 445 etipse
424 379 523 422 causa
538 356 614 421 belli
636 367 704 422 erat
726 368 759 422 et
774 357 915 422 adventu
933 380 993 423 suo
1015 358 1201 424 turbaverat

160 467 194 521 et
213 465 325 542 pactas
347 450 486 516 indutias
508 460 541 516 et
562 474 653 538 spem
675 451 854 530 foederum,
884 463 993 518 tamen
1019 452 1050 518 si
1076 453 1200 542 integer

161 572 258 634 quam
284 547 312 612 si
337 546 440 611 victus
466 556 589 632 peteret
610 567 723 632 pacem
746 545 896 630 aequiora
916 545 1083 634 impetrari
1102 570 1199 635 posse

160 655 264 720 ratus,
281 640 428 706 nuntium
442 641 484 704 ad
494 637 678 726 Scipionem
690 640 791 720 misit,
809 652 846 705 ut
858 641 1074 726 conloquendi
1091 664 1198 708 seeum

127 761 143 808 c
160 746 353 824 potestatem
373 735 501 800 faceret.
545 735 580 799 id
600 746 707 799 utrum
729 757 789 801 sua
810 746 925 823 sponte
945 735 1060 802 fecerit
1082 760 1124 802 an
1140 759 1198 824 pu-

128 832 244 901 rblico
274 829 420 908 consilio,
446 839 594 894 neutrum
620 851 676 894 cur
702 830 867 895 adfirmem
888 830 1003 896 habeo.
1049 831 1197 899 Valerius

161 925 278 991 Antias
300 924 403 1010 primo
425 923 545 1010 proelio
567 923 686 988 victum
709 946 783 990 eum
804 947 824 988 a
842 921 1008 1010 Scipione,
1038 947 1103 1010 quo
1121 925 1192 990 duo-

163 1020 266 1086 decim
283 1019 371 1084 milia
393 1029 586 1084 armatorum
606 1018 640 1083 in
662 1019 729 1084 acie
753 1020 817 1085 sint
833 1041 942 1098 caesa,
968 1019 1058 1086 mille
1077 1031 1110 1086 et
1126 1042 1188 1108 sep

161 1113 297 1202 tingenti
314 1113 411 1200 capti,
438 1113 580 1200 legatum
602 1135 675 1178 cum
696 1113 765 1180 aliis
784 1114 894 1180 decem
916 1114 1034 1202 legatis
1053 1115 1183 1180 traditin

127 1231 144 1278 8
162 1221 266 1276 castra
288 1209 330 1275 ad
347 1208 531 1294 Scipionem
554 1207 690 1275 venisse.
735 1221 875 1275 ceterum
893 1208 1004 1296 Scipio
1027 1232 1101 1275 cum
1121 1232 1180 1276 oon·

160 1304 302 1389 loquium
320 1303 406 1368 haud
424 1302 601 1381 abnuisset,
621 1304 714 1370 ambo
732 1326 773 1368 ex
791 1304 967 1392 composito
981 1305 1080 1370 duces
1093 1316 1177 1370 casm

126 1421 142 1468 9
160 1400 373 1486 protulerrmt,
390 1409 428 1464 ιιι
444 1398 528 1464 coire
546 1421 587 1463 ex
603 1399 780 1486 propinquo
798 1411 941 1487 possent
983 1398 1093 1488 Scipio
1109 1398 1176 1464 haud

161 1495 273 1581 procul
293 1494 482 1581 Naraggara
506 1493 585 1558 urbe
611 1516 684 1558 cum
710 1495 752 1560 ad
779 1505 884 1561 cetera
909 1495 981 1562 loco
1008 1506 1173 1583 opportuno,

161 1603 230 1653 tum
255 1588 341 1673 quod
367 1586 493 1672 aquatio
518 1587 601 1653 intra
627 1589 682 1654 teli
711 1588 889 1655 coniectum
919 1601 1007 1669 erat,
1043 1588 1173 1656 consedit

112 1705 145 1753 ιο
162 1683 327 1749 Hannibal
345 1683 501 1747 tumulum
518 1706 537 1746 a
555 1693 703 1766 quattuor
720 1683 847 1750 milibus
869 1683 960 1764 inde,
989 1695 1093 1750 tutum
1109 1705 1172 1750 com

162 1779 354 1862 modumque
372 1777 503 1861 alioqui,
529 1777 591 1842 nisi
609 1779 693 1862 quod
710 1779 902 1867 longinquae
920 1780 1098 1865 aquationis
1114 1788 1172 1854 erat,

163 1873 255 1958 cepit
299 1872 343 1937 ibi
368 1871 402 1936 in
423 1871 528 1937 medio
550 1872 639 1938 locus
662 1885 850 1960 conspectus
872 1875 1029 1960 undique,
1056 1870 1174 1958 nequid

162 1966 348 2032 insidiarum
366 1977 465 2044 esset,
485 1965 636 2032 delectus.

128 2084 142 2129 1
225 2059 348 2126 XXX.
393 2055 568 2127 Summotis
590 2061 660 2147 pari
682 2062 785 2148 spatio
807 2062 936 2128 armatis
964 2085 1039 2129 cum
1060 2060 1175 2150 singulis

161 2156 384 2243 interpretibus
403 2155 567 2242 congressi
586 2167 672 2234 aunt,
699 2179 765 2222 non
783 2179 859 2222 suae
878 2158 974 2224 modo
997 2159 1107 2224 aetatis
1122 2179 1178 2221 ma·

160 2249 238 2314 ximi
257 2251 369 2328 duces,
397 2250 455 2316 sed
473 2249 575 2315 omnis
595 2262 667 2315 ante
686 2273 721 2316 se
742 2251 928 2330 memoriae,
957 2252 1099 2319 omnium
1114 2274 1179 2340 gen·

124 2346 240 2413 atium
275 2346 402 2410 cuilibet
436 2367 548 2431 regum
581 2344 846 2431 imperatorumve
875 2369 980 2434 pares.
1033 2347 1180 2436 paulisper

161 2441 239 2506 alter
257 2440 384 2506 alterius
403 2451 590 2526 conspectu,
609 2440 815 2508 admiratione
832 2453 943 2506 mutua
955 2465 1057 2530 prope
1071 2439 1182 2508 attoniti

123 2535 348 2601 aconticuere.
393 2547 461 2600 tum
481 2534 646 2600 Hannibal
666 2534 766 2623 prior:
798 2536 841 2601 ‘ei
858 2537 919 2603 hoc
935 2536 981 2602 ita
998 2538 1067 2604 fato
1085 2538 1181 2602 daun

160 2641 242 2708 erat,
269 2641 304 2694 ut
321 2629 375 2714 qui
392 2630 512 2717 primus
531 2629 649 2694 bellum
665 2630 758 2695 intuli
775 2631 893 2718 populo
909 2631 1059 2698 Romano
1077 2631 1182 2718 quique

159 2725 275 2790 totiens
301 2747 400 2811 prope
426 2724 460 2789 in
486 2724 632 2790 manibus
659 2724 823 2790 victoriam
848 2725 959 2802 habui,
990 2725 1125 2792 isultro
1150 2724 1183 2791 sd

158 2838 271 2903 pacem
296 2818 466 2903 petendam
493 2819 647 2897 venirem,
673 2818 787 2897 laetor,
819 2832 850 2885 te
876 2819 954 2884 mihi
980 2831 1068 2887 sorte
1093 2819 1184 2908 potis-

124 2933 140 2979 4
161 2910 276 2976 simum
297 2912 422 2990 datum,
450 2936 469 2978 a
490 2935 553 2997 quo
570 2924 721 3000 peterem.
766 2913 823 2979 tibi
841 2935 966 2998 quoque
987 2914 1072 2981 inter
1093 2915 1184 2981 multa

159 3006 289 3094 egregia
309 3030 374 3073 non
395 3008 429 3073 in
450 3007 569 3072 ultimis
592 3007 723 3073 laudum
744 3008 806 3073 hoc
827 3009 935 3087 firerit,
962 3009 1184 3109 Hannibalem,

158 3102 209 3166 cui
231 3113 278 3168 tot
300 3103 340 3168 de
356 3103 511 3169 Romanis
535 3103 669 3168 ducibus
693 3103 857 3170 victoriam
879 3104 911 3168 di
929 3104 1110 3185 dedissent,
1122 3104 1185 3169 ‘tibi

157 3196 294 3262 cessisse
312 3209 406 3281 teque
424 3197 498 3263 huic
514 3198 609 3275 bello,
628 3197 742 3264 vestris
761 3198 944 3285 plusquam
960 3199 1083 3266 nostris
1097 3197 1186 3265 eladi·

120 3291 217 3358 abus
243 3290 373 3378 insigni,
401 3291 498 3357 finem
523 3292 723 3378 imposuisse.
780 3292 842 3358 hoc
868 3314 995 3378 quoque
1020 3294 1185 3361 ludibrium

158 3407 250 3450 casus
269 3386 402 3450 ediderit
419 3385 560 3465 fortuna,
588 3397 623 3452 ut
637 3409 709 3452 cum
722 3397 812 3474 patre
830 3398 884 3454 tuo
903 3389 1035 3455 consule
1054 3387 1186 3478 ceperim

158 3502 262 3557 arma,
299 3500 371 3545 cum
398 3481 510 3546 eodem
540 3480 678 3567 primum
703 3481 850 3548 Romano
879 3481 1074 3570 imperatore
1100 3484 1186 3570 signa

157 3572 356 3653 contulerim,
383 3576 425 3640 ad
449 3576 550 3640 filium
576 3576 644 3641 eius
671 3575 800 3641 inermis
822 3576 864 3641 ud
884 3599 1000 3664 pacem
1019 3579 1186 3666 petendam

120 3668 292 3736 eveniam.
337 3672 491 3757 optimum
519 3671 647 3756 quidem
673 3671 778 3737 brerat
803 3694 874 3737 eam
899 3672 1048 3760 patribus
1075 3672 1185 3741 nostris

156 3773 295 3829 mentem
312 3765 418 3830 datam
437 3767 477 3832 ab
496 3767 545 3832 dis
563 3789 649 3845 esse,
667 3777 704 3832 ut
720 3777 753 3832 et
770 3789 829 3833 vos
845 3766 960 3834 Italiae
978 3779 1012 3835 et
1028 3792 1091 3837 nos
1104 3765 1185 3835 Affi-

123 3877 136 3922 ι
157 3877 213 3922 cae
230 3857 362 3944 imperio
380 3861 519 3926 contenti
537 3884 681 3927 essemus
687 3886 696 3940 ;
724 3861 931 3945 nequeenim
951 3886 995 3930 ne
1012 3863 1106 3930 vobis
1121 3858 1185 3946 qui·

157 3949 230 4014 dem
249 3950 358 4019 Sicilia
380 3978 416 4020 ac
439 3953 588 4021 Sardinia
614 3956 691 4022 satis
714 3956 813 4043 digna
833 3957 936 4043 pretia
963 3969 1041 4026 sunt
1065 3982 1125 4048 pro
1144 3964 1186 4021 tot
