2528 4514
155 242 220 310 134
370 252 490 311 LIBER
506 251 624 323 XXIII,
642 252 766 309 19-21.
784 251 971 325 [aucbssfl]

149 413 198 478 Μ.
211 410 362 478 Anicium
377 433 436 497 pro
449 410 612 489 militibus,
631 411 686 496 qui
695 409 829 477 Casilini
841 411 876 476 in
888 410 1045 498 praesidio
1056 411 1148 477 fiaes

149 518 259 574 votum
279 505 418 572 vovisse.
460 504 546 570 idem
568 505 676 572 titulus
699 504 800 571 tribus
822 505 923 593 signis
949 506 984 572 in
1007 493 1148 573 aedeR

151 611 246 666 tunae
263 599 374 684 positis
392 598 454 664 fuit
472 599 642 666 subiectus.

116 718 130 763 1
212 693 299 761 XX.
354 692 531 760 Casilinum
557 694 710 780 oppidum
739 693 898 760 redditum
925 692 1095 782 Campanis
1118 682 1148 739 ὅ

148 788 307 854 firmatum
331 788 600 875 septingentorum
622 788 757 853 militum
778 788 818 853 dc
836 787 978 855 exercitu
994 742 1148 855 nsaht*

147 882 320 969 praesidio,
345 904 387 948 ne
413 880 469 947 ubi
485 881 614 948 Poenus
640 882 714 946 inde
741 880 950 948 abscessisset
970 856 1148 949 Romanivl

114 986 337 1065 opugnarent·
362 977 576 1044 Praenestinis
585 977 738 1043 militibus
748 986 877 1043 senatus
886 977 1052 1044 Romanus
1063 956 1148 1063 tupi}

150 1072 342 1158 stipendium
368 1081 400 1136 et
430 1071 625 1156 quinquenni
655 1071 784 1136 militiae
811 1071 1010 1139 vacationem
1034 1062 1148 1138 omar!

149 1166 273 1231 civitate
301 1188 375 1231 cum
401 1166 593 1232 donarentur
617 1165 658 1231 ob
685 1166 849 1244 virtutem,
882 1188 949 1232 non
974 1168 1148 1243 mutarem

112 1258 372 1328 sPerusinorum
394 1282 487 1327 casus
511 1259 674 1326 obscurior
690 1259 777 1325 fama
799 1270 861 1338 est,
889 1261 944 1345 qui
967 1283 1029 1327 nec
1044 1258 1148 1348 ipsortd

147 1366 349 1420 monumento
367 1354 431 1419 ullo
450 1364 498 1420 est
514 1354 697 1419 inlustratus
715 1376 775 1420 nec
792 1355 918 1420 decreto
936 1355 1148 1435 Romanorum}

112 1468 130 1514 4
211 1449 336 1514 Eodem
359 1457 500 1534 tempore
521 1448 697 1526 Petelinos,
725 1448 779 1532 qui
802 1450 857 1513 uni
879 1471 919 1514 ex
937 1448 1074 1515 Bruttiis

148 1553 253 1608 serant
278 1544 312 1607 in
338 1541 476 1608 amicitia
493 1542 651 1621 Romana,
679 1564 743 1606 non
771 1541 1055 1630 Carthaginienses
1081 1542 1148 1615 mul

66 1643 68 1647 '
147 1637 202 1720 qui
219 1638 381 1724 regionem
399 1636 595 1715 obtinebant,
623 1648 672 1703 set
689 1635 794 1702 Brutti
813 1658 941 1721 quoque
962 1639 1063 1705 ceteri
1080 1638 1122 1707 ob

85 1752 88 1756 “
112 1751 128 1798 5
146 1741 255 1817 parata
273 1731 313 1797 ab
332 1753 367 1797 se
385 1731 516 1796 consilia
534 1731 769 1818 oppugnabant.
807 1731 1015 1816 quibuscum
1034 1658 1148 1899 obsid

146 1824 237 1890 malis
261 1825 425 1909 nequirent
442 1825 591 1903 Petelini,
618 1824 740 1912 legatos
762 1825 900 1891 Romam
922 1827 964 1891 ad
991 1829 1103 1913 praeci
1122 1828 1131 1846 ⁴

146 1918 318 2004 petendum
353 1912 514 1984 miserunt.
569 1941 703 2003 quorum
737 1941 848 2005 preces
878 1919 1096 2006 lacrimaeque
1111 1920 1148 1985 -i

106 2034 109 2041 ·
147 2020 278 2096 questus
306 2013 390 2077 enim
416 2013 550 2091 flebiles,
579 2035 652 2079 cum
679 2013 804 2079 sibimet
828 2015 891 2099 ipsi
918 2016 1089 2083 consulere
1106 2016 1148 2081 ius

146 2116 238 2186 sunt,
276 2129 346 2173 sese
373 2107 407 2172 in
432 2107 588 2173 vestibulo
616 2109 721 2173 curiae
752 2108 961 2193 profuderunt
977 2146 1009 2158 -
1026 2111 1148 2199 ingmta

105 2222 128 2269 =6
145 2201 393 2267 misericordiam
410 2201 551 2288 patribus
571 2225 608 2267 ac
625 2203 743 2288 populo
765 2212 940 2267 moverunt.
987 2200 1148 2288 consultu

145 2296 259 2360 iterum
277 2320 297 2361 a
314 2294 363 2361 M
381 2296 520 2361 Aemilio
537 2306 681 2381 praetore
703 2306 808 2381 patres
828 2297 1070 2383 circumspectis
1086 2318 1148 2365 omn

144 2389 206 2455 bus
224 2390 348 2477 imperii
362 2390 481 2456 viribus
499 2389 592 2454 fateri
610 2391 723 2468 coacti,
750 2390 828 2454 nihil
850 2390 914 2455 iam
932 2390 1117 2479 longinquis
1132 2412 1148 2457 s

145 2484 202 2550 ciis
220 2484 253 2550 in
272 2507 305 2550 se
317 2485 468 2570 praesidii
479 2507 563 2563 esse,
582 2486 683 2549 redire
701 2485 831 2550 domum
844 2485 969 2569 fideque
983 2488 1028 2552 ad
1041 2487 1148 2552 ultimu

145 2578 270 2664 expleta
295 2578 459 2644 consulere
485 2578 718 2664 sibimetipsos
745 2579 779 2643 in
799 2579 956 2663 reliquum
980 2578 1072 2668 [pro]
1095 2602 1148 2668 pre

111 2694 126 2740 7
147 2673 227 2737 senti
245 2672 371 2737 fortuna
388 2673 556 2737 iusserunt.
592 2672 670 2738 haec
687 2683 856 2759 postquam
873 2676 1054 2740 renuntiate
1068 2675 1148 2762 legal

143 2765 295 2831 Petelinis
322 2776 386 2844 est,
413 2775 519 2832 tantus
545 2776 674 2852 repente
699 2790 823 2833 maeror
848 2790 1011 2853 pavorque
1039 2779 1148 2835 senatu

144 2881 253 2925 corum
271 2860 368 2946 cepit,
387 2870 422 2924 ut
438 2883 512 2946 pars
530 2861 745 2948 profugiendi,
771 2885 834 2947 qua
851 2863 986 2947 quisque
1003 2873 1148 2949 posset,t

108 2976 125 3024 8
143 2954 334 3019 deserendae
352 2953 438 3019 urbis
457 2966 602 3021 auctores
621 2965 740 3034 essent,
766 2979 854 3042 pars,
882 2957 1011 3041 quando
1030 2954 1148 3024 deserti-

143 3047 302 3114 veteribus
326 3048 419 3114 sociis
443 3060 563 3128 essent,
591 3050 785 3137 adiungendi
808 3072 842 3116 se
864 3050 976 3116 ceteris
999 3051 1148 3118 Bruttias

109 3164 201 3229 aper
225 3165 279 3209 eos
306 3144 442 3209 dedendi
458 3144 643 3210 Hannibali.
684 3145 760 3210 vicit
786 3154 892 3210 tamen
917 3167 956 3210 ea
980 3168 1073 3232 pars,
1101 3166 1148 3232 qu

142 3237 220 3302 nihil
236 3238 351 3325 raptim
368 3260 427 3305 nec
445 3248 561 3305 temere
580 3240 739 3326 agendum
762 3240 1054 3326 consulendumque
1078 3240 1148 3308 deit

92 3353 125 3402 10
143 3342 232 3418 tegra
259 3334 389 3399 censuit.
434 3334 532 3399 relata
557 3343 685 3420 postero
707 3334 758 3399 die
783 3335 1017 3421 perminorem
1044 3334 1148 3423 trepidt

143 3426 259 3490 tionem
281 3449 315 3492 re
337 3436 503 3493 tenuerunt
526 3428 707 3512 optimates,
735 3438 771 3492 ut
793 3429 953 3494 convectis
972 3430 1148 3496 omnibuse

143 3520 227 3606 agris
244 3520 356 3586 urbem
374 3543 412 3587 ac
429 3543 536 3586 muros
554 3521 723 3587 firmarent.

110 3637 123 3683 1
206 3614 307 3680 XXI.
351 3614 517 3681 Paridem
540 3616 606 3682 sere
624 3626 748 3702 tempus
770 3617 891 3682 litterae
915 3639 956 3682 ex
974 3615 1085 3684 Sicilia
1104 3615 1148 3682 Sa

109 3730 124 3777 2
143 3710 289 3795 diniaque
307 3710 444 3776 Romam
471 3711 603 3777 adlatae.
647 3713 766 3799 priores
794 3734 834 3777 ex
858 3709 968 3778 Sicilia
989 3711 1031 3778 T.
1049 3707 1148 3778 Otacil

142 3804 350 3889 propraetoris
364 3805 397 3870 in
415 3815 527 3871 senatu
540 3805 688 3872 recitatae
701 3816 788 3872 sunt:
806 3807 846 3872 P.
855 3807 989 3872 Furium
1001 3815 1148 3893 praetores

143 3920 216 3962 cum
234 3898 336 3965 classe
354 3922 394 3965 ex
411 3900 523 3966 Africa
540 3901 733 3987 Lilybaeum
750 3902 891 3980 venisse,
916 3902 1023 3988 ipsum
1040 3899 1148 3988 gravitr

144 3991 285 4059 saucium
299 3994 332 4060 in
345 3995 524 4062 discrimine
538 3995 647 4062 ultimo
661 3996 744 4063 vitae
759 4020 839 4075 esse,
857 3996 1000 4062 militiae
1012 3992 1148 4062 navalibu
