<?xml version="1.0" encoding="UTF-8"?>
<!DOCTYPE html PUBLIC "-//W3C//DTD XHTML 1.0 Transitional//EN"
    "http://www.w3.org/TR/xhtml1/DTD/xhtml1-transitional.dtd">
<html xmlns="http://www.w3.org/1999/xhtml" xml:lang="en" lang="en">
 <head>
  <title>
</title>
<meta http-equiv="Content-Type" content="text/html;charset=utf-8" />
  <meta name='ocr-system' content='tesseract 3.04.00' />
  <meta name='ocr-capabilities' content='ocr_page ocr_carea ocr_par ocr_line ocrx_word'/>
</head>
<body>
  <div class='ocr_page' id='page_1' title='image "./titiliviaburbec00weisgoog_0425.png"; bbox 0 0 2528 4514; ppageno 0'>
   <div class='ocr_carea' id='block_1_1' title="bbox 251 219 1028 302">
    <p class='ocr_par' dir='ltr' id='par_1_1' title="bbox 251 219 1028 302">
     <span class='ocr_line' id='line_1_1' title="bbox 251 219 1028 302; baseline -0.001 -16"><span class='ocrx_word' id='word_1_1' title='bbox 251 231 366 287; x_wconf 79' lang='lat' dir='ltr'>nisan</span> <span class='ocrx_word' id='word_1_2' title='bbox 383 233 495 302; x_wconf 82' lang='lat' dir='ltr'>xxm,</span> <span class='ocrx_word' id='word_1_3' title='bbox 515 231 557 286; x_wconf 72' lang='lat' dir='ltr'>aa.</span> <span class='ocrx_word' id='word_1_4' title='bbox 571 231 613 286; x_wconf 78' lang='lat' dir='ltr'>aa.</span> <span class='ocrx_word' id='word_1_5' title='bbox 634 235 670 300; x_wconf 75' lang='lat' dir='ltr'>[a.</span> <span class='ocrx_word' id='word_1_6' title='bbox 683 230 786 300; x_wconf 83' lang='lat' dir='ltr'>cam]</span> <span class='ocrx_word' id='word_1_7' title='bbox 964 219 1028 286; x_wconf 84' lang='lat'>303</span> 
     </span>
    </p>
   </div>
   <div class='ocr_carea' id='block_1_2' title="bbox 95 388 1090 2644">
    <p class='ocr_par' dir='ltr' id='par_1_2' title="bbox 95 388 1090 2644">
     <span class='ocr_line' id='line_1_2' title="bbox 95 388 1030 476; baseline -0.002 -19"><span class='ocrx_word' id='word_1_8' title='bbox 95 416 117 457; x_wconf 71' lang='lat' dir='ltr'>»s</span> <span class='ocrx_word' id='word_1_9' title='bbox 145 413 184 456; x_wconf 90' lang='lat' dir='ltr'>ao</span> <span class='ocrx_word' id='word_1_10' title='bbox 207 392 246 455; x_wconf 90' lang='lat' dir='ltr'>de</span> <span class='ocrx_word' id='word_1_11' title='bbox 268 391 306 456; x_wconf 90' lang='lat' dir='ltr'>iis</span> <span class='ocrx_word' id='word_1_12' title='bbox 328 389 483 476; x_wconf 83' lang='lat' dir='ltr'>posterius</span> <span class='ocrx_word' id='word_1_13' title='bbox 508 388 747 466; x_wconf 85' lang='lat' dir='ltr'>consulendum3</span> <span class='ocrx_word' id='word_1_14' title='bbox 779 388 910 454; x_wconf 89' lang='lat' dir='ltr'>aliorum</span> <span class='ocrx_word' id='word_1_15' title='bbox 934 389 1030 455; x_wconf 90' lang='lat' dir='ltr'>Cam·</span> 
     </span>
     <span class='ocr_line' id='line_1_3' title="bbox 95 482 1030 569; baseline 0 -19"><span class='ocrx_word' id='word_1_16' title='bbox 95 509 151 550; x_wconf 92' lang='lat' dir='ltr'>um</span> <span class='ocrx_word' id='word_1_17' title='bbox 172 507 327 550; x_wconf 89' lang='lat' dir='ltr'>summam</span> <span class='ocrx_word' id='word_1_18' title='bbox 346 484 440 548; x_wconf 88' lang='lat' dir='ltr'>etiam</span> <span class='ocrx_word' id='word_1_19' title='bbox 457 504 570 548; x_wconf 91' lang='lat' dir='ltr'>census</span> <span class='ocrx_word' id='word_1_20' title='bbox 593 482 814 561; x_wconf 83' lang='lat' dir='ltr'>distinxerunt,</span> <span class='ocrx_word' id='word_1_21' title='bbox 841 483 1030 569; x_wconf 89' lang='lat' dir='ltr'>publicanda</span> 
     </span>
     <span class='ocr_line' id='line_1_4' title="bbox 113 576 1066 663; baseline 0.003 -19"><span class='ocrx_word' id='word_1_22' title='bbox 113 578 200 645; x_wconf 92' lang='lat' dir='ltr'>bona</span> <span class='ocrx_word' id='word_1_23' title='bbox 217 587 332 643; x_wconf 90' lang='lat' dir='ltr'>essent.</span> <span class='ocrx_word' id='word_1_24' title='bbox 375 599 476 663; x_wconf 88' lang='lat' dir='ltr'>pecua</span> <span class='ocrx_word' id='word_1_25' title='bbox 494 576 616 662; x_wconf 89' lang='lat' dir='ltr'>captiva</span> <span class='ocrx_word' id='word_1_26' title='bbox 633 587 755 662; x_wconf 89' lang='lat' dir='ltr'>praeter</span> <span class='ocrx_word' id='word_1_27' title='bbox 772 598 870 660; x_wconf 89' lang='lat' dir='ltr'>equos</span> <span class='ocrx_word' id='word_1_28' title='bbox 892 587 924 643; x_wconf 92' lang='lat' dir='ltr'>et</span> <span class='ocrx_word' id='word_1_29' title='bbox 940 601 1029 645; x_wconf 89' lang='lat' dir='ltr'>man-</span> <span class='ocrx_word' id='word_1_30' title='bbox 1047 601 1066 648; x_wconf 75' lang='lat' dir='ltr'>a</span> 
     </span>
     <span class='ocr_line' id='line_1_5' title="bbox 105 670 1029 758; baseline 0.002 -22"><span class='ocrx_word' id='word_1_31' title='bbox 105 681 233 758; x_wconf 88' lang='lat' dir='ltr'>praeter</span> <span class='ocrx_word' id='word_1_32' title='bbox 253 670 387 757; x_wconf 83' lang='lat' dir='ltr'>puberes</span> <span class='ocrx_word' id='word_1_33' title='bbox 415 670 511 735; x_wconf 92' lang='lat' dir='ltr'>virilis</span> <span class='ocrx_word' id='word_1_34' title='bbox 539 692 633 735; x_wconf 85' lang='lat' dir='ltr'>sexus</span> <span class='ocrx_word' id='word_1_35' title='bbox 661 679 692 735; x_wconf 90' lang='lat' dir='ltr'>et</span> <span class='ocrx_word' id='word_1_36' title='bbox 713 670 831 748; x_wconf 91' lang='lat' dir='ltr'>omnia,</span> <span class='ocrx_word' id='word_1_37' title='bbox 858 693 939 754; x_wconf 90' lang='lat' dir='ltr'>quae</span> <span class='ocrx_word' id='word_1_38' title='bbox 962 671 1029 738; x_wconf 90' lang='lat' dir='ltr'>solo</span> 
     </span>
     <span class='ocr_line' id='line_1_6' title="bbox 95 763 1064 842; baseline 0.007 -17"><span class='ocrx_word' id='word_1_39' title='bbox 95 768 325 842; x_wconf 86' lang='lat' dir='ltr'>ontinerentur,</span> <span class='ocrx_word' id='word_1_40' title='bbox 344 764 535 830; x_wconf 89' lang='lat' dir='ltr'>restituenda</span> <span class='ocrx_word' id='word_1_41' title='bbox 553 772 741 828; x_wconf 86' lang='lat' dir='ltr'>censuerunt</span> <span class='ocrx_word' id='word_1_42' title='bbox 759 763 901 830; x_wconf 90' lang='lat' dir='ltr'>dominis.</span> <span class='ocrx_word' id='word_1_43' title='bbox 935 763 1030 832; x_wconf 89' lang='lat' dir='ltr'>Cam·</span> <span class='ocrx_word' id='word_1_44' title='bbox 1048 789 1064 838; x_wconf 83' lang='lat' dir='ltr'>a</span> 
     </span>
     <span class='ocr_line' id='line_1_7' title="bbox 95 855 1030 946; baseline 0.003 -22"><span class='ocrx_word' id='word_1_45' title='bbox 95 861 231 939; x_wconf 72' lang='lat' dir='ltr'>romnis,</span> <span class='ocrx_word' id='word_1_46' title='bbox 250 858 425 936; x_wconf 87' lang='lat' dir='ltr'>Atellanos,</span> <span class='ocrx_word' id='word_1_47' title='bbox 446 857 615 936; x_wconf 83' lang='lat' dir='ltr'>Calatinos,</span> <span class='ocrx_word' id='word_1_48' title='bbox 637 855 814 936; x_wconf 84' lang='lat' dir='ltr'>Sabatinos,</span> <span class='ocrx_word' id='word_1_49' title='bbox 835 869 922 925; x_wconf 88' lang='lat' dir='ltr'>extra</span> <span class='ocrx_word' id='word_1_50' title='bbox 935 882 1030 946; x_wconf 89' lang='lat' dir='ltr'>quam</span> 
     </span>
     <span class='ocr_line' id='line_1_8' title="bbox 95 952 1028 1039; baseline 0.002 -20"><span class='ocrx_word' id='word_1_51' title='bbox 95 977 180 1020; x_wconf 91' lang='lat' dir='ltr'>orum</span> <span class='ocrx_word' id='word_1_52' title='bbox 199 964 254 1019; x_wconf 90' lang='lat' dir='ltr'>aut</span> <span class='ocrx_word' id='word_1_53' title='bbox 271 953 332 1039; x_wconf 90' lang='lat' dir='ltr'>ipsi</span> <span class='ocrx_word' id='word_1_54' title='bbox 350 962 404 1018; x_wconf 89' lang='lat' dir='ltr'>aut</span> <span class='ocrx_word' id='word_1_55' title='bbox 421 963 566 1038; x_wconf 87' lang='lat' dir='ltr'>parentes</span> <span class='ocrx_word' id='word_1_56' title='bbox 585 974 692 1017; x_wconf 91' lang='lat' dir='ltr'>eorum</span> <span class='ocrx_word' id='word_1_57' title='bbox 710 961 786 1038; x_wconf 90' lang='lat' dir='ltr'>aput</span> <span class='ocrx_word' id='word_1_58' title='bbox 799 952 899 1018; x_wconf 91' lang='lat' dir='ltr'>hostis</span> <span class='ocrx_word' id='word_1_59' title='bbox 914 966 1028 1035; x_wconf 88' lang='lat' dir='ltr'>essent,</span> 
     </span>
     <span class='ocr_line' id='line_1_9' title="bbox 95 1047 1064 1124; baseline 0.007 -12"><span class='ocrx_word' id='word_1_60' title='bbox 95 1071 116 1113; x_wconf 82' lang='lat' dir='ltr'>rs</span> <span class='ocrx_word' id='word_1_61' title='bbox 134 1072 205 1115; x_wconf 88' lang='lat' dir='ltr'>esse</span> <span class='ocrx_word' id='word_1_62' title='bbox 223 1049 382 1113; x_wconf 87' lang='lat' dir='ltr'>iusserunt</span> <span class='ocrx_word' id='word_1_63' title='bbox 398 1047 455 1124; x_wconf 91' lang='lat' dir='ltr'>ita,</span> <span class='ocrx_word' id='word_1_64' title='bbox 483 1057 518 1111; x_wconf 94' lang='lat' dir='ltr'>ut</span> <span class='ocrx_word' id='word_1_65' title='bbox 534 1069 627 1112; x_wconf 92' lang='lat' dir='ltr'>nemo</span> <span class='ocrx_word' id='word_1_66' title='bbox 645 1069 753 1112; x_wconf 90' lang='lat' dir='ltr'>eorum</span> <span class='ocrx_word' id='word_1_67' title='bbox 771 1049 848 1114; x_wconf 89' lang='lat' dir='ltr'>civis</span> <span class='ocrx_word' id='word_1_68' title='bbox 866 1049 1028 1116; x_wconf 87' lang='lat' dir='ltr'>Romanus</span> <span class='ocrx_word' id='word_1_69' title='bbox 1049 1073 1064 1119; x_wconf 74' lang='grc'><strong>7</strong></span> 
     </span>
     <span class='ocr_line' id='line_1_10' title="bbox 95 1141 1030 1229; baseline 0.001 -22"><span class='ocrx_word' id='word_1_70' title='bbox 95 1143 186 1209; x_wconf 85' lang='lat' dir='ltr'>[atini</span> <span class='ocrx_word' id='word_1_71' title='bbox 211 1142 346 1208; x_wconf 89' lang='lat' dir='ltr'>nominis</span> <span class='ocrx_word' id='word_1_72' title='bbox 374 1151 458 1207; x_wconf 90' lang='lat' dir='ltr'>esset</span> <span class='ocrx_word' id='word_1_73' title='bbox 479 1163 558 1206; x_wconf 91' lang='lat' dir='ltr'>neve</span> <span class='ocrx_word' id='word_1_74' title='bbox 580 1141 650 1226; x_wconf 91' lang='lat' dir='ltr'>quis</span> <span class='ocrx_word' id='word_1_75' title='bbox 674 1164 795 1220; x_wconf 90' lang='lat' dir='ltr'>eorum,</span> <span class='ocrx_word' id='word_1_76' title='bbox 823 1143 877 1227; x_wconf 93' lang='lat' dir='ltr'>qui</span> <span class='ocrx_word' id='word_1_77' title='bbox 900 1142 1030 1229; x_wconf 81' lang='lat' dir='ltr'>Capuae</span> 
     </span>
     <span class='ocr_line' id='line_1_11' title="bbox 95 1235 1031 1325; baseline 0.001 -23"><span class='ocrx_word' id='word_1_78' title='bbox 95 1247 127 1316; x_wconf 90' lang='lat' dir='ltr'>et,</span> <span class='ocrx_word' id='word_1_79' title='bbox 150 1239 226 1304; x_wconf 90' lang='lat' dir='ltr'>dum</span> <span class='ocrx_word' id='word_1_80' title='bbox 245 1248 352 1323; x_wconf 91' lang='lat' dir='ltr'>portae</span> <span class='ocrx_word' id='word_1_81' title='bbox 370 1237 495 1309; x_wconf 86' lang='lat' dir='ltr'>clausae</span> <span class='ocrx_word' id='word_1_82' title='bbox 513 1245 631 1314; x_wconf 88' lang='lat' dir='ltr'>essent,</span> <span class='ocrx_word' id='word_1_83' title='bbox 654 1235 689 1300; x_wconf 90' lang='lat' dir='ltr'>in</span> <span class='ocrx_word' id='word_1_84' title='bbox 704 1236 781 1303; x_wconf 91' lang='lat' dir='ltr'>urbe</span> <span class='ocrx_word' id='word_1_85' title='bbox 800 1259 916 1325; x_wconf 87' lang='lat' dir='ltr'>agrove</span> <span class='ocrx_word' id='word_1_86' title='bbox 935 1236 1031 1303; x_wconf 89' lang='lat' dir='ltr'>Cam-</span> 
     </span>
     <span class='ocr_line' id='line_1_12' title="bbox 113 1328 1031 1408; baseline -0.001 -11"><span class='ocrx_word' id='word_1_87' title='bbox 113 1334 191 1398; x_wconf 89' lang='lat' dir='ltr'>intra</span> <span class='ocrx_word' id='word_1_88' title='bbox 219 1342 335 1397; x_wconf 90' lang='lat' dir='ltr'>certam</span> <span class='ocrx_word' id='word_1_89' title='bbox 362 1331 446 1396; x_wconf 91' lang='lat' dir='ltr'>diem</span> <span class='ocrx_word' id='word_1_90' title='bbox 472 1339 625 1408; x_wconf 91' lang='lat' dir='ltr'>maneret,</span> <span class='ocrx_word' id='word_1_91' title='bbox 660 1328 748 1396; x_wconf 93' lang='lat' dir='ltr'>locus</span> <span class='ocrx_word' id='word_1_92' title='bbox 774 1330 830 1397; x_wconf 93' lang='lat' dir='ltr'>ubi</span> <span class='ocrx_word' id='word_1_93' title='bbox 855 1331 1031 1398; x_wconf 89' lang='lat' dir='ltr'>habitarent</span> 
     </span>
     <span class='ocr_line' id='line_1_13' title="bbox 103 1425 1066 1512; baseline 0.001 -21"><span class='ocrx_word' id='word_1_94' title='bbox 103 1425 253 1505; x_wconf 85' lang='lat' dir='ltr'>Tiberim,</span> <span class='ocrx_word' id='word_1_95' title='bbox 273 1425 408 1511; x_wconf 91' lang='lat' dir='ltr'>quinon</span> <span class='ocrx_word' id='word_1_96' title='bbox 427 1425 619 1512; x_wconf 88' lang='lat' dir='ltr'>contingeret</span> <span class='ocrx_word' id='word_1_97' title='bbox 632 1425 787 1504; x_wconf 88' lang='lat' dir='ltr'>Tiberim,</span> <span class='ocrx_word' id='word_1_98' title='bbox 806 1426 939 1492; x_wconf 87' lang='lat' dir='ltr'>daretur.</span> <span class='ocrx_word' id='word_1_99' title='bbox 975 1428 1030 1510; x_wconf 92' lang='lat' dir='ltr'>qui</span> <span class='ocrx_word' id='word_1_100' title='bbox 1048 1446 1066 1494; x_wconf 80' lang='lat'>8</span> 
     </span>
     <span class='ocr_line' id='line_1_14' title="bbox 95 1516 1030 1607; baseline 0.002 -23"><span class='ocrx_word' id='word_1_101' title='bbox 95 1519 201 1606; x_wconf 77' lang='lat' dir='ltr'>lapnae</span> <span class='ocrx_word' id='word_1_102' title='bbox 218 1543 277 1586; x_wconf 92' lang='lat' dir='ltr'>nec</span> <span class='ocrx_word' id='word_1_103' title='bbox 295 1521 328 1585; x_wconf 91' lang='lat' dir='ltr'>in</span> <span class='ocrx_word' id='word_1_104' title='bbox 345 1520 422 1585; x_wconf 88' lang='lat' dir='ltr'>urbe</span> <span class='ocrx_word' id='word_1_105' title='bbox 434 1516 611 1605; x_wconf 90' lang='lat' dir='ltr'>Campana,</span> <span class='ocrx_word' id='word_1_106' title='bbox 630 1541 711 1605; x_wconf 85' lang='lat' dir='ltr'>quae</span> <span class='ocrx_word' id='word_1_107' title='bbox 729 1519 878 1607; x_wconf 89' lang='lat' dir='ltr'>apopulo</span> <span class='ocrx_word' id='word_1_108' title='bbox 886 1519 1030 1586; x_wconf 89' lang='lat' dir='ltr'>Romano</span> 
     </span>
     <span class='ocr_line' id='line_1_15' title="bbox 97 1614 1030 1701; baseline -0.001 -21"><span class='ocrx_word' id='word_1_109' title='bbox 97 1615 184 1693; x_wconf 87' lang='lat' dir='ltr'>isset,</span> <span class='ocrx_word' id='word_1_110' title='bbox 218 1638 275 1701; x_wconf 89' lang='lat' dir='ltr'>per</span> <span class='ocrx_word' id='word_1_111' title='bbox 300 1614 418 1680; x_wconf 89' lang='lat' dir='ltr'>bellum</span> <span class='ocrx_word' id='word_1_112' title='bbox 443 1614 591 1692; x_wconf 85' lang='lat' dir='ltr'>fuissent,</span> <span class='ocrx_word' id='word_1_113' title='bbox 628 1636 681 1680; x_wconf 93' lang='lat' dir='ltr'>eos</span> <span class='ocrx_word' id='word_1_114' title='bbox 709 1614 754 1680; x_wconf 88' lang='lat' dir='ltr'>cis</span> <span class='ocrx_word' id='word_1_115' title='bbox 777 1614 879 1679; x_wconf 88' lang='lat' dir='ltr'>Lirim</span> <span class='ocrx_word' id='word_1_116' title='bbox 905 1637 1030 1680; x_wconf 92' lang='lat' dir='ltr'>amnem</span> 
     </span>
     <span class='ocr_line' id='line_1_16' title="bbox 95 1709 1065 1796; baseline 0.003 -22"><span class='ocrx_word' id='word_1_117' title='bbox 95 1733 138 1774; x_wconf 81' lang='lat' dir='ltr'>am</span> <span class='ocrx_word' id='word_1_118' title='bbox 160 1733 285 1787; x_wconf 85' lang='lat' dir='ltr'>versus,</span> <span class='ocrx_word' id='word_1_119' title='bbox 312 1709 366 1794; x_wconf 92' lang='lat' dir='ltr'>qui</span> <span class='ocrx_word' id='word_1_120' title='bbox 393 1710 433 1774; x_wconf 89' lang='lat' dir='ltr'>ad</span> <span class='ocrx_word' id='word_1_121' title='bbox 454 1709 615 1775; x_wconf 85' lang='lat' dir='ltr'>Romanos</span> <span class='ocrx_word' id='word_1_122' title='bbox 638 1709 822 1775; x_wconf 80' lang='lat' dir='ltr'>transissent</span> <span class='ocrx_word' id='word_1_123' title='bbox 847 1711 1029 1796; x_wconf 90' lang='lat' dir='ltr'>priusquam</span> <span class='ocrx_word' id='word_1_124' title='bbox 1049 1730 1065 1778; x_wconf 82' lang='lat'><strong>9</strong></span> 
     </span>
     <span class='ocr_line' id='line_1_17' title="bbox 95 1803 1029 1882; baseline 0.002 -14"><span class='ocrx_word' id='word_1_125' title='bbox 95 1828 147 1869; x_wconf 91' lang='lat' dir='ltr'>am</span> <span class='ocrx_word' id='word_1_126' title='bbox 179 1804 342 1869; x_wconf 84' lang='lat' dir='ltr'>Hannibal</span> <span class='ocrx_word' id='word_1_127' title='bbox 372 1804 508 1882; x_wconf 89' lang='lat' dir='ltr'>veniret,</span> <span class='ocrx_word' id='word_1_128' title='bbox 545 1805 590 1870; x_wconf 89' lang='lat' dir='ltr'>cis</span> <span class='ocrx_word' id='word_1_129' title='bbox 616 1803 808 1870; x_wconf 86' lang='lat' dir='ltr'>Vulturnum</span> <span class='ocrx_word' id='word_1_130' title='bbox 840 1805 1029 1871; x_wconf 89' lang='lat' dir='ltr'>emovendos</span> 
     </span>
     <span class='ocr_line' id='line_1_18' title="bbox 95 1897 1031 1984; baseline 0.001 -21"><span class='ocrx_word' id='word_1_131' title='bbox 95 1909 206 1976; x_wconf 77' lang='lat' dir='ltr'>rerunt,</span> <span class='ocrx_word' id='word_1_132' title='bbox 234 1922 273 1964; x_wconf 89' lang='lat' dir='ltr'>ne</span> <span class='ocrx_word' id='word_1_133' title='bbox 291 1899 362 1982; x_wconf 91' lang='lat' dir='ltr'>quis</span> <span class='ocrx_word' id='word_1_134' title='bbox 381 1921 488 1963; x_wconf 91' lang='lat' dir='ltr'>eorum</span> <span class='ocrx_word' id='word_1_135' title='bbox 505 1897 633 1984; x_wconf 90' lang='lat' dir='ltr'>propius</span> <span class='ocrx_word' id='word_1_136' title='bbox 651 1922 736 1965; x_wconf 88' lang='lat' dir='ltr'>mare</span> <span class='ocrx_word' id='word_1_137' title='bbox 754 1898 933 1983; x_wconf 90' lang='lat' dir='ltr'>quindecim</span> <span class='ocrx_word' id='word_1_138' title='bbox 951 1899 1031 1966; x_wconf 91' lang='lat' dir='ltr'>mili-</span> 
     </span>
     <span class='ocr_line' id='line_1_19' title="bbox 95 1993 1084 2080; baseline 0.003 -22"><span class='ocrx_word' id='word_1_139' title='bbox 95 2017 243 2079; x_wconf 89' lang='lat' dir='ltr'>passuum</span> <span class='ocrx_word' id='word_1_140' title='bbox 269 2016 381 2080; x_wconf 85' lang='lat' dir='ltr'>agrum</span> <span class='ocrx_word' id='word_1_141' title='bbox 407 1993 622 2060; x_wconf 88' lang='lat' dir='ltr'>aedificiumve</span> <span class='ocrx_word' id='word_1_142' title='bbox 649 1993 787 2060; x_wconf 84' lang='lat' dir='ltr'>haberet.</span> <span class='ocrx_word' id='word_1_143' title='bbox 840 1996 895 2079; x_wconf 93' lang='lat' dir='ltr'>qui</span> <span class='ocrx_word' id='word_1_144' title='bbox 921 2017 1029 2061; x_wconf 90' lang='lat' dir='ltr'>eorum</span> <span class='ocrx_word' id='word_1_145' title='bbox 1050 2014 1084 2061; x_wconf 89' lang='lat'>10</span> 
     </span>
     <span class='ocr_line' id='line_1_20' title="bbox 109 2087 1032 2174; baseline 0.002 -21"><span class='ocrx_word' id='word_1_146' title='bbox 109 2089 249 2154; x_wconf 87' lang='lat' dir='ltr'>Tiberim</span> <span class='ocrx_word' id='word_1_147' title='bbox 272 2088 367 2154; x_wconf 90' lang='lat' dir='ltr'>emoti</span> <span class='ocrx_word' id='word_1_148' title='bbox 390 2097 507 2165; x_wconf 88' lang='lat' dir='ltr'>essent,</span> <span class='ocrx_word' id='word_1_149' title='bbox 534 2110 574 2152; x_wconf 91' lang='lat' dir='ltr'>ne</span> <span class='ocrx_word' id='word_1_150' title='bbox 591 2087 653 2173; x_wconf 91' lang='lat' dir='ltr'>ipsi</span> <span class='ocrx_word' id='word_1_151' title='bbox 673 2089 830 2174; x_wconf 86' lang='lat' dir='ltr'>posterive</span> <span class='ocrx_word' id='word_1_152' title='bbox 853 2112 960 2155; x_wconf 90' lang='lat' dir='ltr'>eorum</span> <span class='ocrx_word' id='word_1_153' title='bbox 977 2113 1032 2155; x_wconf 87' lang='lat' dir='ltr'>us-</span> 
     </span>
     <span class='ocr_line' id='line_1_21' title="bbox 105 2178 1031 2270; baseline 0 -22"><span class='ocrx_word' id='word_1_154' title='bbox 105 2193 251 2270; x_wconf 86' lang='lat' dir='ltr'>pararent</span> <span class='ocrx_word' id='word_1_155' title='bbox 267 2182 456 2247; x_wconf 84' lang='lat' dir='ltr'>haberentve</span> <span class='ocrx_word' id='word_1_156' title='bbox 474 2181 535 2247; x_wconf 85' lang='lat' dir='ltr'>nisi</span> <span class='ocrx_word' id='word_1_157' title='bbox 552 2182 585 2246; x_wconf 93' lang='lat' dir='ltr'>in</span> <span class='ocrx_word' id='word_1_158' title='bbox 602 2179 749 2258; x_wconf 87' lang='lat' dir='ltr'>Veiente,</span> <span class='ocrx_word' id='word_1_159' title='bbox 770 2178 908 2261; x_wconf 86' lang='lat' dir='ltr'>Sutrino,</span> <span class='ocrx_word' id='word_1_160' title='bbox 927 2183 1031 2269; x_wconf 90' lang='lat' dir='ltr'>Nepe-</span> 
     </span>
     <span class='ocr_line' id='line_1_22' title="bbox 95 2275 1031 2363; baseline -0.001 -21"><span class='ocrx_word' id='word_1_161' title='bbox 95 2301 112 2342; x_wconf 93' lang='lat' dir='ltr'>e</span> <span class='ocrx_word' id='word_1_162' title='bbox 127 2301 214 2363; x_wconf 86' lang='lat' dir='ltr'>agro,</span> <span class='ocrx_word' id='word_1_163' title='bbox 226 2279 301 2341; x_wconf 94' lang='lat' dir='ltr'>dum</span> <span class='ocrx_word' id='word_1_164' title='bbox 314 2299 353 2341; x_wconf 91' lang='lat' dir='ltr'>ne</span> <span class='ocrx_word' id='word_1_165' title='bbox 368 2276 418 2341; x_wconf 93' lang='lat' dir='ltr'>eui</span> <span class='ocrx_word' id='word_1_166' title='bbox 432 2277 530 2341; x_wconf 88' lang='lat' dir='ltr'>maior</span> <span class='ocrx_word' id='word_1_167' title='bbox 543 2297 639 2359; x_wconf 91' lang='lat' dir='ltr'>quam</span> <span class='ocrx_word' id='word_1_168' title='bbox 647 2275 873 2361; x_wconf 83' lang='lat' dir='ltr'>quinquaginta</span> <span class='ocrx_word' id='word_1_169' title='bbox 887 2278 1031 2363; x_wconf 91' lang='lat' dir='ltr'>iugerum</span> 
     </span>
     <span class='ocr_line' id='line_1_23' title="bbox 95 2368 1090 2456; baseline -0.001 -20"><span class='ocrx_word' id='word_1_170' title='bbox 95 2373 203 2437; x_wconf 86' lang='lat' dir='ltr'>modus</span> <span class='ocrx_word' id='word_1_171' title='bbox 222 2382 314 2436; x_wconf 85' lang='lat' dir='ltr'>esset.</span> <span class='ocrx_word' id='word_1_172' title='bbox 344 2383 520 2435; x_wconf 87' lang='lat' dir='ltr'>senatorum</span> <span class='ocrx_word' id='word_1_173' title='bbox 539 2368 679 2434; x_wconf 92' lang='lat' dir='ltr'>omnium</span> <span class='ocrx_word' id='word_1_174' title='bbox 696 2369 811 2453; x_wconf 91' lang='lat' dir='ltr'>quique</span> <span class='ocrx_word' id='word_1_175' title='bbox 829 2371 1031 2456; x_wconf 85' lang='lat' dir='ltr'>magistratus</span> <span class='ocrx_word' id='word_1_176' title='bbox 1052 2388 1090 2435; x_wconf 84' lang='lat' dir='ltr'>1r</span> 
     </span>
     <span class='ocr_line' id='line_1_24' title="bbox 95 2461 1032 2550; baseline -0.001 -21"><span class='ocrx_word' id='word_1_177' title='bbox 95 2466 151 2544; x_wconf 69' lang='lat' dir='ltr'>ae,</span> <span class='ocrx_word' id='word_1_178' title='bbox 170 2465 309 2543; x_wconf 86' lang='lat' dir='ltr'>Atellae,</span> <span class='ocrx_word' id='word_1_179' title='bbox 334 2464 483 2537; x_wconf 64' lang='lat' dir='ltr'>Calatiae,</span> <span class='ocrx_word' id='word_1_180' title='bbox 492 2465 666 2550; x_wconf 86' lang='lat' dir='ltr'>gessissent</span> <span class='ocrx_word' id='word_1_181' title='bbox 683 2462 765 2528; x_wconf 90' lang='lat' dir='ltr'>bona</span> <span class='ocrx_word' id='word_1_182' title='bbox 781 2464 887 2529; x_wconf 86' lang='lat' dir='ltr'>venire</span> <span class='ocrx_word' id='word_1_183' title='bbox 902 2461 1032 2550; x_wconf 78' lang='lat' dir='ltr'>Capuae</span> 
     </span>
     <span class='ocr_line' id='line_1_25' title="bbox 95 2557 1030 2644; baseline -0.001 -21"><span class='ocrx_word' id='word_1_184' title='bbox 95 2573 177 2636; x_wconf 86' lang='lat' dir='ltr'>runt,</span> <span class='ocrx_word' id='word_1_185' title='bbox 214 2559 311 2624; x_wconf 89' lang='lat' dir='ltr'>libera</span> <span class='ocrx_word' id='word_1_186' title='bbox 339 2580 482 2644; x_wconf 90' lang='lat' dir='ltr'>corpora,</span> <span class='ocrx_word' id='word_1_187' title='bbox 518 2579 598 2641; x_wconf 91' lang='lat' dir='ltr'>qnae</span> <span class='ocrx_word' id='word_1_188' title='bbox 624 2579 739 2622; x_wconf 89' lang='lat' dir='ltr'>venum</span> <span class='ocrx_word' id='word_1_189' title='bbox 770 2557 838 2622; x_wconf 89' lang='lat' dir='ltr'>dari</span> <span class='ocrx_word' id='word_1_190' title='bbox 862 2558 1030 2643; x_wconf 82' lang='lat' dir='ltr'>placuerat,</span> 
     </span>
    </p>
   </div>
   <div class='ocr_carea' id='block_1_3' title="bbox 95 2650 1186 2736">
    <p class='ocr_par' dir='ltr' id='par_1_3' title="bbox 95 2650 1186 2736">
     <span class='ocr_line' id='line_1_26' title="bbox 95 2650 1186 2736; baseline -0.002 -18"><span class='ocrx_word' id='word_1_191' title='bbox 95 2678 141 2719; x_wconf 78' lang='lat' dir='ltr'>am</span> <span class='ocrx_word' id='word_1_192' title='bbox 168 2653 248 2718; x_wconf 91' lang='lat' dir='ltr'>mitti</span> <span class='ocrx_word' id='word_1_193' title='bbox 274 2675 311 2718; x_wconf 91' lang='lat' dir='ltr'>ac</span> <span class='ocrx_word' id='word_1_194' title='bbox 328 2653 450 2718; x_wconf 90' lang='lat' dir='ltr'>Romae</span> <span class='ocrx_word' id='word_1_195' title='bbox 473 2651 588 2715; x_wconf 85' lang='lat' dir='ltr'>venire.</span> <span class='ocrx_word' id='word_1_196' title='bbox 633 2650 737 2736; x_wconf 88' lang='lat' dir='ltr'>signa,</span> <span class='ocrx_word' id='word_1_197' title='bbox 765 2661 884 2717; x_wconf 86' lang='lat' dir='ltr'>statuas</span> <span class='ocrx_word' id='word_1_198' title='bbox 906 2669 1085 2731; x_wconf 80' lang='lat' dir='ltr'>aeneas,12</span> <span class='ocrx_word' id='word_1_199' title='bbox 1177 2660 1186 2669; x_wconf 75' lang='grc'><strong>“</strong></span> 
     </span>
    </p>
   </div>
   <div class='ocr_carea' id='block_1_4' title="bbox 95 2746 1131 4058">
    <p class='ocr_par' dir='ltr' id='par_1_4' title="bbox 95 2746 1085 3210">
     <span class='ocr_line' id='line_1_27' title="bbox 103 2746 1033 2833; baseline -0.001 -20"><span class='ocrx_word' id='word_1_200' title='bbox 103 2757 197 2833; x_wconf 86' lang='lat' dir='ltr'>capta</span> <span class='ocrx_word' id='word_1_201' title='bbox 215 2748 253 2813; x_wconf 91' lang='lat' dir='ltr'>de</span> <span class='ocrx_word' id='word_1_202' title='bbox 275 2746 418 2812; x_wconf 87' lang='lat' dir='ltr'>hostibus</span> <span class='ocrx_word' id='word_1_203' title='bbox 442 2746 630 2822; x_wconf 80' lang='lat' dir='ltr'>dicerentur,</span> <span class='ocrx_word' id='word_1_204' title='bbox 658 2766 739 2828; x_wconf 90' lang='lat' dir='ltr'>quae</span> <span class='ocrx_word' id='word_1_205' title='bbox 760 2767 867 2811; x_wconf 91' lang='lat' dir='ltr'>eorum</span> <span class='ocrx_word' id='word_1_206' title='bbox 886 2767 975 2811; x_wconf 88' lang='lat' dir='ltr'>sacra</span> <span class='ocrx_word' id='word_1_207' title='bbox 996 2767 1033 2812; x_wconf 90' lang='lat' dir='ltr'>ac</span> 
     </span>
     <span class='ocr_line' id='line_1_28' title="bbox 95 2838 1085 2926; baseline 0.002 -20"><span class='ocrx_word' id='word_1_208' title='bbox 95 2867 137 2907; x_wconf 92' lang='lat' dir='ltr'>na</span> <span class='ocrx_word' id='word_1_209' title='bbox 164 2851 283 2920; x_wconf 86' lang='lat' dir='ltr'>essent,</span> <span class='ocrx_word' id='word_1_210' title='bbox 311 2842 352 2906; x_wconf 89' lang='lat' dir='ltr'>ad</span> <span class='ocrx_word' id='word_1_211' title='bbox 376 2839 561 2926; x_wconf 83' lang='lat' dir='ltr'>pontificum</span> <span class='ocrx_word' id='word_1_212' title='bbox 583 2838 749 2926; x_wconf 80' lang='lat' dir='ltr'>collegium</span> <span class='ocrx_word' id='word_1_213' title='bbox 774 2840 956 2906; x_wconf 85' lang='lat' dir='ltr'>reiecerunt.</span> <span class='ocrx_word' id='word_1_214' title='bbox 991 2839 1085 2909; x_wconf 77' lang='lat' dir='ltr'>obla</span> 
     </span>
     <span class='ocr_line' id='line_1_29' title="bbox 110 2932 1034 3018; baseline -0.001 -17"><span class='ocrx_word' id='word_1_215' title='bbox 110 2938 236 3001; x_wconf 88' lang='lat' dir='ltr'>decreta</span> <span class='ocrx_word' id='word_1_216' title='bbox 257 2934 439 3000; x_wconf 86' lang='lat' dir='ltr'>maestiores</span> <span class='ocrx_word' id='word_1_217' title='bbox 462 2934 634 3018; x_wconf 87' lang='lat' dir='ltr'>aliquanto,</span> <span class='ocrx_word' id='word_1_218' title='bbox 663 2955 757 3018; x_wconf 87' lang='lat' dir='ltr'>quam</span> <span class='ocrx_word' id='word_1_219' title='bbox 779 2932 913 2999; x_wconf 87' lang='lat' dir='ltr'>Romam</span> <span class='ocrx_word' id='word_1_220' title='bbox 939 2957 1034 3000; x_wconf 88' lang='lat' dir='ltr'>vene·</span> 
     </span>
     <span class='ocr_line' id='line_1_30' title="bbox 110 3028 1032 3116; baseline -0.004 -19"><span class='ocrx_word' id='word_1_221' title='bbox 110 3030 292 3116; x_wconf 89' lang='lat' dir='ltr'>Campanos</span> <span class='ocrx_word' id='word_1_222' title='bbox 311 3031 503 3096; x_wconf 89' lang='lat' dir='ltr'>dimiserunt.</span> <span class='ocrx_word' id='word_1_223' title='bbox 539 3051 598 3095; x_wconf 91' lang='lat' dir='ltr'>nec</span> <span class='ocrx_word' id='word_1_224' title='bbox 614 3029 677 3093; x_wconf 87' lang='lat' dir='ltr'>iam</span> <span class='ocrx_word' id='word_1_225' title='bbox 697 3028 737 3112; x_wconf 82' lang='lat' dir='ltr'>Q.</span> <span class='ocrx_word' id='word_1_226' title='bbox 748 3028 853 3093; x_wconf 88' lang='lat' dir='ltr'>Fulvii</span> <span class='ocrx_word' id='word_1_227' title='bbox 871 3029 1032 3094; x_wconf 85' lang='lat' dir='ltr'>saevitiam</span> 
     </span>
     <span class='ocr_line' id='line_1_31' title="bbox 95 3122 1035 3210; baseline -0.004 -19"><span class='ocrx_word' id='word_1_228' title='bbox 95 3149 141 3203; x_wconf 92' lang='lat' dir='ltr'>se,</span> <span class='ocrx_word' id='word_1_229' title='bbox 162 3127 217 3190; x_wconf 89' lang='lat' dir='ltr'>sed</span> <span class='ocrx_word' id='word_1_230' title='bbox 234 3126 429 3210; x_wconf 88' lang='lat' dir='ltr'>iniquitatem</span> <span class='ocrx_word' id='word_1_231' title='bbox 442 3126 536 3190; x_wconf 75' lang='lat' dir='ltr'>deum</span> <span class='ocrx_word' id='word_1_232' title='bbox 550 3134 643 3208; x_wconf 92' lang='lat' dir='ltr'>atque</span> <span class='ocrx_word' id='word_1_233' title='bbox 658 3122 864 3189; x_wconf 85' lang='lat' dir='ltr'>execrabilem</span> <span class='ocrx_word' id='word_1_234' title='bbox 878 3122 1035 3188; x_wconf 85' lang='lat' dir='ltr'>fortunam</span> 
     </span>
    </p>

    <p class='ocr_par' dir='ltr' id='par_1_5' title="bbox 95 3220 313 3286">
     <span class='ocr_line' id='line_1_32' title="bbox 95 3220 313 3286; baseline 0.009 -2"><span class='ocrx_word' id='word_1_235' title='bbox 95 3275 98 3284; x_wconf 73' lang='grc'><strong>,</strong></span> <span class='ocrx_word' id='word_1_236' title='bbox 117 3220 313 3286; x_wconf 87' lang='lat' dir='ltr'>incusabant.</span> 
     </span>
    </p>

    <p class='ocr_par' dir='ltr' id='par_1_6' title="bbox 95 3309 1069 3776">
     <span class='ocr_line' id='line_1_33' title="bbox 95 3309 1067 3396; baseline -0.002 -18"><span class='ocrx_word' id='word_1_237' title='bbox 95 3313 224 3378; x_wconf 74' lang='lat' dir='ltr'>[XXV.</span> <span class='ocrx_word' id='word_1_238' title='bbox 268 3312 419 3378; x_wconf 88' lang='lat' dir='ltr'>Dimissis</span> <span class='ocrx_word' id='word_1_239' title='bbox 439 3310 555 3378; x_wconf 88' lang='lat' dir='ltr'>Siculis</span> <span class='ocrx_word' id='word_1_240' title='bbox 574 3309 807 3396; x_wconf 87' lang='lat' dir='ltr'>Campanisque</span> <span class='ocrx_word' id='word_1_241' title='bbox 825 3310 956 3376; x_wconf 90' lang='lat' dir='ltr'>dilectus</span> <span class='ocrx_word' id='word_1_242' title='bbox 978 3309 1034 3374; x_wconf 92' lang='lat' dir='ltr'>ha·</span> <span class='ocrx_word' id='word_1_243' title='bbox 1054 3331 1067 3376; x_wconf 92' lang='lat'>1</span> 
     </span>
     <span class='ocr_line' id='line_1_34' title="bbox 95 3404 1034 3499; baseline -0.004 -25"><span class='ocrx_word' id='word_1_244' title='bbox 95 3458 101 3474; x_wconf 89' lang='lat'>.</span> <span class='ocrx_word' id='word_1_245' title='bbox 149 3409 264 3494; x_wconf 89' lang='lat' dir='ltr'>scripto</span> <span class='ocrx_word' id='word_1_246' title='bbox 287 3407 399 3472; x_wconf 90' lang='lat' dir='ltr'>deinde</span> <span class='ocrx_word' id='word_1_247' title='bbox 421 3407 559 3472; x_wconf 86' lang='lat' dir='ltr'>exercitu</span> <span class='ocrx_word' id='word_1_248' title='bbox 580 3406 619 3470; x_wconf 91' lang='lat' dir='ltr'>de</span> <span class='ocrx_word' id='word_1_249' title='bbox 640 3404 794 3490; x_wconf 87' lang='lat' dir='ltr'>remigum</span> <span class='ocrx_word' id='word_1_250' title='bbox 818 3404 1034 3499; x_wconf 85' lang='lat' dir='ltr'>supplemento</span> 
     </span>
     <span class='ocr_line' id='line_1_35' title="bbox 95 3499 1069 3591; baseline -0.004 -24"><span class='ocrx_word' id='word_1_251' title='bbox 95 3513 247 3588; x_wconf 66' lang='lat' dir='ltr'>coeptum3</span> <span class='ocrx_word' id='word_1_252' title='bbox 274 3502 307 3566; x_wconf 93' lang='lat' dir='ltr'>in</span> <span class='ocrx_word' id='word_1_253' title='bbox 333 3524 428 3586; x_wconf 89' lang='lat' dir='ltr'>quam</span> <span class='ocrx_word' id='word_1_254' title='bbox 453 3524 520 3566; x_wconf 89' lang='lat' dir='ltr'>rem</span> <span class='ocrx_word' id='word_1_255' title='bbox 546 3523 618 3565; x_wconf 89' lang='lat' dir='ltr'>oum</span> <span class='ocrx_word' id='word_1_256' title='bbox 640 3521 740 3583; x_wconf 92' lang='lat' dir='ltr'>neque</span> <span class='ocrx_word' id='word_1_257' title='bbox 763 3499 926 3591; x_wconf 80' lang='lat' dir='ltr'>hominum</span> <span class='ocrx_word' id='word_1_258' title='bbox 948 3500 1033 3576; x_wconf 88' lang='lat' dir='ltr'>satis,</span> <span class='ocrx_word' id='word_1_259' title='bbox 1053 3517 1069 3563; x_wconf 78' lang='lat' dir='ltr'>a</span> 
     </span>
     <span class='ocr_line' id='line_1_36' title="bbox 95 3592 1034 3682; baseline -0.005 -21"><span class='ocrx_word' id='word_1_260' title='bbox 95 3620 132 3661; x_wconf 86' lang='lat' dir='ltr'>ex</span> <span class='ocrx_word' id='word_1_261' title='bbox 146 3619 208 3680; x_wconf 92' lang='lat' dir='ltr'>qua</span> <span class='ocrx_word' id='word_1_262' title='bbox 221 3605 403 3682; x_wconf 88' lang='lat' dir='ltr'>pararentur</span> <span class='ocrx_word' id='word_1_263' title='bbox 417 3595 667 3681; x_wconf 90' lang='lat' dir='ltr'>stipendiumque</span> <span class='ocrx_word' id='word_1_264' title='bbox 680 3593 869 3679; x_wconf 89' lang='lat' dir='ltr'>acciperent,</span> <span class='ocrx_word' id='word_1_265' title='bbox 883 3592 1034 3678; x_wconf 91' lang='lat' dir='ltr'>pecuniae</span> 
     </span>
     <span class='ocr_line' id='line_1_37' title="bbox 95 3688 1036 3776; baseline -0.005 -21"><span class='ocrx_word' id='word_1_266' title='bbox 95 3713 178 3776; x_wconf 71' lang='lat' dir='ltr'>quam</span> <span class='ocrx_word' id='word_1_267' title='bbox 197 3713 234 3755; x_wconf 91' lang='lat' dir='ltr'>ea</span> <span class='ocrx_word' id='word_1_268' title='bbox 256 3699 440 3775; x_wconf 89' lang='lat' dir='ltr'>tempestate</span> <span class='ocrx_word' id='word_1_269' title='bbox 457 3690 489 3753; x_wconf 92' lang='lat' dir='ltr'>in</span> <span class='ocrx_word' id='word_1_270' title='bbox 507 3688 633 3775; x_wconf 89' lang='lat' dir='ltr'>publico</span> <span class='ocrx_word' id='word_1_271' title='bbox 652 3697 748 3766; x_wconf 86' lang='lat' dir='ltr'>esset,</span> <span class='ocrx_word' id='word_1_272' title='bbox 776 3688 939 3752; x_wconf 85' lang='lat' dir='ltr'>edixerunt</span> <span class='ocrx_word' id='word_1_273' title='bbox 962 3707 1036 3751; x_wconf 92' lang='lat' dir='ltr'>con-</span> 
     </span>
    </p>

    <p class='ocr_par' dir='ltr' id='par_1_7' title="bbox 95 3781 1131 3963">
     <span class='ocr_line' id='line_1_38' title="bbox 97 3781 1131 3870; baseline -0.005 -18"><span class='ocrx_word' id='word_1_274' title='bbox 97 3834 107 3865; x_wconf 96' lang='lat'>,</span> <span class='ocrx_word' id='word_1_275' title='bbox 136 3795 172 3852; x_wconf 90' lang='lat' dir='ltr'>ut</span> <span class='ocrx_word' id='word_1_276' title='bbox 188 3784 333 3870; x_wconf 89' lang='lat' dir='ltr'>privatim</span> <span class='ocrx_word' id='word_1_277' title='bbox 351 3807 390 3849; x_wconf 87' lang='lat' dir='ltr'>ex</span> <span class='ocrx_word' id='word_1_278' title='bbox 413 3805 509 3848; x_wconf 89' lang='lat' dir='ltr'>censu</span> <span class='ocrx_word' id='word_1_279' title='bbox 531 3781 752 3866; x_wconf 87' lang='lat' dir='ltr'>ordinibusque</span> <span class='ocrx_word' id='word_1_280' title='bbox 776 3781 857 3846; x_wconf 90' lang='lat' dir='ltr'>siout</span> <span class='ocrx_word' id='word_1_281' title='bbox 879 3789 970 3845; x_wconf 90' lang='lat' dir='ltr'>antea</span> <span class='ocrx_word' id='word_1_282' title='bbox 987 3801 1070 3848; x_wconf 70' lang='lat' dir='ltr'>rea</span> <span class='ocrx_word' id='word_1_283' title='bbox 1122 3843 1131 3858; x_wconf 78' lang='grc'>,</span> 
     </span>
     <span class='ocr_line' id='line_1_39' title="bbox 95 3874 1034 3963; baseline -0.006 -17"><span class='ocrx_word' id='word_1_284' title='bbox 95 3880 243 3946; x_wconf 84' lang='lat' dir='ltr'>sdarent</span> <span class='ocrx_word' id='word_1_285' title='bbox 270 3901 341 3943; x_wconf 90' lang='lat' dir='ltr'>eum</span> <span class='ocrx_word' id='word_1_286' title='bbox 364 3877 517 3963; x_wconf 84' lang='lat' dir='ltr'>stipendio</span> <span class='ocrx_word' id='word_1_287' title='bbox 544 3876 730 3960; x_wconf 89' lang='lat' dir='ltr'>cibariisque</span> <span class='ocrx_word' id='word_1_288' title='bbox 752 3875 872 3941; x_wconf 92' lang='lat' dir='ltr'>dierum</span> <span class='ocrx_word' id='word_1_289' title='bbox 899 3874 1034 3962; x_wconf 87' lang='lat' dir='ltr'>triginta.</span> 
     </span>
    </p>

    <p class='ocr_par' dir='ltr' id='par_1_8' title="bbox 95 3970 1069 4058">
     <span class='ocr_line' id='line_1_40' title="bbox 95 3970 1069 4058; baseline -0.007 -17"><span class='ocrx_word' id='word_1_290' title='bbox 95 3982 98 4041; x_wconf 86' lang='lat' dir='ltr'>l</span> <span class='ocrx_word' id='word_1_291' title='bbox 118 3974 256 4040; x_wconf 90' lang='lat' dir='ltr'>edictum</span> <span class='ocrx_word' id='word_1_292' title='bbox 274 3983 377 4039; x_wconf 83' lang='lat' dir='ltr'>tantus</span> <span class='ocrx_word' id='word_1_293' title='bbox 395 3971 537 4037; x_wconf 82' lang='lat' dir='ltr'>fremitus</span> <span class='ocrx_word' id='word_1_294' title='bbox 555 3970 729 4048; x_wconf 91' lang='lat' dir='ltr'>hominum,</span> <span class='ocrx_word' id='word_1_295' title='bbox 757 3978 844 4036; x_wconf 89' lang='lat' dir='ltr'>tanta</span> <span class='ocrx_word' id='word_1_296' title='bbox 865 3970 1036 4058; x_wconf 88' lang='lat' dir='ltr'>indignatio</span> <span class='ocrx_word' id='word_1_297' title='bbox 1053 3987 1069 4034; x_wconf 83' lang='lat'>4</span> 
     </span>
    </p>
   </div>
   <div class='ocr_carea' id='block_1_5' title="bbox 0 0 1268 4514">
    <p class='ocr_par' dir='ltr' id='par_1_9' title="bbox 0 0 1268 4514">
     <span class='ocr_line' id='line_1_41' title="bbox 0 0 1268 4514; baseline 0 0"><span class='ocrx_word' id='word_1_298' title='bbox 0 0 1268 4514; x_wconf 95' lang='lat' dir='ltr'> </span> 
     </span>
    </p>
   </div>
  </div>
 </body>
</html>
