2528 4514
306 248 424 305 rrern
440 250 537 321 xxv,
556 251 598 307 ea
618 255 656 323 [a
667 252 698 310 c.
707 254 771 325 212]
996 245 1060 313 241

85 407 150 474 liuta.
187 428 322 492 namque
348 407 520 474 Marcellus
547 408 635 476 initio
662 412 745 478 veris
771 413 923 494 incertus,
953 425 1093 488 utrumr

85 501 239 591 lgigentum
251 502 292 567 ad
300 500 515 568 Himilconem
528 516 559 570 et
567 503 787 592 Hippocraten
797 519 932 576 verteret
940 509 1059 579 bellum

85 595 248 694 ¹ucbsidione
267 594 444 683 Syracusas
461 609 630 684 premeret,
653 622 846 688 quamquam
862 605 971 671 neeri
988 607 1059 693 capi
1077 629 1093 677 a

117 690 161 757 bat
176 712 267 778 posse
289 692 567 779 inexpugnabilem
592 696 730 761 terrestri
756 719 793 763 ac
814 699 970 766 maritimo
996 701 1060 767 situ

105 814 144 842 cc
161 809 212 852 nec
227 786 326 865 fame,
344 797 381 851 ut
398 809 493 871 quam
510 810 608 875 prope
625 788 716 855 liberi
733 788 955 881 aCarthagine
973 816 1059 861 oom-

111 908 156 937 =1··:
178 880 303 958 alerent,
331 891 449 959 tamen,
476 904 516 947 ne
542 882 619 967 quid
641 884 838 970 inexpertum
859 887 1057 973 relinqueret,
1076 912 1093 961 4

104 982 205 1054 *corps
225 972 442 1061 Syracusanos
460 1014 486 1023 -
503 987 592 1042 erant
608 987 715 1043 autem
732 989 810 1065 aput
822 979 984 1049 Romanos
1002 984 1058 1049 ali·

101 1064 286 1147 'nobilissimi
307 1069 365 1134 viri
387 1069 469 1134 inter
490 1069 699 1138 defectionem
721 1071 762 1139 ab
784 1072 952 1155 Romanis,
982 1078 1058 1162 quia

99 1201 117 1237 .4
133 1163 185 1229 uris
209 1163 345 1230 consiliis
372 1162 594 1245 abhorrebant,
625 1166 709 1252 pulsi
731 1167 954 1253 -conloquiis
981 1193 1057 1239 suae

96 1309 102 1346 ,3
122 1283 137 1302 Μ
158 1266 290 1346 temptare
311 1257 475 1324 hominum
496 1260 617 1326 animos
640 1261 734 1326 iussit
751 1271 783 1328 et
799 1262 895 1329 fidem
913 1264 1002 1343 dare,
1029 1266 1057 1331 si

128 1378 165 1401 u
189 1352 288 1419 forent
314 1350 511 1439 Syracusae,
547 1354 663 1422 liberos
695 1378 750 1422 eos
776 1377 815 1422 ac
841 1357 907 1424 suis
932 1357 1056 1446 legibus

97 1471 170 1534 ,Μ
190 1470 262 1515 esse.
308 1472 372 1514 non
395 1459 461 1516 erat
483 1449 640 1535 conloquii
662 1451 767 1538 copia,
795 1453 870 1538 quia
886 1453 1091 1524 multorume

112 1534 273 1641 ,’ωερθοῑί
291 1544 433 1610 omnium
450 1567 558 1611 curam
575 1545 748 1632 oculosque
766 1558 997 1628 converterant,
1015 1573 1056 1616 ne

133 1630 244 1704 lieret
270 1639 332 1704 tale
358 1639 542 1705 admissum.
596 1662 707 1707 servus
734 1663 817 1707 unus
844 1642 973 1710 exulum
997 1666 1089 1731 proc

93 1749 185 1818 fur-:2
206 1732 402 1798 intromissus
425 1733 458 1796 in
480 1732 591 1799 urbem
615 1735 777 1802 conventis
799 1736 909 1823 paucis
931 1737 1055 1803 initium

93 1874 97 1906 ÷
121 1826 229 1890 *cond
246 1827 286 1892 de
303 1826 359 1890 tali
375 1849 409 1892 re
427 1826 512 1892 fecit.
552 1828 626 1894 dein
642 1828 811 1915 piscatoria
827 1830 956 1916 quidam
973 1855 1054 1899 nave

175 1922 261 2006 operti
283 1921 546 2006 circumvectique
567 1923 613 1989 ita
634 1924 675 1990 ad
698 1934 802 1991 castra
817 1925 963 1993 Romana
980 1950 1054 1994 con-

94 2027 182 2064 Μ·
200 2036 268 2080 cum
285 2015 473 2103 transfugis,
492 2026 524 2082 et
540 2017 625 2083 idem
644 2020 770 2106 saepius
789 2020 899 2085 eodem
914 2022 1054 2088 modoet

117 2119 124 2140 ²
137 2106 191 2185 lille
205 2111 263 2176 alii.
308 2120 468 2196 postremo
486 2112 527 2177 ad
545 2113 703 2200 octoginta
720 2113 805 2179 facti.
850 2126 882 2180 et
900 2138 973 2181 oum
989 2117 1087 2183 iamt

95 2203 191 2291 Ϊ,Μ
212 2206 316 2271 omnia
334 2205 375 2271 ad
391 2206 601 2293 proditionem
619 2217 738 2286 essent,
757 2208 872 2274 indicio
890 2210 993 2276 delato
1012 2211 1053 2275 ad

91 2287 125 2372 ς’,
162 2321 184 2350 *r
210 2322 266 2386 per
286 2298 430 2365 Attalum
456 2300 628 2385 quendam,
655 2301 872 2387 indignantem
899 2301 960 2368 sibi
986 2325 1053 2368 rem

163 2417 164 2422 ¹
174 2428 175 2441 κ
187 2415 245 2458 non
260 2415 340 2470 esse,
355 2393 457 2459 necati
472 2415 582 2459 omnes
596 2392 725 2459 cruciati
739 2402 821 2458 sunt.
849 2394 911 2459 alia
920 2393 1053 2461 subinde
1070 2416 1086 2464 a

108 2489 143 2568 ’,ἰ
154 2496 299 2573 postquam
317 2487 395 2552 haec
408 2510 491 2552 vana
508 2497 664 2566 evaserat,
688 2486 819 2573 excepit.
871 2486 1052 2575 Damippus

96 2577 130 2608 '¹⁸‘
143 2605 156 2627 u
174 2578 454 2659 Lacedaemonius,
483 2581 600 2648 missus
624 2581 664 2647 ab
684 2579 851 2668 Syracusis
871 2582 912 2647 ad
929 2581 1052 2669 Philip-

85 2642 232 2761 hltgem,
252 2688 362 2764 captus
381 2677 421 2744 ab
439 2678 593 2743 Romanis
610 2676 744 2743 navibus
762 2687 838 2743 erat.
878 2677 972 2744 huius
990 2678 1052 2743 uti·
1070 2699 1085 2748 9

85 2744 270 2838 Wieimendi
291 2782 323 2838 et
339 2771 504 2858 Epicydae
527 2793 602 2837 cura
624 2780 690 2837 erat
710 2770 838 2858 ingens,
866 2794 925 2838 nec
941 2771 1051 2838 abnuit

85 2815 203 2944 iscla,
229 2867 294 2931 iam
321 2877 389 2930 tum
415 2865 617 2944 Aetolorum,
645 2863 760 2950 quibus
788 2866 866 2932 socii
887 2866 1051 2933 Lacedae-

85 2942 232 3043 lueant,
251 2959 670 3027 matemautensem
688 2960 850 3027 Romana.
886 2961 928 3027 as
945 2960 1051 3027 oue
1070 2983 1102 3030 10

85 3040 185 3143 {tude
205 3055 422 3141 redemptione
440 3056 508 3122 eius
527 3055 633 3123 missis
653 3056 775 3122 medius
794 3056 930 3121 maxime
957 3066 1050 3140 atque

85 3140 161 3249 ”sque
183 3161 357 3238 oportunus
380 3149 468 3218 locus
496 3151 537 3217 ad
557 3160 684 3237 portum
701 3150 903 3238 Trogilorum
924 3160 1051 3235 propter

85 3236 144 3321 bn,
168 3267 263 3330 quam
290 3256 405 3311 vocant
432 3242 638 3332 Galeagram,
670 3255 719 3311 est
744 3245 842 3310 visus.
887 3264 951 3327 quo
977 3256 1099 3308 cumn

85 3332 146 3413 ills
174 3348 404 3417 commearent,
441 3360 523 3404 unus
554 3361 594 3404 ex
624 3338 777 3406 Romanis
809 3361 849 3403 ex
875 3336 1049 3423 propinquo

85 3436 144 3498 lun
167 3434 397 3521 contemplans,
424 3433 619 3500 numerando
644 3433 765 3521 lapides
793 3431 1049 3515 aestimandoque

85 3534 230 3610 lsecum,
257 3530 334 3614 quid
354 3528 388 3594 in
410 3526 514 3594 fronte
535 3537 677 3615 paterent
696 3527 826 3614 singuli,
854 3526 1049 3592 altitudinem
1067 3547 1100 3595 12

85 3618 118 3699 ri,
142 3634 295 3709 quantum
321 3623 463 3710 proxime
489 3623 668 3690 coniectura
693 3632 828 3709 poterat,
863 3643 1048 3709 permensus

85 3715 275 3805 uilioremque
297 3718 458 3803 aliquanto
478 3718 612 3805 pristina
634 3717 780 3805 opinione
803 3739 861 3783 sua
883 3726 913 3782 et
932 3725 1050 3781 cetero-

85 3814 244 3881 nomnium
260 3822 347 3880 ratus
366 3834 437 3880 esse
454 3822 486 3880 et
507 3814 558 3881 vel
575 3812 785 3880 mediocribus
809 3812 901 3878 scalis
921 3833 1048 3898 supera-

85 3928 125 3986 m,
151 3909 194 3975 ad
210 3907 398 3975 Marcellum
419 3930 486 3975 rem
508 3908 619 3974 defert
663 3907 748 3973 haud
771 3906 948 3993 spernenda
968 3905 1047 3971 visa.
1066 3921 1099 3972 18

94 4023 163 4068 cum
179 4002 260 4071 adiri
276 4004 379 4082 locus,
402 4003 476 4089 quia
493 4001 534 4069 ob
552 4002 586 4067 id
601 4002 706 4089 ipsum
723 4002 872 4068 intentius
891 3998 1042 4068 custodie·

85 4103 209 4149 ‚eructu
841 4101 875 4156 16
