2528 4530
309 261 427 318 urana
445 262 590 333 xxvm,
609 262 650 317 14.
672 267 710 332 [a.
721 263 824 334 caca]
1024 255 1089 321 399

64 425 186 488 iactum.
235 420 323 508 prior
348 443 474 508 semper
493 421 624 487 Poenus
651 421 760 509 copias
785 425 898 490 castris
925 426 1090 506 educebat,

64 518 142 606 prior
168 516 265 582 fessis
293 516 407 582 stando
434 515 562 603 signum
587 517 729 602 receptui
755 517 870 584 dabat:
905 520 947 585 ab
977 532 1091 587 neutra

65 623 146 699 parte
164 632 353 699 procursum
370 610 508 676 telumve
525 611 660 676 missurn
678 623 733 678 aut
749 635 813 679 vox
830 614 897 679 ulla
914 627 992 682 orta
1023 640 1090 683 me·
1107 640 1124 687 4

65 707 143 771 diam
170 705 272 771 aciem
296 705 372 771 hinc
392 705 544 782 Romani,
580 706 667 771 illinc
691 705 972 795 Carthaginienses
998 712 1091 777 mixti

65 801 163 877 Afris,
191 821 310 866 cornua
336 799 414 864 socii
440 800 603 877 tenebant,
630 811 721 866 erant
742 813 849 867 autem
869 803 1011 889 utrisque
1028 807 1092 870 Hi-

65 894 149 981 spani
172 916 231 981 pro
253 893 413 958 cornibus.
458 904 531 959 ante
552 894 708 960 Punicam
730 896 831 961 aciem
857 899 1016 985 elephanti
1038 923 1091 967 ca·

65 990 222 1055 stallorum
238 990 349 1076 procul
372 989 511 1075 speciem
532 991 738 1075 praebebant.
780 990 845 1056 iam
866 993 977 1058 hocin
995 996 1125 1063 utris-5

65 1106 119 1170 que
154 1083 267 1148 castris
304 1083 458 1148 sermonis
495 1095 575 1162 erat,
610 1084 656 1149 ita
684 1098 721 1149 ut
749 1085 895 1151 instructi
926 1089 1090 1155 stetissent

65 1188 269 1266 pugnaturos,
296 1177 418 1242 medias
445 1178 529 1243 acies
555 1179 737 1243 Romanum
757 1180 981 1266 Poenumque,
1008 1205 1089 1266 quos
1160 1246 1170 1256 ,

65 1274 137 1338 inter
155 1272 231 1337 belli
250 1293 347 1338 causa
369 1283 468 1350 esset,
496 1273 565 1359 pari
585 1273 699 1339 robore
721 1274 898 1341 animorum
914 1300 1090 1342 armorum-
1140 1318 1143 1325 ·

65 1389 118 1452 que
136 1388 357 1433 concursuros.
386 1364 494 1452 Scipio
511 1367 568 1431 ubi
585 1367 665 1432 haec
678 1369 835 1435 obstinate
849 1371 969 1436 credita
982 1372 1123 1441 animo-e

65 1460 207 1539 advertit,
234 1460 341 1526 omnia
363 1461 403 1526 de
427 1460 583 1526 industria
603 1461 638 1524 in
659 1484 732 1527 eum
753 1463 851 1541 diem,
879 1486 942 1549 quo
963 1488 1088 1552 pugna-

65 1569 145 1622 turus
165 1567 246 1634 erat,
264 1556 407 1634 mutavit,
426 1565 581 1621 tesseram
597 1558 724 1643 vesperi
740 1581 798 1643 per
815 1570 921 1625 castra
937 1561 1035 1639 dedit,
1052 1572 1088 1626 ut
1106 1583 1121 1628 r

65 1663 130 1717 ante
156 1652 261 1717 lucem
286 1649 346 1715 viri
368 1650 503 1736 equique
525 1651 639 1729 curati,
665 1652 774 1738 pransi
797 1664 918 1732 essent,
947 1665 1086 1721 armatus

65 1766 155 1830 eques
173 1746 314 1811 frenatos
331 1744 545 1829 instratosque
562 1756 685 1811 teneret
702 1769 811 1831 equos.
856 1748 987 1814 vixdum
1009 1750 1087 1815 satis
1105 1771 1122 1819 8

66 1852 144 1906 terta
165 1841 237 1905 luce
260 1840 434 1924 equitatum
455 1863 583 1905 ornnem
604 1863 677 1906 cum
702 1841 767 1907 levi
788 1855 948 1910 armatura
968 1845 1002 1910 in
1023 1856 1088 1911 sta·

66 1934 159 2000 iones
175 1933 316 1999 Punicas
342 1933 487 2013 immisit3
513 1935 588 2000 inde
615 1935 783 2003 confestim
807 1937 877 2025 ipse
900 1960 972 2004 cum
998 1941 1089 2026 gravi

66 2028 184 2117 agmine
200 2027 362 2114 legionum
378 2029 535 2115 procedit,
556 2042 683 2116 praeter
700 2032 881 2117 opinionem
898 2034 1088 2099 destinatam
1106 2055 1122 2102 a

66 2146 186 2190 tuorum
221 2123 422 2206 hostiumque
447 2123 594 2189 Romano
630 2124 730 2191 milite
766 2127 913 2193 cornibus
944 2129 1086 2206 firmatis,

66 2218 152 2284 rociis
169 2218 204 2283 in
220 2218 359 2283 mediam
376 2217 478 2283 aciem
496 2219 645 2305 acceptis.

118 2313 306 2378 Hasdrubal
332 2313 469 2378 clamore
496 2314 637 2397 equitum
669 2313 824 2379 excitatus
854 2324 891 2379 ut
917 2337 958 2380 ex
983 2318 1087 2383 taber·
1107 2337 1140 2384 rc

66 2407 170 2474 raculo
195 2406 341 2493 prosiluit
372 2407 603 2492 tumultumque
635 2419 708 2472 ante
739 2408 858 2472 vallum
889 2418 921 2473 et
950 2409 1088 2495 trepida-

66 2500 175 2568 ionem
193 2523 322 2567 suorum
340 2512 372 2566 et
387 2500 499 2588 procul
513 2502 605 2588 signa
617 2501 780 2588 legionum
792 2501 948 2586 fulgentia
960 2503 1087 2588 plenos·

66 2618 117 2681 que
144 2595 284 2661 hostium
310 2617 441 2681 campos
464 2596 556 2674 vidit,
584 2596 758 2680 equitatum
779 2619 905 2662 omnem
928 2599 1086 2685 extemplo

66 2714 87 2756 n
104 2692 229 2776 equites
247 2691 374 2769 emittit3
392 2691 462 2778 ipse
480 2713 552 2755 curn
568 2691 712 2776 peditum
729 2691 855 2779 agmine
869 2693 981 2759 castris
995 2715 1085 2780 egre-
1105 2715 1136 2764 11

66 2785 140 2851 litnr
173 2807 234 2851 nec
268 2808 309 2851 ex
340 2785 449 2850 ordine
481 2785 573 2851 solito
604 2786 773 2870 quicquam
805 2787 871 2853 acie
902 2789 1088 2857 instruenda

66 2891 167 2946 nutat.
208 2880 350 2965 equitum
366 2880 430 2945 iam
449 2880 503 2944 diu
520 2902 636 2968 anceps
654 2905 764 2968 pugna
782 2893 849 2948 erat
865 2905 926 2949 nec
942 2883 1014 2971 ipsa
1029 2907 1088 2971 per
1107 2903 1138 2951 12

66 2996 91 3042 te
107 2975 237 3042 decerni
254 2985 392 3061 poterat,
415 2975 490 3059 quia
505 2975 621 3061 pulsis,
643 2978 729 3060 quod
745 3001 845 3064 prope
862 2978 896 3042 in
913 2979 1015 3044 vicem
1032 2980 1088 3046 fie-

67 3081 124 3149 ret,
149 3069 185 3134 in
204 3069 304 3134 aciem
320 3069 463 3156 peditum
486 3080 572 3135 tutus
593 3083 741 3158 receptus
764 3084 845 3136 erat:
873 3072 930 3137 sed
952 3072 1007 3136 ubi
1023 3073 1088 3138 iam
1107 3095 1138 3141 13

67 3165 142 3232 raud
166 3164 240 3254 plus
267 3165 456 3252 quingentos
482 3189 597 3252 passus
625 3168 709 3233 acies
738 3167 820 3233 inter
847 3191 919 3233 sese
946 3169 1086 3246 aberant,

67 3261 148 3348 igno
175 3261 317 3346 receptui
338 3260 412 3326 dato
432 3258 540 3348 Scipio
561 3262 792 3348 patefactisque
813 3262 975 3327 ordinibus
999 3263 1087 3346 equi-

68 3365 156 3420 atum
174 3374 301 3420 ornnem
318 3354 485 3439 levemque
503 3368 707 3433 armaturam,
724 3355 758 3419 iu
770 3355 910 3420 medium
924 3366 1087 3443 acceptam

67 3450 254 3533 livisamque
271 3449 305 3513 in
322 3460 429 3537 partes
448 3450 541 3528 duas,
559 3450 592 3513 in
611 3448 761 3514 subsidiis
774 3459 848 3536 post
861 3472 979 3515 cornua
991 3450 1085 3517 locat.

67 3544 141 3623 nde,
160 3544 217 3609 ubi
232 3544 431 3630 incipiendae
448 3545 512 3609 iarn
529 3567 655 3631 pugnae
673 3556 798 3630 tempus
816 3554 897 3622 erat,
920 3544 1085 3631 Hispanos
1105 3566 1137 3612 14

67 3662 128 3707 -ea
142 3638 251 3704 media
268 3639 353 3704 acies
371 3639 432 3704 fuit
444 3662 594 3726 -presso
612 3640 714 3726 gradu
730 3639 877 3704 incedere
894 3638 997 3717 iubet3
1015 3639 1084 3725 ipse
1105 3660 1138 3706 15

87 3735 205 3801 dextro
221 3754 320 3799 cornu
336 3734 423 3800 -ibi
444 3756 581 3818 namque
603 3744 749 3821 praeerat
764 3771 792 3782 -
808 3733 952 3798 nuntium
974 3733 1014 3798 ad
1034 3731 1086 3798 Si-

67 3850 162 3894 anum
184 3837 218 3892 et
233 3828 392 3894 Marcium
413 3828 522 3908 mittit,
550 3839 587 3893 ut
607 3851 705 3895 cornu
727 3828 933 3894 extenderent
954 3827 989 3890 in
1010 3826 1086 3892 sini-

67 3934 152 3989 tram
170 3932 308 4010 partem,
326 3945 423 4007 quem
440 3925 482 3988 ad
495 3925 625 3990 modum
638 3946 673 3989 se
688 3924 870 3989 tendentem
883 3922 925 3987 ad
942 3922 1086 3987 dextram

68 4018 223 4097 idissent,
258 4028 389 4085 etcum
415 4018 570 4106 expeditis
597 4019 740 4107 peditum
767 4019 972 4107 equitumque
996 4018 1084 4106 prius
1104 4037 1136 4086 16
