2528 4514
143 242 207 309 392
371 249 490 305 LIBER
507 247 651 318 XXVIII,
669 247 694 302 8.
710 248 737 303 9.
759 250 797 315 [a.
808 262 837 301 u.
847 262 872 303 c.
883 245 950 315 54⁷]

30 488 37 497 ι
143 423 177 479 et
201 409 314 477 lembis
341 405 454 496 viginti
481 405 632 493 amplius,
664 426 744 488 quos
771 415 808 469 ut
835 403 1026 490 adiungeret
1043 402 1155 472 Cartha-

143 504 336 594 giniensium
361 502 471 580 classi,
506 502 638 566 miserat
662 500 697 565 in
723 497 930 566 Corinthium
956 500 1075 578 sinum,
1100 524 1157 587 pro-

143 603 247 667 fectus
274 599 316 663 ad
339 597 496 663 Eruthras
521 595 733 672 Aetolorum,
771 616 853 679 quae
878 616 982 681 prope
1008 595 1156 681 Eupalium

110 719 124 767 9
145 705 232 773 sunt,
251 692 469 759 escensionem
486 692 571 757 fecit.
616 690 702 755 haud
719 689 835 755 fefellit
850 690 1007 756 Aetolos:
1033 714 1102 755 nam
1114 689 1157 755 ho·
1178 684 1181 727 ²

143 789 265 854 minum
282 789 368 873 quod
386 797 441 852 aut
462 787 496 850 in
519 785 604 872 agris
623 795 678 850 aut
698 784 733 849 iu
749 784 939 872 propinquis
957 784 1095 850 castellis
1108 784 1157 850 Po·
1177 752 1181 877 l

144 884 282 950 tidaniae
304 894 399 966 atque
421 880 613 967 Apolloniae
635 880 711 958 fuit,
741 879 776 944 iu
798 879 897 947 silvas
920 891 1105 965 montesque
1120 902 1156 945 re·

93 999 127 1049 10
144 978 241 1065 fugit3
267 998 398 1065 pecora,
425 999 507 1061 quae
525 976 607 1040 inter
624 975 861 1041 festinationem
878 974 968 1062 abigi
985 975 1155 1060 nequierant,

144 1084 219 1138 sunt
244 1072 368 1157 direpta
393 1081 425 1136 et
450 1070 484 1136 in
509 1092 608 1134 naves
636 1070 800 1156 conpulsa.
843 1090 920 1135 cum
944 1069 986 1134 iis
1015 1081 1155 1152 ceteraque

142 1167 263 1254 praeda
283 1165 375 1231 theia
399 1175 545 1251 praetore
566 1163 772 1230 Achaeorum
795 1163 939 1250 Aegium
965 1164 1080 1242 missa
1101 1182 1154 1229 cru

145 1259 334 1327 Corinthum
355 1260 503 1347 petisset,
529 1258 686 1345 pedestris
708 1258 782 1325 inde
805 1258 915 1344 copias
937 1282 999 1346 per
1015 1258 1154 1325 Boeodm

94 1378 123 1424 11
144 1367 228 1421 terra
246 1356 319 1420 duci
341 1354 443 1420 iussit.
487 1354 556 1439 ipse
579 1354 620 1418 ab
639 1351 813 1419 Cenchreis
835 1364 964 1438 praeter
987 1365 1096 1419 terram
1108 1352 1154 1416 At·

143 1450 238 1515 ticam
257 1472 353 1536 super
364 1448 499 1514 Sunium
516 1449 672 1535 navigans
691 1448 773 1514 iuter
785 1447 909 1514 medias
925 1472 1030 1535 prope
1042 1447 1150 1515 hostiur

93 1564 125 1614 12
144 1544 264 1610 classes
283 1543 470 1610 Chalcidem
487 1544 645 1631 pervenit3
672 1543 747 1609 inde
768 1544 962 1609 conlaudata
982 1545 1046 1610 tide
1062 1564 1094 1609 ao
1106 1541 1150 1607 v'r·

143 1650 225 1717 tute,
252 1640 338 1723 quod
354 1661 458 1723 neque
476 1639 570 1704 timor
587 1660 647 1704 nec
664 1661 738 1725 spes
755 1638 901 1704 flexisset
917 1661 1031 1707 sonum
1047 1638 1146 1711 anim
1175 1684 1181 1723 ·.

144 1733 351 1816 hortatusque
369 1731 560 1820 oppugna[ti
577 1743 613 1798 ut
631 1733 743 1798 eadem
760 1733 941 1799 constantia
958 1738 1143 1821 permanere!
1176 1736 1181 1815 j

143 1826 177 1891 in
196 1827 360 1905 societate,
388 1827 417 1892 si
435 1851 526 1892 suam
543 1849 639 1911 quam
659 1827 866 1894 Oritanorum
889 1838 987 1912 atque
1006 1823 1142 1915 Opunltir
1166 1870 1181 1911 ς

93 1942 125 1989 13
143 1943 215 1985 rum
232 1920 392 1986 fortunam
408 1923 552 2000 mallent,
572 1923 612 1987 ab
632 1919 785 1987 Chalcide
804 1919 929 1988 Oreum
945 1922 1074 2009 navigat
1084 1938 1140 2006 pm
1164 1968 1181 2003 ,-

144 2015 313 2103 cipumque
334 2016 389 2094 iis,
416 2018 471 2101 qui
493 2018 605 2104 fugere
631 2027 725 2103 capta
745 2017 824 2082 urbe
846 2039 946 2101 quam
968 2040 1005 2083 se
1025 2010 1139 2083 Rarum
1170 2094 1181 2102 -

143 2110 268 2175 tradere
285 2111 474 2189 maluerant,
506 2135 630 2176 summa
651 2134 757 2176 rerum
778 2121 811 2176 et
833 2112 983 2178 custodia
1004 2110 1083 2178 urbis
1095 2126 1139 2195 pa·

144 2203 258 2283 missa,
284 2205 353 2291 ipse
374 2205 615 2271 Demetriadem
638 2206 678 2269 ab
695 2206 843 2283 Euboea,
870 2207 959 2271 unde
981 2196 1138 2293 primumd
1169 2250 1180 2291 ,

94 2319 126 2366 14
144 2322 239 2384 opem
260 2298 424 2364 ferendam
447 2300 541 2364 sociis
563 2299 725 2386 profectus
748 2310 830 2377 erat,
858 2299 995 2366 traiecit.
1039 2297 1139 2365 casu
1170 2304 1172 2310 '

144 2393 238 2458 dreae
266 2393 379 2458 deinde
407 2403 533 2458 centum
564 2394 694 2458 navium
722 2394 892 2478 longarum
924 2393 1041 2460 carinis
1063 2384 1139 2478 posi!
1166 2418 1181 2479 .:'

144 2497 366 2571 contractaque
394 2489 435 2552 ad
457 2489 606 2552 effectum
628 2488 695 2553 eius
718 2487 823 2573 operis
846 2487 1050 2553 multitudine
1069 2485 1140 2551 labro
1167 2529 1181 2575 ,ζ

142 2604 213 2646 rum
239 2582 414 2660 navalium,
442 2582 516 2665 quia
540 2605 591 2647 res
618 2583 652 2647 in
671 2581 807 2649 Graecia
832 2583 1024 2666 tranquillas
1048 2591 1077 2647 et
1096 2596 1140 2665 pra·

142 2676 238 2740 factio
265 2676 368 2741 Attali
393 2675 513 2741 fecerat
539 2688 571 2741 et
600 2675 634 2740 in
663 2687 805 2762 tempore
835 2676 1057 2743 laborantibus
1076 2668 1140 2740 scalt

142 2769 243 2833 latum
269 2773 309 2835 ab
337 2794 371 2836 se
397 2771 562 2848 auxilium,
597 2781 681 2837 retro
707 2771 741 2835 in
766 2792 904 2856 regnum
931 2769 1101 2847 concessit,
1122 2770 1141 2827 1
1167 2802 1181 2860 χ,

142 2862 305 2928 Dardanis
324 2865 441 2929 bellum
459 2865 599 2930 inferret.
1168 2916 1181 2955 ᾗ

109 2976 122 3023 1
206 2957 320 3024 VIIII.
363 2960 517 3027 Extremo
540 2959 669 3024 aestatis
692 2959 774 3037 eius,
801 2982 865 3043 qua
886 2959 971 3026 haec
993 2960 1027 3026 iu
1044 2951 1143 3026 Gratti
1178 3028 1179 3033 ,

142 3062 235 3136 gesta
252 3063 340 3130 sunt,
368 3075 440 3117 cum
459 3052 501 3134 Q.
519 3052 638 3118 Fabius
656 3052 794 3118 Maximi
814 3053 900 3118 filius
922 3054 1051 3142 legatus
1066 3044 1142 3119 ahll
1172 3078 1174 3083 ¹

141 3145 237 3212 Livio
256 3147 386 3213 consule
402 3148 540 3213 Romam
562 3149 604 3213 ad
625 3159 771 3213 senatum
791 3149 990 3229 nuntiasset,
1017 3145 1142 3216 consulfl
1171 3176 1181 3238 g

143 3241 219 3305 satis
237 3241 388 3327 praesidii
398 3240 521 3308 Galliae
539 3243 720 3328 provinciae
738 3243 867 3308 credere
880 3243 924 3309 L.
935 3245 1084 3311 Porcium
1096 3254 1142 3305 cn

142 3335 208 3399 suis
226 3334 405 3421 legionibus
423 3359 509 3413 esse,
537 3338 690 3403 decedere
713 3359 748 3402 se
765 3336 839 3402 iude
858 3358 897 3402 ac
919 3339 1039 3405 deduci
1058 3328 1142 3403 exord
1169 3388 1181 3427 ,ᾗ

107 3439 208 3494 atum
235 3430 433 3495 consularem
459 3453 569 3516 posse,
595 3442 703 3518 patres
730 3455 795 3497 non
819 3430 869 3496 M.
892 3431 1030 3498 Livium
1055 3438 1141 3497 tantu

139 3522 242 3588 redire
261 3524 302 3587 ad
318 3525 444 3601 urbem,
464 3525 522 3589 scd
539 3526 705 3612 conlegam
723 3547 848 3610 quoque
867 3525 940 3591 eius
956 3525 997 3593 Ο.
1008 3523 1141 3621 cnudo
1175 3604 1178 3609 Ι

107 3617 309 3686 aiusserunt.
352 3616 386 3682 id
412 3618 506 3684 modo
528 3619 563 3683 in
585 3620 712 3685 decreto
735 3619 893 3698 interluit,
925 3622 1015 3704 quod
1034 3620 1080 3685 M.
1093 3613 1140 3682 luit¹
1172 3638 1174 3643 ·

140 3713 313 3777 exercitum
333 3714 457 3792 reduci,
482 3715 619 3781 Neronis
645 3716 789 3802 legiones
811 3717 992 3783 Hannibali
1013 3712 1140 3807 oppoffl
1178 3796 1181 3800 ¹

104 3828 267 3874 emanere
293 3809 327 3873 in
351 3810 515 3897 provincia
540 3810 711 3878 iusserunt.
763 3813 845 3879 inter
871 3814 1023 3880 consules
1047 3812 1140 3893 iupa

139 3900 258 3967 litteras
277 3904 434 3982 convenit,
451 3915 488 3969 ut
505 3926 600 3989 quem
617 3907 659 3971 ad
676 3908 806 3972 modum
824 3930 889 3974 uno
907 3909 1016 3975 animo
1031 3927 1091 3973 rem
1103 3918 1140 3987 pl·
1172 3938 1181 3995 1

139 3993 255 4059 blicam
272 3999 462 4082 gessissent,
484 3999 543 4078 ita,
566 4023 759 4085 quamquam
777 4024 817 4067 ex
834 4002 974 4071 diversis
990 3995 1138 4088 regionll'
1173 4030 1178 4069 r
