2528 4514
142 238 207 304 430
390 245 508 301 LIBER
526 242 670 313 XXVIII,
687 242 731 297 41.
751 246 789 311 [a
799 259 828 298 u.
839 258 862 298 c.
872 242 939 313 549]

111 431 126 477 5
144 446 171 455 -
188 407 283 473 modo
306 405 469 489 contingat
490 411 525 466 ut
548 410 579 465 te
596 399 726 465 consule
744 400 910 466 vincamus
928 437 955 448 -
972 401 1099 469 summat.

144 500 304 587 Drepanis
330 510 385 563 aut
405 496 511 582 Eryce
533 493 708 560 detraxisse
729 493 950 560 Hamilcarem
972 519 1062 581 quam
1079 498 1122 564 Ital

111 620 126 666 a
145 594 304 681 expulisse
316 591 444 658 Poenos
462 600 556 674 atque
569 587 784 654 Hannibalem
802 589 916 655 malis?
940 612 983 657 ne
997 602 1031 657 tu
1042 592 1122 677 quide

145 690 205 755 etsi
226 688 329 774 magis
350 695 493 772 paratam
516 706 611 769 quam
634 693 793 770 speratam
815 683 953 770 gloriam
975 687 1122 772 amplectari

144 783 302 868 Hispania
320 781 423 866 potius
442 801 537 863 quam
554 777 648 843 Italia
664 777 748 843 bello
760 777 895 845 liberata
907 779 1057 865 gloriatus
1068 781 1122 847 iuer]

113 900 126 944 1
145 877 286 943 noudum
302 875 331 940 is
350 883 399 940 est
411 871 587 951 Hannibal,
606 894 702 957 quem
713 895 778 939 nou
791 873 896 959 magis
915 874 1056 940 timuisse
1070 873 1122 941 vide

112 983 197 1040 atur
214 993 309 1056 quam
331 967 557 1052 contempsisse
579 967 634 1051 qui
656 966 741 1032 aliud
764 965 883 1032 bellum
907 967 1058 1035 maluerit
1093 991 1122 1053 qu

144 1066 240 1152 igitur
257 1063 376 1130 adhoc
393 1061 567 1148 accingeris
586 1082 645 1126 nec
661 1082 719 1147 per
730 1061 810 1127 istos
823 1061 1023 1142 circumitus,
1040 1073 1081 1141 nt,
1095 1084 1122 1129 er

145 1163 178 1225 in
190 1159 335 1225 Africam
349 1156 521 1232 traieceris,
541 1166 721 1221 secuturum
739 1164 770 1221 te
787 1156 864 1222 illuc
877 1156 1083 1224 Hannibalem
1096 1178 1122 1245 sp

144 1277 209 1331 res,
228 1253 333 1338 potius
352 1273 447 1335 quam
464 1259 551 1315 recto
567 1249 641 1315 hinc
658 1250 781 1329 itinere,
806 1250 863 1317 ubi
879 1250 1043 1319 Hannibal
1057 1261 1122 1330 est,1

145 1347 262 1414 bellum
288 1345 446 1410 intendis?
485 1344 645 1431 egregiam
674 1345 769 1411 istam
799 1345 942 1431 palmam
968 1346 1039 1413 belli
1059 1344 1122 1411 Puni

112 1466 126 1512 a
145 1440 260 1528 patrati
272 1439 457 1526 petis-hoc
471 1448 503 1504 et
516 1449 627 1505 natura
639 1439 726 1525 prius
745 1449 808 1517 est,
827 1449 883 1506 tna
901 1463 976 1506 cum
992 1438 1122 1506 defended

146 1536 248 1601 aliena
264 1536 310 1600 ire
327 1544 544 1621 oppugnatum
549 1559 559 1613 ;
577 1557 641 1620 pax
655 1543 726 1601 ante
739 1535 773 1599 in
785 1534 881 1601 Italia
897 1557 995 1620 quam
1011 1530 1122 1603 belluni

146 1630 258 1696 Africa
281 1630 335 1709 sit3
362 1639 394 1694 et
414 1628 505 1695 nobis
527 1629 615 1716 prins
637 1630 769 1695 decedat
786 1630 880 1695 timor
896 1652 993 1715 quam
1009 1624 1122 1696 ultmffi

96 1747 128 1795 10
146 1725 306 1791 inferatur.
344 1725 371 1790 si
388 1734 554 1808 utrumque
573 1734 627 1790 tuo
645 1724 742 1790 ductu
761 1725 966 1811 auspicioque
983 1725 1044 1791 lieri
1056 1728 1122 1810 potet

145 1819 326 1887 Hannibale
343 1820 396 1886 hic
412 1820 496 1886 victo
513 1821 577 1885 illia
595 1819 820 1908 Carthaginem
844 1843 1006 1908 expugna3
1030 1821 1053 1887 si
1068 1816 1122 1884 altu

145 1926 216 1981 ntra
238 1915 368 1981 victoria
388 1916 479 1982 novis
498 1916 679 1982 consulibus
696 1916 903 2001 relinquenda
920 1926 982 1995 est,
1002 1915 1122 2004 priorem

146 2010 246 2075 maior
276 2008 463 2094 clariorque,
499 2021 567 2076 tum
597 2034 694 2077 causa
723 2012 819 2077 etiam
848 2012 1036 2097 insequentis
1060 2003 1122 2075 aaa

98 2127 127 2172 11
147 2129 221 2171 nam
242 2128 326 2171 nuno
348 2106 490 2191 quidem,
518 2117 736 2192 praeterquam
759 2107 844 2191 quod
866 2117 898 2173 et
919 2109 953 2173 in
974 2106 1055 2172 Italis
1070 2098 1120 2166 rt'l

146 2200 257 2266 Africa
279 2202 358 2267 duos
377 2202 518 2267 diversos
537 2203 691 2267 exercitus
710 2202 793 2267 alere
811 2203 966 2268 aerarium
983 2225 1041 2267 nou
1053 2196 1122 2286 potet

96 2315 126 2360 12
145 2297 480 2381 praeterquamquod,
504 2298 588 2362 unde
606 2298 724 2362 classes
743 2307 896 2377 tueamur,
919 2299 1003 2363 unde
1018 2300 1122 2362 romutl

146 2389 228 2455 tibus
241 2382 446 2456 'sufficiamus
464 2391 666 2476 praebendis,
688 2391 766 2456 nihil
782 2393 895 2477 reliqui
914 2403 975 2470 est,
1002 2389 1072 2476 quid
1097 2393 1122 2485 q

145 2484 207 2549 culi
228 2487 355 2550 taudem
378 2495 529 2569 quantum
553 2486 690 2564 adeatur,
719 2508 814 2570 quem
837 2487 937 2551 fallit?
974 2487 1011 2552 P.
1028 2484 1122 2550 Lici

96 2598 126 2645 13
144 2579 177 2642 in
198 2578 304 2657 Italia,
331 2579 370 2644 P.
396 2577 503 2665 Scipio
526 2579 644 2645 bellum
665 2581 699 2644 in
720 2580 833 2646 Africa
855 2592 958 2668 geret:
985 2574 1115 2665 quid?

145 2674 229 2756 quod
243 2695 352 2739 omnes
372 2674 535 2740 dei‘omen
552 2684 694 2740 avertant
712 2685 743 2738 et
760 2675 864 2740 dicere
883 2675 979 2741 etiam
995 2675 1122 2740 reso,

145 2766 283 2844 animus,
303 2769 359 2832 sed
377 2790 458 2852 quae
476 2769 657 2834 acciderunt
675 2769 816 2834 accidere
833 2781 970 2855 possunt
987 2779 1056 2834 -et

144 2858 306 2925 Hannibal
328 2863 373 2927 ire
396 2864 437 2927 ad
454 2863 563 2929 urbem
583 2875 707 2951 perget,
731 2874 798 2928 tum
820 2865 950 2930 demum
968 2875 998 2930 te
1015 2872 1122 2930 con<

95 2974 126 3019 11
145 2975 184 3018 ex
197 2952 322 3033 Africa,
343 2957 424 3023 sicut
442 2957 482 3040 Q.
496 2958 646 3024 Fulvium
663 2983 683 3024 a
697 2957 822 3044 Capua,
842 2959 1054 3025 arcessemus?

144 3050 229 3131 quod
246 3050 278 3113 in
296 3049 408 3118 Africa
425 3074 551 3137 quoque
568 3052 658 3118 Mars
677 3055 853 3118 communis
872 3053 948 3119 belli
965 3056 1039 3121 erit?
1059 3080 1091 3112 ν

144 3142 200 3208 tibi
217 3153 279 3223 tua,
297 3155 387 3231 pater
399 3156 591 3233 patruusque
600 3148 682 3212 intra
692 3148 819 3234 triginta
827 3148 895 3213 dies
905 3172 979 3214 cum
989 3157 1122 3215 exerv‘

94 3257 125 3303 15
145 3238 228 3303 caesi
242 3240 429 3306 documento
444 3241 515 3319 sint,
534 3242 589 3307 ubi
601 3265 658 3327 per
671 3241 790 3326 aliquot
807 3266 907 3309 annos
917 3245 1122 3309 maxumi&

143 3343 225 3399 terra
246 3336 387 3421 marique
404 3338 550 3423 gerendis
569 3338 799 3422 amplissimum
816 3360 935 3404 nomen
951 3341 1035 3426 apud
1050 3344 1122 3404 e&

94 3447 125 3494 16
144 3439 254 3513 gentes
264 3432 372 3516 populi
382 3432 518 3497 Romani
528 3443 712 3517 vestraeque
721 3433 858 3499 familiae
870 3435 1021 3500 fecerant.
1046 3418 1122 3498 1,

143 3523 280 3601 deficiat,
301 3526 328 3591 si
341 3548 432 3613 reges
445 3527 712 3613 imperatoresque
726 3539 843 3593 temere
856 3530 889 3592 in
905 3529 1042 3595 hostium
1057 3535 1122 3590 ‘⁴

143 3627 358 3704 transgressos
369 3643 440 3686 cum
450 3623 595 3688 maximis
606 3621 748 3689 cladibus
758 3624 824 3689 suis
835 3625 1122 3713 exercituumqffl,

94 3731 123 3776 17
143 3736 212 3777 rum
227 3735 409 3780 enumerare
422 3717 526 3782 velim.
555 3716 777 3797 Athenienses,
796 3720 1039 3804 prudentissima
1049 3724 1121 3781 ὕ]

143 3807 224 3872 bello
243 3809 328 3874 domi
345 3811 466 3889 relicto,
486 3822 612 3878 auctore
630 3835 729 3897 aeque
748 3814 872 3901 inpigro
890 3837 929 3879 ac
946 3814 1041 3880 nobili
1064 3802 1122 3871 im

143 3923 257 3986 magna
276 3903 376 3968 classe
394 3905 427 3968 in
447 3902 587 3970 Siciliam
606 3908 765 3986 tramissa,
789 3931 853 3974 una
869 3931 978 3996 pugna
995 3892 1122 3972 navalll

141 4005 261 4061 rentem
278 4020 344 4063 rem
362 3999 520 4084 publicam
540 4025 629 4066 suam
647 4001 680 4066 in
698 4013 886 4089 perpetuum
904 4003 1081 4068 adflixemrt
