2528 4514
332 251 449 307 amna
466 251 593 322 xxva,
612 252 654 307 aa
675 256 712 320 [a.
723 251 752 306 c.
763 253 895 322 eoscos]
1064 230 1126 306 351

95 412 139 475 rui
154 408 336 475 Marcellus·
350 408 529 495 praefuerat
541 447 580 488 —,
599 409 644 473 ita
660 417 696 473 ut
713 431 752 474 ex
770 408 869 474 tribus
888 409 1037 497 eligerent
1054 413 1126 491 duo,

95 528 172 591 pros
192 504 324 583 vellent,
344 505 451 569 tertius
470 505 499 569 ei
516 503 696 581 traderetur,
716 504 767 568 cui
780 503 952 569 Tarentum
965 502 1129 572 etSallen·

95 599 146 664 ini
175 598 342 685 provincia
367 598 531 663 evenisset.
576 608 698 663 ceterae
724 596 903 682 provinciae
924 599 969 664 ita
994 599 1162 671 divisaeta

95 692 292 760 tractoribus
318 693 356 757 P.
379 692 505 758 Licinio
522 690 609 758 Varo
635 691 768 770 urbana,
800 691 839 756 P.
862 691 987 759 Licinio
1010 693 1127 762 Crasso

95 787 238 854 ›ontifici
254 788 392 853 maximo
408 787 573 875 peregrina
585 796 617 851 et
629 808 692 871 quo
706 795 833 853 senatus
847 787 1031 868 censuisset,
1052 786 1127 856 Sex.

95 880 175 948 [ulio
196 882 329 948 Caesari
348 881 469 960 Sicilia,
490 880 530 964 Q.
542 879 676 946 Claudio
689 880 825 945 Flamini
838 880 1020 949 Tarentum.
1056 905 1162 969 pro-4

95 987 243 1065 ogatum
269 977 435 1062 imperium
460 977 494 1042 in
519 999 636 1041 annum
662 985 710 1040 est
732 974 773 1058 Q.
795 975 909 1042 Fulvio
931 977 1060 1056 Flacco,
1093 989 1129 1043 ut

95 1071 290 1156 provinciam
317 1069 476 1156 Capuam,
512 1092 593 1155 quae
620 1069 659 1135 Τ.
683 1069 812 1153 Quincti
836 1072 988 1156 praetoris
1014 1072 1126 1149 fuerat,

95 1186 169 1230 eum
196 1188 262 1229 una
287 1166 411 1252 legione
438 1165 600 1231 obtineret.
643 1175 846 1252 prorogatum
873 1175 904 1230 et
931 1165 969 1232 C.
989 1165 1163 1235 Hostili05

95 1258 224 1326 Tubulo
244 1271 306 1337 est,
326 1268 360 1324 ut
377 1283 434 1345 pro
452 1269 594 1345 praetore
611 1259 644 1324 in
652 1259 812 1325 Etruriam
830 1262 871 1326 ad
889 1262 968 1326 duas
985 1262 1126 1348 legiones

95 1355 280 1419 succederet
299 1353 337 1419 C.
356 1354 536 1440 Calpurnio.
580 1364 780 1442 prorogatum
799 1365 830 1420 et
846 1357 887 1420 L.
902 1355 1033 1421 Veturio
1049 1355 1127 1421 Phi-

96 1449 161 1514 ‹ni
179 1457 241 1527 est,
260 1457 296 1513 ut
312 1471 369 1534 pro
386 1457 527 1534 praetore
541 1446 679 1514 Galliam
697 1451 827 1514 eandem
845 1451 1036 1536 provinciam
1054 1473 1127 1516 cum

95 1542 198 1607 'sidem
225 1541 349 1607 duabus
376 1542 552 1629 legionibus
579 1541 745 1621 obtineret,
781 1543 895 1628 quibus
921 1554 1046 1630 praetor
1071 1545 1127 1611 ob·

95 1635 252 1702 innisset.
306 1639 391 1722 quod
412 1638 445 1702 in
462 1638 503 1703 L.
522 1635 667 1716 Veturio,
702 1639 786 1703 idem
803 1639 836 1703 in
855 1637 893 1703 C.
912 1639 1125 1704 Aurunculeio
1145 1657 1162 1705 6

95 1727 259 1796 Nemetum
282 1730 322 1796 ab
345 1740 455 1796 senatu
476 1731 635 1817 latumque
658 1732 698 1796 de
719 1733 916 1820 prorogando
938 1733 1068 1820 imperio
1086 1735 1127 1800 ad

95 1825 249 1912 populum
268 1836 331 1904 est,
350 1827 403 1910 qui
420 1838 545 1912 praetor
555 1825 732 1893 Sardiniam
750 1828 942 1914 provinciam
960 1852 1032 1894 cum
1050 1831 1127 1895 dua·

95 1912 160 1984 bus
177 1920 354 2008 legionibus
374 1920 558 1986 obtinuerat.
598 1921 723 1986 additae
741 1931 772 1986 et
789 1923 831 1987 ad
847 1923 1038 2008 praesidium
1054 1946 1128 2010 pro-

95 2014 219 2080 vinciae
242 2016 471 2103 quinquaginta
490 2038 601 2095 naves,
628 2038 707 2099 quas
725 2015 763 2080 P.
784 2014 891 2102 Scipio
914 2040 954 2082 ex
971 2017 1128 2104 Hispania

95 2109 246 2174 misisset.
296 2120 327 2174 et
352 2109 390 2174 P.
415 2107 556 2194 Scipioni
581 2119 613 2175 et
637 2107 685 2173 M.
714 2107 823 2176 Silano
851 2134 925 2176 suae
951 2111 1161 2198 Hispaniae?

95 2203 209 2288 unique
237 2203 391 2268 exercitus
417 2204 452 2269 in
473 2226 589 2268 annum
612 2204 741 2282 decreti3
778 2201 884 2289 Scipio
908 2227 947 2270 ex
969 2207 1128 2292 octoginta

95 2297 246 2375 travibus,
274 2319 352 2382 quas
379 2307 434 2363 aut
456 2320 563 2363 secum
589 2320 629 2362 ex
646 2297 739 2362 Italia
764 2298 914 2362 adductas
937 2307 991 2362 aut
1017 2310 1125 2384 captas

95 2390 293 2481 Cartbagine
310 2393 455 2472 habebat,
475 2392 701 2480 quinquaginta
717 2392 751 2456 in
761 2390 939 2458 Sardiniam
955 2392 1125 2457 tramittere

95 2480 226 2566 iussum
247 2488 322 2572 quia
347 2488 433 2553 fama
459 2499 524 2553 erat
544 2511 695 2575 magnum
716 2488 860 2552 navalem
882 2497 1066 2573 apparatum
1089 2509 1126 2552 eo
1144 2503 1162 2552 8

95 2598 181 2648 nnnc
208 2581 402 2669 Carthagine
429 2605 517 2660 esse,
553 2581 695 2647 ducentis
727 2580 861 2647 navibus
888 2604 1012 2647 omnem
1039 2604 1126 2646 oram
1152 2611 1155 2617 ·

95 2669 223 2754 Italiae,
244 2674 371 2742 Siciliae
390 2674 616 2760 Sardiniaeque
632 2676 814 2762 inpleturus.
859 2685 890 2741 et
906 2676 939 2740 in
958 2674 1066 2742 Sicilia
1083 2676 1127 2741 ita
1145 2695 1160 2742 9

95 2770 201 2835 divisa
221 2793 272 2834 res
295 2779 356 2836 est:
390 2767 488 2837 Sexto
507 2768 638 2835 Caesari
661 2771 815 2836 exercitus
836 2769 1012 2836 Cannensis
1035 2771 1127 2837 datus

95 2874 162 2942 eat,
184 2863 232 2928 M.
250 2863 396 2929 Valerius
414 2864 577 2930 Laevinus
594 2902 621 2912 -
638 2864 667 2929 ei
684 2887 808 2948 quoque
826 2866 909 2930 enim
926 2876 1129 2954 prorogatum

95 2958 338 3044 imperiumst-
356 2958 503 3038 classem,
539 2980 619 3042 quae
646 2959 686 3023 ad
715 2956 855 3024 Siciliam
882 2971 964 3038 erat,
1000 2961 1128 3025 navium

104 3053 299 3139 septuaginta
317 3051 483 3131 obtineret,
506 3053 634 3117 adderet
652 3074 689 3117 eo
707 3052 833 3139 triginta
850 3076 961 3129 naves,
989 3075 1069 3137 quae
1088 3053 1127 3117 ad

103 3144 274 3212 Tarentum
294 3147 396 3233 priore
418 3170 500 3212 anno
525 3147 664 3226 fuerant3
691 3169 763 3211 oum
790 3170 828 3212 ea
849 3158 974 3211 centum
999 3147 1128 3210 navium

102 3240 215 3327 classe,
243 3242 271 3306 si
296 3240 453 3306 videretur
478 3241 519 3320 ei,
546 3242 730 3327 praedatum
751 3241 789 3324 in,
805 3239 949 3304 Africam
976 3240 1126 3304 traiceret.

103 3345 133 3400 et
152 3334 190 3401 P.
212 3332 367 3420 Sulpicio,
394 3345 430 3400 ut
451 3336 560 3401 eadem
584 3336 685 3401 classe
706 3335 928 3400 Macedoniam
947 3331 1128 3399 Graeciam·
1147 3353 1180 3400 10

103 3450 160 3513 que
177 3429 372 3516 provinciam
390 3429 532 3508 haberet,
559 3441 760 3516 prorogatum
777 3430 811 3494 in
829 3452 944 3494 annum
963 3428 1127 3513 imperium

104 3533 157 3588 est.
193 3525 234 3589 de
252 3523 389 3602 duabus,
408 3545 488 3608 quae
506 3524 547 3588 ad
564 3524 673 3589 urbem
692 3525 825 3589 Romam
843 3522 979 3598 fuerant,
997 3521 1128 3608 legioni-

102 3616 160 3683 bus
177 3618 257 3683 nihil
274 3627 438 3683 mutatum.
474 3619 743 3704 supplementum,
762 3640 824 3702 quo
843 3639 921 3702 opus
940 3626 1032 3690 esset,
1053 3614 1127 3678 scri-
1146 3634 1175 3679 11

101 3710 209 3778 berent
227 3712 372 3778 consules
389 3714 587 3798 permissum.
631 3736 694 3778 una
716 3722 747 3777 et
764 3711 875 3798 viginti
896 3708 1072 3796 legionibus
1091 3730 1128 3772 eo

102 3828 181 3872 anno
209 3805 375 3871 defensum
400 3807 566 3892 imperium
591 3807 770 3872 Romanum
797 3814 853 3870 est.
899 3815 929 3868 et
946 3802 984 3866 P.
1002 3802 1128 3867 Licinio
1148 3821 1179 3868 12

101 3899 186 3967 Varo
204 3899 341 3986 praetori
357 3899 443 3966 urbis
461 3903 621 3988 negotium
640 3902 760 3977 datum,
788 3908 823 3964 ut
839 3899 928 3962 navis
946 3897 1057 3982 longas
1076 3897 1129 3961 tri·

99 3996 188 4082 ginta
205 4004 327 4061 veteres
345 3993 497 4073 reficeret,
517 4017 597 4080 quae
608 3993 719 4061 Ostiae
738 4003 832 4072 erant,
853 4002 883 4057 et
901 3990 1012 4079 viginti
1029 4013 1128 4057 novas
