2528 4514
138 201 203 268 172
401 211 520 268 ursan
536 211 666 282 xxfln,
684 211 709 266 s.
729 210 915 282 [anessa]
934 186 939 191 ’

105 393 118 442 1
203 370 298 439 VIIL
349 368 402 437 ‘si
419 379 474 436 aut
494 390 606 457 pacem
623 369 655 432 in
677 368 769 434 Italia
791 379 846 434 aut
865 367 928 457 [id]
946 369 1080 437 bellum:

139 487 201 552 que
218 467 342 532 hostem
359 463 568 543 haberemus,
594 464 627 527 in
645 484 708 548 quo
731 462 952 550 neglegentiae
968 461 1080 532 laxior]

140 571 237 639 esset,
257 560 311 644 qui
328 558 441 625 vestris
460 558 586 635 studiis,
606 579 686 642 quae
704 558 737 622 in
755 578 903 645 eampum
920 557 963 624 ad
978 559 1080 626 manda

140 656 255 742 quibus
273 654 375 721 velitis
393 654 527 720 honores
545 652 689 731 adfertis,
716 674 838 719 moram
859 652 959 720 ullam
976 654 1080 722 offerre

107 750 218 817 amihi
244 772 355 837 parum
381 747 561 813 meminisse
587 746 745 813 videretur
774 755 898 814 vestrae
924 747 1080 815 libertatis:

141 871 214 913 cum
230 846 263 910 in
289 844 351 910 hoc
371 843 468 922 bello,
494 843 528 908 in
550 842 611 909 hoc
632 841 724 908 hoste
745 864 918 928 numquam
946 841 986 910 ab
1009 843 1071 911 ullo

143 942 209 1008 sine
226 939 346 1027 ingenti
363 947 471 1004 nostra
488 937 576 1003 clade
591 947 727 1003 erratum
740 937 794 1016 sit,
813 938 925 1004 eadem
938 961 997 1006 vos
1011 961 1080 1006 eura

141 1037 174 1102 in
192 1035 291 1101 aciem
309 1033 421 1101 armati
438 1031 642 1110 descenditis,
660 1032 740 1097 inire
758 1031 947 1121 suffragium
964 1034 1007 1100 ad
1025 1056 1080 1100 crea

142 1130 287 1196 consules
306 1129 396 1194 decet
413 1137 444 1193 et
463 1126 523 1192 sibi
542 1127 588 1192 sic
606 1148 762 1212 quemque
778 1127 882 1193 dicere
901 1128 1080 1194 “Hannibal

108 1248 123 1296 a
141 1223 276 1311 peratori
293 1244 401 1309 parem
419 1220 581 1287 consulem
598 1220 758 1286 nomino”.
794 1220 854 1287 hoc
873 1243 958 1289 anno
975 1224 1018 1288 ad
1032 1222 1080 1308 Oa]

141 1318 279 1385 Vibellio
315 1317 457 1383 Taureae
494 1315 659 1401 Campano
696 1338 819 1381 summo
854 1317 953 1400 equiti
992 1339 1080 1404 prov<

142 1435 284 1480 summus
302 1411 465 1476 Romanus
489 1431 585 1494 eques
603 1408 733 1475 Asellus
753 1409 906 1476 Claudius
930 1421 979 1477 est
1003 1434 1080 1499 oppo

55 1581 61 1591 ,
107 1530 124 1577 4
142 1508 293 1574 adversus
309 1503 437 1571 Gallum
454 1504 612 1588 quondam
629 1513 851 1591 provocantem
872 1505 906 1570 in
927 1516 1026 1592 ponte
1043 1506 1080 1572 Ar

140 1601 181 1668 T.
199 1600 356 1666 Manlium
378 1599 527 1664 fidentem
550 1607 580 1663 et
598 1599 703 1664 animo
721 1609 753 1664 et
769 1599 889 1666 viribus
907 1600 1024 1667 misere
1041 1625 1080 1666 mr

108 1718 123 1767 5
145 1695 254 1761 nostri.
295 1693 336 1760 ob
355 1693 486 1759 eandem
504 1715 633 1758 causam
650 1693 728 1758 haut
744 1693 851 1759 multis
870 1693 961 1760 annis
985 1699 1080 1781 postl

141 1813 205 1855 non
222 1788 418 1874 negaverim,
445 1809 500 1852 cur
517 1785 564 1851 M.
583 1785 711 1852 Valerio
728 1810 793 1853 non
810 1787 1008 1854 diffideretur
1025 1791 1080 1855 adv

144 1882 285 1948 similiter
301 1890 523 1969 provocantem
541 1904 628 1946 arma
645 1881 779 1967 capienti
795 1877 925 1948 Gallum
942 1884 982 1948 ad
1008 1894 1080 1950 certa

110 2000 124 2047 a
143 1999 237 2062 quem
256 1976 296 2042 ad
314 1976 443 2041 modum
456 1975 576 2063 pedites
592 1975 775 2061 equitesque
789 1986 934 2062 optamus
948 1989 985 2043 ut
1000 1979 1080 2044 valid

144 2070 314 2149 siminus,
350 2079 385 2135 ut
410 2092 501 2156 pares
528 2071 611 2136 hosti
636 2070 823 2151 habeamus,
859 2071 903 2137 ita
934 2073 1010 2138 duci
1040 2073 1080 2139 hc

110 2187 124 2234 t
142 2187 250 2252 parem
268 2165 488 2251 imperatorem
505 2188 702 2250 quaeramus.
739 2189 821 2245 cnm,
841 2167 895 2251 qui
914 2178 963 2234 est
983 2192 1080 2234 summ

141 2260 268 2326 'civitate
296 2261 373 2336 dux,
402 2282 474 2327 eum
500 2262 683 2347 legerimus,
712 2270 817 2327 tamen
842 2272 971 2348 repente
1000 2263 1079 2330 lectu

143 2378 260 2421 annum
282 2364 404 2421 creatus
428 2355 579 2422 adversus
602 2364 740 2422 veterem
766 2377 803 2421 ao
829 2366 1019 2442 perpetuum
1044 2359 1080 2422 im

142 2461 243 2517 torem
265 2450 508 2536 comparabitur,
535 2451 629 2515 nullis
651 2473 754 2535 neque
777 2453 926 2537 temporis
949 2475 1010 2519 nec
1031 2453 1080 2519 iurff

143 2545 266 2610 clusum
284 2544 452 2630 angustiis,
471 2567 534 2628 quo
552 2545 656 2610 minus
675 2545 718 2610 ita
736 2545 841 2610 omnia
859 2556 949 2632 gerat
967 2547 1080 2612 admini

109 2655 125 2704 8
144 2661 218 2723 qne,
246 2648 282 2702 ut
299 2648 440 2724 tempora
457 2639 660 2724 postulabunt
676 2639 764 2705 belli:
791 2639 883 2705 nobis
906 2651 1015 2706 autem
1031 2643 1064 2706 in

142 2742 213 2798 ratu
230 2732 300 2818 ipso
319 2754 355 2798 ao
373 2741 495 2798 tantum
511 2733 728 2799 incohantibus
752 2757 802 2799 res
820 2757 921 2799 annus
946 2736 1080 2802 circnma

111 2826 307 2909 aquoniam,
336 2826 444 2911 quales
467 2828 551 2892 viros
574 2849 678 2915 creare
700 2851 758 2894 vos
781 2829 926 2895 consules
949 2830 1073 2909 deceat,

143 2930 193 2984 est
212 2919 343 2998 dictum,
366 2931 462 2986 restat
480 2932 515 2986 ut
532 2944 633 3007 pauca
652 2921 768 3000 decis,
792 2923 825 2986 in
842 2945 922 3007 quos
941 2946 1080 3011 praerog:

93 3032 127 3083 10
144 3013 235 3078 favor
252 3013 424 3094 inclinavit,
444 3016 555 3081 dicam.
591 3015 638 3080 M.
658 3015 814 3082 Aemilius
833 3016 978 3104 Regillus
997 3018 1080 3084 fiam<

146 3108 332 3192 Quirinalis,
360 3132 453 3195 quem
476 3133 578 3195 neque
605 3111 727 3176 mittere
751 3135 770 3176 a
792 3112 889 3176 sacris
916 3134 1021 3197 neque
1046 3135 1079 3178 re

144 3226 334 3290 possumus,
371 3214 406 3270 ut
436 3227 500 3270 non
534 3206 628 3270 deum
660 3215 714 3270 aut
744 3205 819 3270 belli
849 3206 1035 3273 deseramus
1062 3230 1078 3273 c

93 3318 125 3368 11
146 3296 301 3366 Otacilius
322 3300 436 3365 sororis
455 3322 543 3365 meae
564 3299 661 3364 filiam
679 3323 810 3365 uxorem
828 3310 922 3386 atque
946 3325 1043 3368 exea
1065 3303 1080 3367 li

143 3391 253 3471 habet3
272 3402 410 3458 ceterum
428 3416 490 3459 non
508 3417 546 3459 ea
563 3404 666 3460 vestra
683 3395 716 3458 in
730 3417 781 3459 me
794 3396 994 3480 maioresque
1012 3420 1080 3463 meo

143 3487 204 3552 rita
222 3498 308 3565 sunt,
336 3498 456 3554 utnon
478 3489 629 3575 potiorem
651 3490 782 3575 privatis
804 3491 1080 3558 necessitudinibu

93 3601 126 3651 12
144 3582 303 3670 publicam
321 3582 464 3648 habeam.
510 3583 640 3668 quilibet
661 3594 827 3650 nautarum
851 3595 1079 3672 vectorumque

77 3729 80 3734 .
144 3676 240 3762 quillo
267 3678 345 3742 mari
372 3677 547 3764 gubernare
573 3688 690 3764 potest3
717 3678 771 3744 ubi
795 3702 890 3745 saeva
912 3690 982 3747 orta
1009 3692 1080 3767 tem]

48 3790 49 3794 ’
145 3782 193 3838 est
218 3794 256 3838 ac
283 3772 408 3839 turbato
435 3775 513 3839 mari
539 3775 657 3860 rapitur
687 3786 781 3842 vento
807 3777 918 3856 navis,
955 3788 1027 3843 tum
1058 3803 1080 3844 vt

93 3882 128 3934 13
145 3865 353 3952 gubernatore
371 3891 451 3955 opus
470 3879 526 3934 est.
554 3892 617 3935 non
635 3871 800 3954 tranquillo
818 3872 1024 3958 navigamus,
1046 3896 1080 3939 se

144 3960 262 4045 aliquot
283 3963 428 4049 procellis
455 3964 609 4031 submersi
630 3987 730 4052 paene
754 3989 877 4033 sumus:
912 3967 1024 4051 itaque
1048 3990 1080 4056 qt
