2528 4514
252 246 372 305 LlssER
388 246 506 316 xxm,
523 247 565 301 19.
585 250 624 316 [a
635 245 665 306 c.
675 247 739 318 ers]
953 237 1017 305 133

95 402 155 469 tutet
168 412 233 473 aas
244 403 380 472 inermm
393 404 427 472 in
440 404 538 473 mauis
551 405 637 473 nuda
650 427 781 491 corpora
795 406 836 475 ad
847 407 1015 478 ausuum

95 514 140 561 un
150 495 213 564 mur
228 497 424 584 praebentes.
453 521 491 564 ea
505 521 600 585 aegre
612 500 737 585 patiens
748 497 923 580 Gracchus,
940 523 1015 571 curn
1033 522 1048 570 t

95 610 255 679 papngnam
290 614 455 659 conserere
491 594 651 661 dictatoris
685 594 810 663 iniussu
843 596 973 665 auderet
989 632 1016 647 -

95 684 188 757 tudun
206 697 312 755 autern
335 708 420 766 eres,
450 687 477 754 si
494 687 600 772 palam
622 687 816 759 frumentum
833 689 1014 776 inportaret,
1033 709 1051 759 n

95 775 250 865 lat-nequa
268 781 351 849 clam
367 782 549 866 inportandi
567 804 641 866 spes
658 793 753 861 esset,
771 783 855 852 farre
872 807 914 855 err
930 785 1016 871 agris

95 874 226 959 turdique
251 886 407 944 convecto
436 898 508 943 cum
537 875 687 960 conplura
717 877 801 947 dolia
827 879 1015 967 conplesset,

155 971 190 1036 ad
206 971 429 1058 magistratum
449 969 626 1039 Casilinum
648 971 748 1051 misit,
780 983 815 1041 ut
837 975 1016 1061 exciperem

95 1082 166 1146 ¹quae
180 1066 281 1133 amma
298 1066 444 1133 deferret.
476 1066 655 1150 insequenti
667 1076 760 1135 nocte
773 1069 902 1139 intentis
913 1069 1015 1137 omni
1032 1089 1048 1137 a

95 1152 233 1225 inlnnen
255 1181 293 1227 aa
316 1183 406 1246 spem
428 1159 468 1227 ab
491 1160 601 1226 nuntio
623 1159 769 1229 Romano
790 1161 907 1230 factam
930 1163 1037 1233 doliu¹

95 1247 199 1319 'onina
220 1254 306 1321 amni
328 1254 528 1321 defluxerunt
548 1253 782 1340 aequaliterque
804 1257 886 1323 inter
902 1277 1012 1323 omnes

95 1353 173 1412 nun
201 1348 349 1415 divisum.
401 1349 435 1415 id
463 1358 591 1434 postero
618 1371 744 1434 quoque
774 1349 825 1417 die
857 1372 895 1419 ac
921 1350 1066 1419 tertiolo

95 1452 181 1520 nest3
206 1453 297 1509 nocte
316 1453 347 1508 et
363 1443 568 1509 mittebantur
584 1456 616 1510 et
636 1443 875 1529 perveniebant,
903 1464 942 1513 eo
960 1465 1014 1508 cu-

95 1526 254 1602 itlostium
271 1537 432 1603 fallebant.
467 1537 621 1603 imbribus
636 1538 749 1605 deiude
762 1538 919 1607 continuis
938 1538 1014 1609 cita
1032 1558 1063 1606 11

95 1624 153 1695 nlita
167 1632 264 1696 amnis
283 1641 462 1697 transverso
480 1632 597 1697 vertice
611 1632 695 1698 dolia
711 1632 825 1720 inpth
843 1632 884 1699 ad
900 1632 1012 1718 ripam,

95 1719 203 1791 ebosus
226 1725 405 1793 servabant.
449 1725 495 1793 ibi
517 1726 679 1795 haerentia
699 1727 781 1796 inter
802 1727 918 1797 obnata
934 1727 1012 1814 ripis

95 1818 370 1905 boonspiciuntur,
406 1821 648 1906 nuntiatumque
678 1821 852 1890 Hannibali
882 1830 945 1900 est,
981 1831 1013 1889 et

95 1902 277 1979 bintentiore
299 1915 442 1983 custodia
465 1926 607 1994 cantum,
634 1938 674 1982 ne
696 1916 774 2000 quid
795 1916 918 1985 falleret
934 1913 1014 1985 Vol·

95 2003 141 2069 ttl
152 2006 254 2073 urbem
272 2009 416 2074 missum.
452 2032 549 2075 nuces
568 2020 674 2077 tamen
691 2010 783 2078 fusae
800 2010 841 2079 ab
858 2011 1012 2080 Romanis
1033 2029 1065 2077 12

95 2088 180 2165 ltcurn
196 2102 301 2168 medio
320 2103 405 2168 amni
424 2104 465 2169 ad
476 2102 651 2169 Casilinum
669 2105 855 2184 defluerent,
875 2105 1013 2175 cratibus

95 2184 222 2269 libentur.
249 2207 409 2282 postremo
427 2199 469 2263 ad
485 2199 519 2263 id
536 2209 665 2263 ventum
679 2199 805 2284 inopiae
819 2210 882 2277 est,
900 2208 936 2265 ut
947 2198 1015 2269 lora
1034 2217 1065 2267 18

95 2290 194 2373 {tuque
223 2291 320 2355 scutis
346 2291 459 2376 pelles,
495 2292 550 2358 ubi
577 2292 699 2358 fervida
725 2292 899 2361 mollissent
922 2314 1013 2377 aqua,

95 2370 332 2453 damnarentur
355 2408 414 2452 nec
436 2387 578 2452 muribus
602 2386 704 2451 aliove
727 2386 855 2452 animali
876 2384 1014 2453 abstine-

97 2478 215 2544 ttomne
237 2478 405 2545 herbarum
427 2481 631 2565 radicumque
654 2503 755 2568 genus
777 2478 949 2567 aggeribus
966 2480 1014 2548 in·

95 2571 161 2637 uui
177 2582 330 2639 eruerent.
376 2585 407 2638 et
429 2597 501 2640 cum
523 2575 632 2642 hostes
654 2573 839 2641 obarassent
861 2573 1014 2659 quidquid
1033 2592 1066 2641 14

95 2660 239 2731 lterreni
265 2677 354 2733 extra
380 2691 505 2735 murum
532 2679 617 2748 erat,
651 2691 801 2756 raporum
831 2691 942 2737 semen
966 2670 1014 2735 in-

95 2766 179 2836 rtut
190 2759 355 2828 Hannibal
376 2768 468 2828 ‘eone
487 2785 602 2846 usque,
621 2763 755 2831 dumea
771 2773 953 2842 nascantur,
972 2763 1014 2831 ad

95 2875 154 2919 tum
177 2878 322 2922 sessurus
351 2858 454 2922 sum?'
484 2858 689 2937 exclamaret,
707 2896 750 2906 -
772 2859 877 2944 etqui
893 2859 1065 2927 nullam1r

95 2949 259 3015 >actionem
273 2950 401 3017 auribus
416 2952 594 3031 admiserat,
613 2962 680 3019 tum
694 2953 822 3021 demum
836 2955 890 3040 agi
904 2976 1012 3021 secum

95 3066 157 3109 uus
175 3043 216 3108 da
232 3045 447 3130 redemptione
465 3045 636 3113 liberorum
653 3048 802 3134 capitum.
844 3057 1011 3132 septunces
1032 3067 1063 3114 16

107 3138 251 3224 singulos
264 3140 399 3225 pretium
413 3141 569 3207 convenit.
601 3141 664 3207 fide
678 3151 807 3228 accepta
820 3140 1013 3207 tradiderunt

95 3233 186 3299 lonec
200 3255 291 3299 omne
306 3257 418 3299 aurum
427 3234 623 3321 persolutum
638 3247 700 3314 est,
718 3234 894 3303 invinculis
903 3233 1012 3312 habiti,

95 3327 197 3392 emissi
224 3326 344 3394 Cumas
372 3351 445 3393 cum
470 3329 543 3395 fide.
592 3330 626 3395 id
652 3331 757 3396 verius
785 3339 833 3394 est
854 3351 950 3413 quam
971 3328 1013 3394 ab
1033 3349 1064 3396 rt

94 3424 124 3488 in
140 3422 286 3489 abeuntis
299 3424 431 3490 inmisso
444 3425 636 3491 interfectos.
663 3424 861 3490 Praenestini
875 3423 1014 3489 maxima

94 3540 171 3583 rere.
216 3541 257 3583 ex
278 3519 459 3604 quingentis
483 3522 697 3608 septuaginta,
724 3521 779 3604 qui
801 3520 834 3585 in
855 3518 1013 3605 praesidio

95 3637 116 3691 :‚
154 3612 258 3677 minus
286 3614 451 3678 dimidium
482 3615 601 3680 ferrum
627 3615 791 3697 famesque
822 3611 1013 3697 absumpsit3

95 3705 263 3772 ncolumes
281 3706 455 3774 Praeneste
473 3732 546 3775 cum
563 3719 706 3797 praetore
725 3730 783 3774 suo
800 3706 849 3773 M.
863 3706 1014 3773 Anicio-
1042 3742 1044 3747 ·

95 3801 123 3866 is
144 3809 237 3866 antea
253 3800 357 3867 fuerat
375 3840 401 3849 -
417 3803 585 3869 redierunt.
614 3814 717 3869 statua
734 3802 802 3869 eius
820 3800 936 3867 indicio
953 3801 1014 3867 fuit
1033 3825 1064 3876 18

96 3904 148 3962 ste
174 3895 207 3960 in
233 3895 303 3961 foro
331 3907 460 3977 statuta,
487 3898 630 3977 loricata,
657 3898 772 3964 amicta
793 3908 881 3984 toga,
909 3895 1013 3965 velato

95 3990 146 4074 (et
164 3991 223 4057 tria
242 3993 353 4079 signa)
377 4015 450 4059 cum
468 3993 558 4060 titulo
575 3993 699 4060 lamnae
717 4014 834 4061 aeneae
850 3992 1011 4078 inscripto,
