2528 4514
139 214 203 279 410
355 219 475 277 LIBER
492 219 634 288 XXVIII,
653 218 696 272 23.
710 217 753 272 24.
773 220 810 285 [a
819 233 848 271 u.
858 214 957 285 ests]

140 405 212 448 cum
231 391 354 468 septem
371 377 566 455 triremibus,
594 374 812 461 quinqueremi
829 397 895 439 una
914 383 964 439 est
981 371 1097 451 missus,
1113 381 1138 436 ut

139 491 223 544 terra
240 476 382 559 marique
401 471 560 539 communi
578 471 796 539 consiliarem
813 479 974 556 gererent.
1179 521 1181 527 .

107 596 119 642 1
203 570 360 637 XXIHI.
406 565 515 656 Scipio
541 567 610 654 ipse
633 566 724 653 gravi
751 566 863 630 morbo
889 562 1071 650 implicitus,
1092 585 1141 648 gra·

140 668 227 733 viore
246 676 353 731 tamen
370 663 470 741 fama,
498 684 570 727 cum
593 661 634 725 ad
655 661 689 725 id
711 659 845 744 quisque
864 659 952 742 quod
970 656 1142 723 audieratis·
1175 686 1178 699 ¹

141 762 202 827 sita
228 760 391 825 hominum
416 757 548 823 libidine
575 755 680 822 alendi
702 756 742 820 de
764 754 925 819 industria
944 776 1081 819 rumores
1098 749 1144 816 edi·
1177 783 1179 833 l

141 865 226 921 ceret
253 853 386 938 aliquid,
414 851 610 939 provinciam
631 873 758 916 omnem
780 870 819 914 ac
840 848 982 914 maxime
1004 846 1144 935 longinqua

107 951 210 1017 acius
237 948 394 1014 turbavit:
431 945 652 1033 apparuitque,
680 955 831 1029 quantam
858 943 1036 1009 excitatura
1059 941 1144 1007 moleu
1176 975 1178 983 ·

141 1068 218 1111 vera
234 1044 349 1109 fixisset
367 1042 487 1120 clades,
507 1063 579 1106 cum
593 1063 693 1106 vanus
707 1063 815 1106 rumor
829 1050 937 1107 tantas
949 1039 1097 1127 procellas
1108 1059 1144 1101 ex·
1173 1068 1175 1077 ν

142 1138 280 1204 civisset
315 1161 380 1203 non
399 1137 476 1202 socii
489 1136 611 1213 infide,
629 1159 695 1202 non
709 1136 866 1201 exercitus
880 1135 916 1199 in
930 1135 1037 1200 officio
1050 1130 1143 1199 mansit
1175 1187 1181 1219 :

107 1255 124 1302 3
141 1231 336 1299 Mandonius
355 1243 388 1297 et
404 1231 564 1308 Indibilis,
584 1231 713 1314 quibus,
733 1230 807 1313 quia
822 1253 960 1316 regnum
980 1229 1042 1295 sibi
1056 1228 1144 1312 Hispe
1173 1290 1181 1319 ὲ

141 1326 213 1392 niae
239 1326 340 1413 pulsis
371 1325 445 1389 inde
473 1322 791 1410 Carthaginiensibus
824 1323 1025 1389 destinarant
1052 1319 1143 1395 animia

108 1441 125 1487 4
142 1421 221 1486 nihil
238 1444 296 1508 pro
319 1442 376 1506 spe
399 1419 589 1506 contigerat,
617 1418 781 1484 concitatis
803 1417 1014 1505 popularibus
1031 1454 1056 1465 —
1069 1416 1143 1481 Lae

142 1515 208 1580 tani
223 1526 328 1580 autem
343 1524 467 1579 erant-
476 1525 508 1577 et
520 1513 683 1578 iuventute
698 1509 932 1578 Celtiberorum
946 1513 1050 1578 excita
1062 1531 1142 1598 agrum
1168 1540 1181 1587 ξ

145 1610 373 1676 Suessetanum
406 1606 665 1693 Sedetanumque
701 1608 859 1678 sociorum
894 1609 1007 1694 populi
1039 1602 1141 1673 Rornad
1167 1688 1181 1695 -

107 1704 299 1772 ahostiliter
325 1703 509 1790 depopulati
536 1713 619 1768 sunt.
663 1701 765 1766 civilis
792 1701 873 1766 alius
896 1703 987 1768 furor
1006 1703 1040 1767 in
1062 1698 1141 1767 castri
1174 1732 1181 1740 ·

144 1799 185 1864 ad
203 1796 380 1864 Sucronem
397 1810 496 1865 ortus.
541 1808 613 1863 octo
630 1797 675 1862 ibi
692 1795 779 1862 milia
796 1795 933 1861 militum
956 1807 1058 1874 erant,
1080 1813 1141 1881 pree
1168 1821 1181 1883 j

144 1891 260 1957 sidium
277 1892 440 1979 gentibus,
469 1914 549 1977 quae
572 1891 617 1957 cis
635 1891 793 1956 Hiberum
810 1890 967 1969 incolunt,
994 1889 1140 1978 inpositus
1178 1942 1181 1977 :

108 2005 125 2052 c
143 1996 248 2052 motae
266 2010 376 2052 eorum
393 1998 500 2053 autem
516 1997 639 2053 mentes
658 1998 733 2052 sunt
753 2009 818 2052 non
836 1997 906 2051 tum
925 1987 1073 2074 primum,
1096 2003 1141 2049 cun

144 2083 184 2146 de
201 2081 267 2146 vita
284 2081 481 2168 imperatoris
500 2082 589 2148 dubii
606 2080 692 2146 allati
710 2093 785 2147 sunt
802 2081 920 2160 nuntii,
949 2082 1008 2147 sed
1023 2082 1082 2146 iam
1096 2086 1141 2143 arr
1178 2156 1181 2163 Ι

142 2174 269 2240 licentia
296 2200 336 2242 ex
364 2177 498 2254 diutino,
525 2188 561 2241 ut
586 2176 635 2254 fit,
664 2176 727 2242 otio
755 2176 912 2255 conlecta,
945 2189 978 2243 et
1004 2199 1065 2242 non
1083 2168 1141 2245 nihl·
1177 2254 1181 2259 ,

144 2271 229 2354 quod
246 2269 279 2334 in
296 2269 418 2335 hostico
436 2270 539 2335 laxius
558 2281 648 2357 rapto
667 2269 765 2335 suetis
780 2271 888 2336 vivere
903 2271 1035 2337 artiores
1052 2271 1142 2355 inpar

110 2387 194 2433 ures
214 2375 312 2429 erant.
350 2386 387 2429 ac
403 2365 506 2451 primo
525 2387 687 2430 sermones
706 2375 829 2429 tantum
847 2365 965 2430 occulti
980 2365 1142 2432 serebanm
1174 2422 1181 2431 .

145 2459 172 2523 si
188 2459 308 2547 bellum
325 2458 358 2523 in
375 2459 539 2545 provincia
557 2457 657 2537 esset,
686 2459 762 2544 quid
784 2482 856 2525 sese
877 2459 962 2524 inter
983 2454 1143 2547 pacatoslt·

144 2553 235 2618 cere?
270 2552 297 2617 si
315 2552 506 2617 debellatum
524 2553 588 2618 iam
606 2564 637 2619 et
656 2553 800 2619 confecta
816 2553 985 2640 provincia
1001 2565 1094 2630 esset,
1112 2567 1144 2614 cu
1173 2584 1181 2613 :

108 2646 177 2713 cin
203 2646 328 2710 Italiam
355 2670 420 2712 non
448 2647 575 2712 revehi?
618 2648 795 2734 flagitatum
826 2670 955 2732 quoque
987 2646 1145 2737 stipendium

144 2740 308 2825 procacius
332 2763 427 2824 quam
449 2764 490 2806 ex
511 2764 598 2806 more
622 2753 654 2806 et
675 2741 832 2808 modestia
853 2742 987 2808 militari
1005 2754 1070 2808 erat
1085 2734 1145 2807 etel

145 2833 329 2898 custodibus
347 2835 465 2919 probra
481 2835 514 2899 in
532 2835 754 2901 circumeuntis
773 2836 899 2924 vigilias
917 2837 1063 2905 tribunos
1078 2836 1144 2906 iau

145 2935 177 2989 et
206 2937 301 2991 noctu
332 2928 460 3010 quidam
489 2931 676 3016 praedatum
707 2930 740 2994 in
771 2954 884 3019 agrum
915 2932 1003 2998 circa
1032 2941 1145 3020 paratu
1175 2926 1181 2931 ’

144 3019 258 3098 ierant,
283 3033 443 3106 postremo
461 3024 598 3089 interdiu
616 3047 652 3090 ac
669 3026 834 3112 propalam
852 3027 921 3092 sine
941 3019 1146 3093 commearunt

110 3135 126 3181 9
146 3114 244 3202 signis
265 3117 402 3183 abibant.
448 3120 554 3184 omnia
570 3120 700 3186 libidine
720 3142 756 3185 ac
773 3121 902 3186 licentia
922 3123 1072 3201 militum,
1095 3111 1145 3185 nihl

143 3209 286 3276 instituto
313 3222 367 3276 aut
394 3213 560 3299 disciplina
588 3213 717 3279 militiae
736 3226 795 3280 -aut
816 3215 951 3302 imperio
974 3240 1092 3294 eorum,
1114 3206 1145 3296 qll

94 3323 126 3370 10
145 3314 325 3390 praeerant,
352 3307 530 3391 gerebatur.
576 3309 678 3374 forma
696 3319 800 3374 tamen
820 3310 1043 3377 Romanorum
1059 3320 1146 3377 caro

144 3419 215 3460 rum
241 3400 408 3464 constabat
434 3425 498 3465 una
524 3424 563 3466 ea
589 3402 709 3488 specie,
738 3404 823 3488 quod
848 3405 1011 3485 tribunos,
1037 3430 1076 3472 ex
1098 3422 1147 3469 ccc

144 3491 272 3576 tagione
303 3493 418 3559 furoris
449 3495 535 3559 haud
565 3497 703 3583 expertis
732 3497 895 3564 seditionis
928 3500 1148 3582 defectionisque

143 3586 203 3650 rati
221 3585 298 3665 fore,
318 3600 350 3652 et
366 3589 436 3654 iura
451 3590 583 3655 reddere
601 3591 634 3655 in
651 3592 814 3678 principiis
834 3592 983 3660 sinebant
1000 3607 1033 3661 et
1048 3595 1147 3681 signum

144 3679 184 3743 ab
212 3681 257 3746 eis
283 3683 434 3766 petebant
460 3695 492 3749 et
517 3685 550 3749 in
577 3685 746 3751 stationem
768 3709 806 3751 ac
828 3687 956 3774 vigilias
977 3688 1012 3755 in
1034 3688 1148 3756 ordinm

93 3794 122 3839 11
143 3774 244 3854 ibant3
276 3786 308 3841 et
333 3788 369 3842 ut
394 3778 458 3843 vim
485 3780 596 3866 imperi
623 3781 831 3861 abstulerant,
862 3783 907 3849 ita
930 3784 1069 3872 speeiem
1089 3783 1147 3848 dioto

93 3886 125 3933 12
143 3870 334 3952 parentium,
348 3873 430 3939 ultro
440 3875 501 3939 sibi
509 3875 715 3962 imperantes,
731 3879 909 3944 servabant
942 3881 1047 3968 erupit
1060 3873 1148 3944 dende

144 3962 270 4041 seditio,
296 3977 465 4053 postquam
482 3970 712 4057 reprehendere
731 3984 825 4057 atque
843 3973 1012 4062 inprobare
1030 3975 1148 4040 tribmos
