2528 4514
203 244 223 310 6
460 253 579 310 LIBER
595 255 683 325 XXI,
697 212 726 308 ’6.
739 256 764 310 7.
784 257 822 322 [a.
832 268 859 307 u.
870 268 894 308 c.
903 252 967 322 536]

200 415 234 480 in
251 412 397 478 Atiicam
419 411 584 477 traicerent
605 433 643 477 ac
666 410 821 475 sociorum
843 409 952 495 populi
973 406 1115 474 Romani
1137 409 1237 495 queri·

168 530 184 578 ι
201 508 324 573 monias
343 505 509 582 deferrent,
529 543 571 553 —
588 505 649 570 hac
666 504 823 590 legatione
838 503 964 568 decreta
976 503 1117 569 necdum
1130 503 1233 583 missa,
1254 504 1256 579 J

202 598 344 668 omnium
373 622 429 685 spe
455 599 586 664 celerius
611 596 790 685 Saguntum
816 597 994 684 oppugnari
1014 597 1160 663 adlatum
1181 592 1256 665 ea

170 704 279 766 stunc
295 693 393 759 relata
410 694 450 756 de
467 691 590 778 integro
611 715 661 757 res
684 692 725 756 ad
748 701 905 771 senatum,
933 701 965 756 et
986 691 1041 756 alii
1056 691 1233 778 provincias

202 786 385 854 consulibus
412 785 602 872 Hispaniam
629 795 722 870 atque
747 784 893 850 Africam
923 785 1133 853 decernentes
1158 795 1234 855 tem

201 884 343 966 marique
355 904 422 946 rem
435 882 606 968 gerendam
619 880 799 958 censebant,
818 880 871 945 alii
885 889 986 946 totum
999 881 1033 945 in
1045 880 1145 967 Hisp
1162 914 1168 937 ι
1212 919 1222 935 ==

169 1002 183 1047 ι
201 974 479 1059 Hannibalemque
496 975 693 1040 intenderant
710 974 838 1051 bellum,
858 983 946 1039 erant
964 974 1021 1059 qui
1036 997 1105 1041 non

202 1070 391 1136 movendam
411 1092 479 1134 rem
501 1079 621 1134 tantam
643 1069 917 1154 expectandosque
945 1089 986 1133 ex
1007 1067 1170 1155 Hispania
1201 1095 1233 1120 ν

168 1187 184 1235 8
201 1177 293 1252 gatos
312 1173 483 1230 censerent
515 1164 594 1228 haec
612 1163 775 1240 sententia,
795 1184 875 1247 quae
889 1162 1047 1229 tutissima
1060 1162 1167 1229 videb
1184 1173 1229 1249 ''L''

201 1260 290 1337 vicit,
318 1259 476 1346 legatique
495 1280 533 1323 eo
550 1258 702 1323 maturius
725 1257 814 1321 missi
832 1255 870 1320 P.
889 1255 1036 1322 Valerius
1052 1257 1188 1323 Flaccus
1209 1301 1212 1310 ,

203 1353 245 1439 Q.
263 1353 404 1419 Baebius
428 1352 614 1437 Tamphilus
640 1349 819 1437 Saguntum
840 1350 881 1414 ad
904 1349 1121 1416 Hannibalem
1149 1382 1163 1407 =¹
1180 1380 1222 1426 ιν

201 1448 275 1513 inde
299 1445 376 1512 Cart
364 1446 538 1532 thaginem,
567 1446 594 1510 si
619 1468 683 1510 non
709 1445 809 1511 absist
796 1453 874 1509 ttere
875 1467 912 1509 ur
937 1443 1034 1523 bello,
1061 1445 1106 1510 ad
1126 1445 1208 1510 dua

201 1542 308 1629 ipsum
325 1541 358 1605 in
375 1562 509 1626 poenam
527 1539 662 1605 foederis
681 1539 766 1625 rupti
784 1538 1028 1626 deposcendum.

170 1658 183 1704 1
267 1635 343 1701 VH.
379 1635 469 1700 Dum
488 1657 525 1701 ea
542 1635 678 1700 Romani
695 1644 808 1720 parant
825 1634 1105 1719 consultantque,
1094 1639 1198 1700 ram

168 1739 336 1818 aguntum
360 1752 484 1795 summa
505 1730 538 1793 vi
561 1729 813 1816 oppugnabatur.
855 1729 966 1794 civitas
989 1751 1028 1795 ea
1048 1728 1217 1815 longao

201 1824 377 1891 lentissima
398 1823 481 1888 ultra
498 1822 655 1888 Hiberum
677 1823 750 1900 fuit,
725 1823 835 1888 tsita
855 1845 971 1908 passus
993 1822 1080 1888 mille
1102 1822 1218 1935 fermo

201 1920 291 1989 mart
323 1918 447 1984 oriundi
463 1941 483 1982 a
497 1917 658 2004 Zacyntho
675 1871 780 1983 insula
798 1918 906 1983 dicunt
893 1927 952 1996 t,ur
972 1917 1200 2067 mixtiqueal'p

169 2012 243 2081 aab
260 2011 371 2078 Ardea
387 2011 577 2077 Rutulorum
599 2012 728 2097 quidam
750 2011 891 2122 generis3
918 2013 1090 2077 ceterum
1079 2036 1158 2079 ιιι

201 2107 291 2172 brevi
309 2115 470 2172 creverant
487 2128 564 2191 opes
583 2128 639 2171 seu
657 2106 820 2172 maritimis
839 2116 926 2172 seut
913 2106 1115 2173 terrestribus
1141 2139 1147 2164 ι
1167 2117 1217 2168 ιιι·

202 2201 263 2266 bus
283 2223 339 2267 seu
356 2200 563 2265 multitudinis
581 2200 772 2265 incremento
790 2200 1049 2287 seu-disciplinae
1063 2200 1192 2268 sancti
1218 2205 1223 2276 J

203 2317 266 2379 qua
283 2295 379 2359 fidem
397 2294 545 2360 socialem
563 2317 664 2378 usque
681 2296 723 2360 ad
739 2295 909 2381 perniciem
927 2318 1018 2360 suam
1036 2295 1214 2361 coluerunt-1

168 2412 185 2458 4
267 2388 431 2455 Hannibal
452 2389 568 2454 infesto
596 2390 735 2454 exercitu
760 2390 924 2476 ingressus
951 2389 1024 2455 finis
1049 2412 1177 2476 persas
1199 2421 1218 2474 ¹,

169 2507 184 2554 5
201 2484 323 2570 passim
346 2484 429 2570 agris
452 2484 563 2550 urbem
586 2483 739 2569 tripertito
763 2483 956 2569 adgreditur.
996 2484 1134 2570 angulus
1167 2514 1203 2541 11111
1209 2495 1216 2568 'j

201 2588 268 2644 erat
283 2579 318 2642 in
338 2579 514 2664 planiorem
535 2578 806 2664 patentioremque
828 2599 925 2661 quam
946 2586 1051 2643 cetera
1073 2579 1158 2646 circa
1181 2610 1183 2615 ¹
1206 2573 1221 2650 .‘

201 2672 266 2736 lem
287 2694 432 2758 vergens.
473 2672 625 2737 adversus
653 2694 725 2736 eum
751 2672 860 2736 vineas
888 2693 982 2758 agere
1007 2672 1158 2752 instituit,
1189 2704 1192 2728 ι

169 2786 185 2833 ιι
203 2788 282 2850 quas
301 2766 381 2831 aries
399 2764 563 2832 moenibus
583 2766 744 2830 admoveri
755 2774 873 2851 posset.
906 2765 963 2831 sed
977 2775 1012 2831 ut
1025 2766 1153 2855 locusp
1173 2797 1198 2822 ι»

202 2881 293 2924 muro
315 2860 391 2924 satis
414 2881 534 2944 aequus
562 2860 692 2946 agendis
716 2859 816 2924 vineis
835 2859 908 2937 fuit,
935 2859 981 2926 ita
1001 2859 1184 2947 hautquaq·

202 2973 362 3037 prospere,
380 2961 549 3038 postquam
565 2954 607 3018 ad
620 2953 768 3018 effectum
781 2953 884 3039 operis
897 2962 1028 3019 ventum
1042 2964 1102 3034 est,
1121 2976 1186 3022 coe*
1199 2985 1214 3042 ¹,

170 3067 184 3112 ι
203 3045 402 3112 succedebat
441 3055 473 3111 et
494 3047 586 3113 turris
608 3048 720 3134 ingens
747 3045 919 3112 inminebat
941 3056 974 3112 et
999 3071 1125 3128 murus,
1150 3044 1206 3115 nt'

203 3150 349 3226 suspecto
367 3138 451 3218 loco,
481 3163 577 3226 supra
594 3150 715 3207 ceterae
733 3141 862 3206 modum
884 3140 1058 3209 altitudinis
1081 3166 1134 3209 em
1162 3142 1214 3198 ι’*

202 3244 269 3300 erat
287 3244 318 3300 et
335 3235 481 3300 iuventus
499 3235 634 3313 delecta,
653 3234 709 3300 ubi
726 3234 897 3321 plurimum
913 3236 1046 3322 periculi
1063 3260 1103 3304 ac
1127 3270 1165 3295 ιιι
1179 3267 1201 3290 ·

168 3346 184 3393 8
203 3328 440 3407 ostendebatur,
465 3328 510 3394 ibi
527 3330 560 3394 vi
576 3329 694 3395 maiore
716 3328 921 3395 obsistebant.
957 3352 996 3395 ae
1012 3331 1119 3416 primo
1144 3329 1218 3410 ιι-«ἶ

201 3420 285 3487 libus
309 3421 495 3488 submovere
516 3422 641 3489 hostem
663 3423 912 3508 necquicquam
940 3423 1017 3489 satis
1045 3434 1150 3491 tutum
1177 3452 1196 3479 ιι
1211 3417 1219 3454 ”’

201 3516 361 3582 nientibus
378 3517 458 3603 pati,
478 3516 591 3582 deinde
608 3518 672 3582 iam
689 3541 753 3582 non
769 3540 827 3603 pro
844 3517 1011 3584 moenibus
1030 3520 1128 3586 modo
1152 3549 1201 3574 τιν

202 3612 309 3676 ιιιιιίι
297 3612 359 3676 tela
376 3611 507 3690 micare,
536 3612 592 3678 sed
609 3613 651 3677 ad
669 3612 896 3698 erumpendum
917 3612 1045 3678 etiam
1035 3613 1189 3681 metatio

170 3723 185 3769 9
203 3728 360 3790 operaque
376 3707 516 3773 bostrum
533 3707 656 3772 animus
675 3716 755 3785 erat,
774 3706 889 3790 quibus
908 3708 1124 3777 tumultuariis

203 3798 340 3865 minibus
350 3801 436 3866 haud
447 3801 545 3866 ferme
560 3802 666 3888 plures
678 3754 847 3887 Saguntini
856 3802 1012 3868 cadebant
1020 3740 1224 3889 quomPibi

153 3912 186 3960 ιο
203 3902 240 3957 ut
255 3916 330 3958 vero
347 3895 540 3963 Hannibal
531 3920 614 3983 1pse‚
639 3900 716 3962 dum
734 3922 859 3964 murum
880 3899 1039 3967 incautius
1057 3902 1161 3983 subit,
1206 3947 1207 3950 =

203 4009 330 4054 versum
350 3990 453 4057 femur
473 3993 597 4079 tragula
617 3993 754 4079 graviter
780 3994 861 4060 ictus
888 3995 1015 4076 cecidit,
1043 4006 1145 4065 tanta
1163 4027 1185 4054 o
1204 4035 1210 4049 ·
