2528 4514
340 250 887 323 LIBERxxvln1,3.4.[a.c.205]
1065 243 1130 309 445

95 410 191 477 nodo
209 408 370 475 incuriose
387 407 554 496 agentibus
573 430 689 495 magna
707 409 811 475 clades
833 410 944 490 inlata3
967 413 1130 498 nuntiique

95 503 210 591 tepidi
235 502 463 590 Carthaginem
484 513 599 568 terrore
621 503 742 588 ingenti
767 504 967 590 conplevere,
994 506 1129 573 classem

95 598 277 667 domanam
301 595 544 683 Scipionemque
566 597 787 682 imperatorem
803 606 879 663 -et
904 598 990 664 sama
1016 600 1128 679 fuerat,

95 716 154 759 nm
172 693 212 757 in
227 690 370 760 Siciliam
384 692 834 778 transgressum-advenisse.
870 715 929 759 nec
941 705 1018 778 quot
1030 718 1128 762 naves
1147 718 1161 766 s

95 786 253 853 ridirssent
270 807 329 851 nec
347 795 464 870 quanta
481 808 593 851 manus
612 807 705 872 agros
718 786 930 873 popularetur,
950 789 1026 854 satis
1038 791 1128 876 gnari

95 881 202 947 »mnia
218 881 255 945 in
272 880 373 946 maius
391 889 629 966 metuaugente
652 879 856 965 accipiebant
900 882 1006 966 itaque
1027 885 1129 969 primo

96 998 196 1043 error
217 996 394 1063 pavorque,
422 975 495 1041 dein
517 974 673 1040 maestitia
695 975 816 1041 animos
837 976 980 1041 incessit:
1008 987 1129 1043 tantum
1149 1001 1181 1049 10

95 1070 259 1139 'ommam
275 1079 429 1148 mutasse,
448 1079 483 1135 nt
500 1069 555 1153 qui
571 1069 666 1135 modo
683 1069 745 1154 ipsi
763 1071 934 1136 exercitum
953 1080 1025 1136 ante
1042 1095 1130 1138 moe-

95 1166 144 1233 sia
171 1165 324 1231 Romana
348 1164 534 1231 habuissent
558 1165 694 1230 victores
721 1165 889 1250 stratisque
915 1175 960 1233 tot
988 1165 1128 1231 hostium

95 1259 287 1327 exercitibus
309 1259 412 1325 omnis
429 1258 539 1324 Italiae
560 1259 695 1345 populos
718 1269 772 1323 aut
792 1260 825 1324 vi
846 1269 901 1324 aut
918 1259 1078 1325 voluntate
1094 1262 1128 1325 in

95 1354 289 1423 {editionem
306 1354 515 1439 accepissent,
534 1354 558 1421 ii
575 1375 667 1419 verso
683 1352 788 1418 Marte
806 1351 936 1420 Africae
952 1355 1128 1441 populatio·
1147 1380 1177 1426 11

95 1470 151 1517 nes
174 1458 207 1515 et
228 1447 427 1514 obsidionem
446 1445 647 1534 Carthaginis
670 1448 768 1513 visuri
789 1448 906 1526 forent,
928 1471 1127 1534 nequaquam

95 1544 163 1629 peri
180 1544 223 1611 ad
241 1543 390 1629 patienda
407 1564 445 1608 ea
460 1542 572 1608 robore
590 1564 628 1609 ac
644 1542 781 1609 Romani
798 1543 942 1609 fuissent.
981 1544 1043 1610 illis
1061 1544 1128 1609 Ro-
1147 1569 1177 1616 12

95 1660 222 1707 :ranam
235 1639 375 1725 plebem,
394 1639 456 1705 illis
468 1640 600 1705 Latium
617 1641 810 1705 iuventutem
828 1640 1012 1727 praebuisse
1030 1644 1129 1709 maio-

95 1756 164 1801 rem
191 1756 315 1820 semper
341 1734 646 1820 frequentioremque
667 1757 724 1820 pro
746 1744 793 1801 tot
814 1736 915 1802 caesis
938 1736 1127 1803 exercitibus

95 1828 365 1908 subolescentem3
391 1852 482 1895 suam
503 1829 628 1915 plebem
649 1828 797 1895 inbellem
814 1830 848 1895 in
865 1828 958 1909 urbe,
979 1830 1127 1897 inbellem
1147 1851 1178 1898 13

95 1918 137 1987 'un
156 1924 236 2010 agris
258 1945 345 2003 esse;
371 1924 514 1990 mercede
536 1924 640 2009 parari
657 1924 774 1990 auxilia
791 1948 831 1990 ex
846 1925 953 2005 Afris,
975 1936 1069 2013 gente
1087 1927 1129 1992 ad

95 2038 223 2083 omnem
240 2041 350 2084 auram
369 2018 437 2104 spei
458 2018 566 2084 mobili
588 2029 682 2105 atque
704 2019 810 2085 infida.
854 2021 918 2086 iam
939 2043 1048 2109 regem
1066 2019 1129 2108 Sy·
1147 2040 1179 2086 14

95 2110 229 2197 phocam
250 2122 324 2199 post
347 2113 547 2198 conloquium
564 2136 637 2180 cum
656 2112 804 2201 Scipione
822 2115 1004 2194 alienatum,
1027 2116 1128 2181 Masi·

95 2207 217 2273 nissam
246 2218 355 2293 aperta
385 2208 560 2274 delectione
590 2209 829 2275 infestissimum
865 2207 997 2275 hostem.
1050 2210 1127 2274 nihil
1146 2229 1178 2276 15

95 2318 233 2387 usquam
250 2302 332 2389 spei,
350 2302 429 2368 nihil
446 2303 555 2369 auxilii
572 2326 652 2369 esse.
695 2325 755 2368 nce
772 2303 945 2389 Magonem
963 2326 1002 2368 ex
1022 2299 1127 2367 Gallia

95 2412 223 2465 movere
249 2399 401 2464 tumultus
429 2399 597 2482 quicquam
619 2421 678 2463 nec
699 2399 888 2485 coniungere
910 2419 980 2463 sese
1001 2395 1127 2461 Hanni-

95 2484 175 2570 hti,
209 2502 244 2558 et
268 2491 482 2559 Hannibalem
512 2494 618 2578 ipsum
647 2494 711 2558 iam
738 2504 768 2558 et
795 2492 880 2558 fama
906 2513 1067 2557 senescere
1094 2500 1127 2555 et

95 2583 228 2653 viribus.

161 2680 241 2747 1111.
284 2681 324 2748 In
349 2681 428 2747 haec
454 2681 598 2747 deflenda
623 2682 787 2768 prolapsos
814 2680 854 2747 ab
877 2680 994 2747 recenti
1015 2681 1158 2746 nuntior

103 2774 217 2843 animos
239 2800 350 2843 nuans
373 2785 471 2842 terror
492 2777 613 2841 instans
636 2777 796 2842 revocavit
817 2777 859 2842 ad
876 2776 1125 2853 consultandum,

102 2890 234 2953 quonam
255 2871 350 2937 modo
373 2871 499 2937 obviam
519 2869 738 2957 praesentibus
760 2870 908 2956 periculis
929 2871 1036 2937 iretur.
1080 2870 1128 2935 di·
1145 2891 1160 2938 a

103 2962 195 3033 lectus
212 2967 328 3053 raptim
344 2967 378 3031 in
400 2966 477 3032 urbe
499 2966 646 3054 agrisque
667 2965 777 3032 haberi
798 2967 915 3053 placet,
943 2968 1065 3032 mittere
1087 2967 1128 3030 ad

107 3061 303 3127 conducenda
319 3060 472 3129 Afrorum
495 3061 625 3140 auxilia,
648 3062 770 3127 munire
788 3061 912 3139 urbem,
935 3061 1128 3126 frumentum

107 3155 288 3235 convehere,
310 3156 386 3235 tela,
409 3179 496 3222 arma
513 3145 637 3242 parare,
660 3156 813 3222 instruere
830 3177 928 3221 naves
946 3177 984 3220 ac
1005 3154 1126 3218 mittere

107 3248 143 3315 sd
164 3250 350 3338 Hipponem
379 3253 533 3318 adversus
558 3252 737 3318 Romanam
763 3252 906 3317 classem.
959 3250 1021 3314 iam
1048 3248 1160 3314 haece

104 3345 264 3431 egentibus
280 3346 409 3412 nuntius
428 3347 555 3413 tandem
572 3346 658 3413 venit
675 3346 835 3424 Laelium,
854 3366 918 3410 non
934 3339 1125 3429 Scipionem,
1148 3352 1160 3367 ‘

103 3440 282 3526 copiasque,
319 3453 453 3526 quantae
484 3443 525 3508 ad
554 3442 748 3507 incursiones
776 3462 923 3527 agrorum
950 3438 1026 3503 sotis
1054 3438 1125 3516 sint,

103 3540 307 3603 ransvsetasz
334 3558 476 3603 summae
497 3537 573 3603 belli
594 3537 709 3603 molem
731 3536 835 3601 adhuc
855 3536 888 3600 in
911 3532 1020 3600 Sicilia
1045 3554 1125 3599 esse.

101 3626 143 3693 its
154 3631 359 3717 respiratum,
377 3632 520 3717 mittique
538 3633 579 3697 ad
598 3630 777 3717 Syphacem
795 3630 967 3717 legationes
985 3627 1126 3711 aliosque
1144 3645 1161 3691 4

98 3725 222 3813 regulos
239 3725 413 3795 firmandae
431 3728 588 3794 societatis
607 3749 703 3793 causa
720 3737 858 3812 coeptae.
889 3725 930 3790 ad
942 3723 1127 3808 Philippum

96 3838 221 3903 quoqne
243 3820 349 3898 missi,
375 3822 431 3906 qui
452 3822 587 3888 ducenta
608 3821 730 3908 argenti
756 3821 872 3886 talenta
897 3818 1124 3904 pollicerentur,

95 3922 130 3979 ut
144 3912 179 3979 in
196 3912 342 3981 Siciliam
359 3927 414 3981 aut
430 3916 463 3983 in
480 3916 605 3983 Italiam
627 3917 779 3982 traiceret.
823 3915 913 3980 missi
935 3924 966 3978 et
987 3912 1028 3978 ad
1051 3931 1160 3979 sucat

95 4005 298 4095 imperatores
316 4011 351 4076 in
367 4010 505 4093 ltaliam,
525 4022 559 4078 ut
577 4013 662 4078 omni
681 4022 795 4078 terrore
814 4008 995 4096 Scipionem
1013 4008 1127 4074 retinc-
