2528 4514
215 221 257 288 38
456 230 574 286 uranu
590 228 678 298 xxr,
696 229 739 284 45.
753 229 797 284 46.
817 229 1003 299 [anema]

214 392 294 459 nihil
311 410 462 474 umquam
480 387 556 452 satis
575 386 694 451 dictum
710 385 1003 472 praemonitumque
1021 385 1064 452 ad
1081 387 1201 454 cohorti

215 487 274 552 dos
305 483 421 549 milites
446 492 547 560 ratus,
580 481 700 546 vocatis
727 480 768 546 ad
794 479 971 545 contionem
997 490 1084 546 certa
1109 503 1201 569 praen

180 604 197 651 5
213 578 409 666 pronuntiat,
436 575 469 640 in
487 597 621 659 quorum
638 596 728 660 spem
745 582 936 661 pugnarent:
963 597 1077 662 agium
1101 598 1171 642 sese
1192 578 1201 642 ἑ

214 685 321 739 turum
338 693 409 737 esse
425 670 460 735 in
476 669 583 749 Italia,
600 667 728 747 Africa,
746 669 918 755 Hispania,
935 669 991 736 ubi
1008 671 1146 758 quisque
1163 673 1201 738 ve

213 767 375 832 inmunem
400 764 463 849 ipsi
488 763 543 848 qui
573 765 746 849 accepisset
776 763 960 849 liberisque3
994 766 1051 850 qui
1081 767 1201 852 pecuni

181 885 197 932 6
214 884 312 947 quam
329 881 442 948 agrum
458 857 634 935 maluisset,
657 859 688 923 ei
705 881 740 924 se
762 867 893 945 argento
914 858 1153 925 satisfacturum
1159 886 1169 940 3
1193 883 1201 925 t

214 955 373 1021 sociorum
398 953 483 1018 cives
507 951 785 1040 Carthaginienses
810 951 879 1017 fieri
899 952 1031 1031 vellent,
1058 964 1201 1040 potestat

214 1049 387 1126 facturum3
409 1047 464 1131 qui
481 1047 592 1112 domos
609 1046 710 1111 redire
728 1046 870 1124 mallent,
889 1047 1037 1112 daturum
1055 1070 1092 1114 se
1110 1070 1201 1135 opera

214 1166 256 1209 ne
286 1143 376 1208 cuius
403 1164 532 1207 suorum
558 1139 756 1227 popularium
780 1150 934 1206 mutatam
956 1163 1066 1208 secum
1087 1142 1201 1209 fortun

182 1262 197 1308 t
215 1259 286 1303 esse
298 1236 424 1302 vellent.
456 1235 556 1300 servis
573 1256 700 1319 quoque
717 1235 861 1301 dominos
870 1235 1054 1321 prosecutis
1070 1236 1201 1302 liberae

214 1331 375 1418 proponit,
392 1328 529 1413 binaque
541 1351 598 1415 pro
610 1328 662 1393 his
675 1329 832 1415 mancipia
844 1328 979 1394 dominis
993 1352 1028 1395 se
1040 1330 1201 1396 redditura

180 1449 197 1496 a
214 1446 315 1510 eaque
331 1432 368 1489 ut
388 1433 457 1488 rata
479 1423 595 1489 scirent
615 1422 699 1501 fore,
725 1445 844 1510 agnum
864 1422 956 1488 laeva
977 1447 1089 1503 manu,
1118 1425 1201 1490 dext

214 1520 335 1586 silicem
360 1517 515 1596 retinens,
542 1517 571 1583 si
592 1516 727 1595 falleret,
754 1517 865 1582 Iovem
891 1527 1076 1603 ceterosque
1100 1528 1201 1605 precat

214 1613 306 1692 deos,
336 1613 382 1678 ita
406 1635 442 1678 se
466 1620 653 1689 mactarent,
685 1633 780 1695 quem
805 1610 848 1677 ad
872 1612 1002 1681 modum
1027 1613 1099 1698 ipae
1129 1636 1201 1700 agni

213 1716 398 1785 mactasset,
417 1704 477 1792 (et)
491 1706 665 1772 secundum
676 1705 888 1792 precationem
906 1715 1001 1791 caput
1016 1707 1151 1792 pecudis
1169 1731 1201 1774 sa

181 1801 306 1874 oelisit.
342 1810 411 1865 tum
435 1821 511 1864 vero
537 1821 661 1878 omnes,
691 1798 779 1864 velut
803 1799 864 1865 (liis
890 1799 1071 1866 auctoribus
1097 1801 1132 1866 iu
1158 1824 1201 1888 sp

200 1960 204 1966 ,
215 1917 307 1960 suam
324 1893 459 1978 quisque
476 1894 628 1978 acceptis,
646 1893 681 1958 id
697 1914 804 1958 morae
817 1893 903 1977 quod
914 1893 1055 1959 nondum
1067 1916 1201 1982 pugnare

214 1987 257 2054 ad
268 1987 417 2073 potienda
430 1996 556 2072 sperata
571 1987 644 2064 rati,
662 1986 815 2072 proelium
832 2008 898 2052 uno
914 1986 1019 2053 animo
1037 1996 1070 2052 et
1087 2011 1167 2055 voce
1182 2013 1201 2054 u

273 2091 358 2147 cunt.

180 2103 485 2247 1POSXXXXVI.
528 2174 619 2260 Aput
635 2175 797 2240 Romanos
818 2175 1056 2260 hautquaquam
1078 2177 1201 2242 tantaa

213 2268 308 2335 critas
330 2278 411 2348 erat,
438 2291 534 2356 super
555 2280 660 2335 cetera
680 2268 858 2335 recentibus
881 2270 977 2334 etiam
998 2270 1126 2336 territos
1143 2295 1201 2358 pro

179 2389 195 2436 a
212 2363 290 2450 giis.
308 2387 382 2429 nam
396 2373 428 2429 et
439 2357 534 2450 lupus
547 2364 716 2429 intraverat
729 2371 833 2428 metra
848 2362 1037 2449 laniatisque
1053 2364 1160 2431 obviis
1177 2367 1201 2452 ip

211 2457 348 2524 intactus
371 2469 528 2535 evaserat,
555 2467 587 2523 et
612 2479 746 2522 examen
770 2479 867 2542 apum
891 2457 926 2521 in
951 2457 1062 2525 arbore
1091 2470 1201 2546 praeto:

211 2552 395 2619 imminente
412 2553 607 2619 consederat.

178 2668 194 2715 a
278 2645 404 2728 Quibus
425 2648 600 2732 procuratis
619 2643 727 2731 Scipio
750 2668 823 2711 cum
844 2644 985 2730 equitatu
1005 2646 1201 2714 iaculatoribi

211 2761 274 2824 que
296 2740 451 2825 expeditis
472 2741 632 2826 profectus
655 2741 696 2805 ad
719 2749 822 2807 castra
843 2740 983 2806 hostium
1004 2762 1046 2805 ex
1067 2745 1201 2828 propinq

212 2832 397 2919 copiasque,
419 2846 555 2918 quantae
577 2844 608 2900 et
630 2835 720 2901 cuius
737 2835 862 2922 genum
881 2844 1000 2913 essent,
1024 2837 1201 2922 speculanti

211 2925 325 2994 obvius
347 2928 385 2993 fit
400 2927 575 2995 Hannibali
596 2940 627 2995 et
647 2918 710 3016 ipsi
726 2952 800 2995 cum
816 2929 974 3014 equitibus
993 2929 1035 2996 ad
1051 2931 1201 3017 exploran

178 3045 196 3092 4
212 3022 296 3089 circa
311 3024 383 3092 loca
397 3046 576 3112 progresso.
602 3026 705 3090 neutri
718 3025 832 3091 alteros
844 3025 947 3110 primo
964 3024 1153 3106 cernebant,
1171 3027 1201 3093 dt

212 3120 276 3187 sior
292 3120 406 3186 deiude
422 3120 549 3187 incessu
566 3132 611 3187 tot
633 3122 811 3199 hominum,
838 3143 991 3205 equorum
1013 3121 1120 3188 oriens
1141 3122 1201 3208 pul*

211 3215 338 3303 signum
355 3215 631 3302 propinquantium
648 3215 786 3282 hostium
804 3214 874 3280 fuit
914 3214 1058 3280 consistit
1075 3226 1201 3302 utrumq

177 3326 327 3395 sagmen
347 3319 380 3375 et
400 3310 442 3375 ad
462 3309 617 3396 proelium
639 3333 710 3376 sese
731 3309 951 3395 expediebant.
996 3306 1107 3395 Scipio
1128 3310 1201 3376 iacti

209 3412 294 3469 tores
309 3411 341 3467 et
349 3398 460 3470 Gallos
474 3404 595 3488 equites
608 3405 642 3468 in
655 3403 758 3470 fronte
775 3403 872 3482 locat,
890 3403 1054 3469 Romanos
1072 3405 1201 3471 sociorui

209 3518 272 3581 que
301 3496 388 3581 quod
417 3496 538 3564 roboris
568 3497 629 3563 fuit
658 3499 692 3563 in
717 3497 866 3564 subsidiis
872 3522 882 3576 3
912 3497 1078 3581 Hannibal
1104 3498 1201 3565 frenat

177 3592 332 3676 tequites
353 3592 386 3656 iu
408 3592 546 3657 medium
568 3592 696 3678 accipit,
722 3615 840 3658 cornua
855 3591 1002 3658 Numidis
1019 3592 1135 3659 firmat.
1174 3592 1201 3658 vi

210 3684 288 3751 (lum
309 3685 446 3754 clamore
468 3686 594 3753 sublato
614 3685 801 3753 iaculatores
823 3686 975 3775 fugerunt
989 3687 1073 3755 iuter
1089 3687 1201 3755 subsid

209 3777 254 3843 ael
269 3780 441 3847 mundam
458 3781 558 3847 aciem
575 3780 648 3845 inde
665 3781 807 3865 equitum
824 3792 983 3848 certamen
1000 3791 1068 3848 erat
1090 3783 1201 3869 aliquai

209 3869 404 3963 ffiuauoeps.
430 3876 518 3955 dein,
535 3874 612 3960 quia
622 3874 790 3942 turbabant
803 3900 901 3963 equos
918 3878 1042 3964 pedites
1057 3876 1201 3944 intermia

94 3998 121 4252 Ι
158 4064 163 4069 ¹
208 3962 318 4035 ml&
328 3965 508 4039 hbmtibus
520 3991 562 4036 ex
574 3969 664 4056 equis
676 3979 732 4036 aut
744 3971 960 4039 desilientibus
972 3971 1030 4038 ubi
1046 3995 1124 4040 suos
1141 3995 1201 4060 pre]
