2528 4514
152 219 218 287 234
418 231 537 287 LIBER
553 230 653 301 XXV,
671 231 712 286 16.
733 230 925 303 [anem]

145 390 258 459 cebilis
276 388 345 456 fore
362 387 539 468 Romanos,
557 387 676 453 nullam
693 410 844 473 umquam
864 399 994 477 gentem
1009 413 1052 456 ma

148 483 299 551 crabilem
315 481 602 571 promptioremque
620 481 730 548 veniae
748 482 872 548 dandae
894 482 1004 550 finisse.
1035 506 1052 569 q

97 602 130 651 ra
147 576 311 645 rebellioni
337 576 432 643 etiam
457 577 611 642 maiorum
633 598 761 642 suorum
783 577 942 665 ignotuml
986 579 1052 643 hae(

149 673 196 739 sic
216 672 311 738 dicta.
356 680 493 737 ceterum
517 670 557 737 ab
578 672 649 757 ipso
673 667 820 737 Graccho
842 672 955 737 eadem
976 672 1051 738 haec

148 765 242 833 malle
268 786 324 832 eos
349 765 587 852 praesentisque
612 765 794 852 contingere
820 765 979 845 dextram,
1009 766 1042 831 id

97 881 131 931 14
147 860 223 927 fidei
240 881 349 926 secum
366 859 457 925 ferre.
501 860 608 926 locum
630 881 664 925 se
683 859 817 926 consciis
839 859 996 926 dixisses
1014 882 1052 926 co:

148 963 288 1021 amotum
305 953 392 1021 haud
412 953 523 1040 procul
544 953 655 1020 eastris
673 952 835 1019 Romanis.
880 953 925 1020 ibi
946 953 1052 1041 paucis

117 1114 120 1119 .
148 1049 280 1136 transigi
299 1071 367 1115 rem
388 1070 498 1135 posse,
525 1057 560 1113 ut
581 1070 674 1115 omne
692 1070 809 1114 nomen
824 1047 996 1115 Lucanum
1013 1048 1045 1113 in

98 1165 130 1213 15
149 1144 298 1211 societate
315 1142 460 1211 Romana
487 1142 537 1208 sit.
582 1139 748 1209 Gracchus
772 1142 918 1208 fraudem
941 1153 973 1210 et
995 1166 1052 1210 sen

117 1274 119 1279 v
147 1239 194 1305 rei
211 1237 323 1304 abesse
339 1247 426 1303 ratus
444 1259 484 1302 ao
500 1235 702 1302 similitudine
720 1236 787 1301 veri
805 1246 915 1322 captus
930 1259 1005 1302 cum
1021 1238 1052 1303 li<

148 1354 187 1399 ac
203 1341 308 1398 turma
324 1330 465 1416 equitum
483 1353 500 1396 e
518 1331 629 1413 castris
651 1330 812 1417 profectus
833 1332 914 1397 duce
937 1332 1052 1418 hospite

97 1450 129 1498 16
149 1426 247 1492 sidias
272 1425 504 1512 praecipitatur.
547 1424 657 1491 hostes
679 1424 784 1491 subito
810 1425 925 1505 exorti,
954 1436 1001 1505 et,
1027 1450 1052 1491 nt

115 1547 119 1557 ·
148 1520 284 1607 proditio
311 1530 408 1598 esset,
435 1519 555 1587 Flavus
581 1519 620 1584 iis
648 1541 682 1584 se
709 1520 861 1608 adiungit
906 1520 970 1586 tela
993 1522 1052 1586 und

97 1638 129 1686 1⁷
150 1613 331 1682 Gracchum
349 1624 443 1699 atque
466 1614 587 1698 equites
611 1613 815 1679 coniciuntur.
862 1611 1027 1681 Gracchus
1044 1638 1052 1680 ε

148 1709 266 1787 desilit,
293 1708 378 1774 idem
400 1717 521 1773 ceteros
543 1706 652 1773 facere
668 1707 757 1774 iubet
777 1708 997 1794 hortaturque,
1023 1719 1052 1774 ut

148 1824 247 1867 unum
272 1801 431 1885 reliquum
454 1800 581 1866 fortuna
605 1800 733 1881 fecerit,
769 1800 803 1867 id
829 1802 1032 1870 cohonestent

98 1919 130 1968 13
147 1895 300 1960 relicuum
326 1903 432 1960 autem
458 1894 535 1978 quid
561 1916 632 1960 esse
653 1895 763 1982 paucis
785 1920 805 1961 a
826 1897 1025 1963 multitudine
1043 1897 1052 1961 i

149 1988 229 2055 silva
255 2008 293 2053 ac
318 1987 477 2054 montibus
505 1998 613 2075 saepta
639 1990 858 2058 circumventis
884 2001 1009 2078 praeter
1032 2013 1052 2055 n

97 2106 129 2156 19
147 2083 181 2149 id
198 2082 329 2161 referre,
348 2092 454 2148 utrum
470 2082 656 2170 praebentes
674 2105 806 2170 corpora
821 2107 974 2171 pecorum
986 2085 1052 2152 mod

113 2210 116 2217 ¹
148 2179 341 2245 trucidentur
366 2202 407 2244 an
433 2179 490 2244 toti
512 2179 699 2264 spatiendo
725 2182 985 2266 expectandoque
1010 2200 1052 2248 ert

147 2275 301 2361 impetum
319 2283 413 2358 atque
430 2273 510 2339 iram
527 2275 624 2352 versi,
653 2284 783 2362 agentes
806 2276 1031 2361 audentesque,
1047 2292 1052 2359 1

147 2368 286 2436 hostium
309 2390 431 2446 cruore,
459 2369 541 2433 inter
563 2368 788 2455 exspirantium
810 2369 1007 2436 inimicorum
1023 2388 1052 2434 cu

77 2483 129 2543 ¹20
147 2484 296 2547 armaque
327 2471 358 2528 et
389 2483 519 2547 corpora
550 2463 672 2527 cadant.
724 2463 892 2528 Lucanum
923 2465 1052 2550 proditor

108 2584 115 2623 ·.
146 2558 345 2644 transfugam
363 2578 472 2621 omnes
490 2565 646 2642 peterent;
665 2556 720 2640 qui
738 2568 810 2621 eam'
825 2556 985 2623 victimam
1001 2576 1052 2643 pru

146 2650 264 2716 inferos
283 2649 434 2727 misisset,
455 2672 527 2715 eum
545 2651 641 2716 decus
660 2650 822 2729 eximium,
848 2653 1010 2740 egregium
1024 2670 1051 2714 so

95 2763 128 2812 21
148 2766 224 2808 suae
250 2743 343 2808 morti
368 2744 578 2809 inventurum.
631 2745 713 2811 inter
737 2744 816 2810 haec
845 2744 931 2811 diota
959 2741 1052 2832 paludi

148 2838 231 2902 circa
256 2835 381 2901 laevum
407 2837 570 2904 brachium
595 2838 754 2904 intorto-
770 2861 843 2903 nam
870 2861 911 2904 ne
940 2849 1052 2917 scutat

96 2951 128 2999 22
149 2951 256 2994 secum
275 2930 450 2996 extulerant
466 2969 493 2980 -
509 2933 542 2997 in
560 2933 659 2998 hostis
677 2934 830 3018 impetum
847 2931 932 2999 fecit.
968 2932 1052 2997 maior

146 3045 204 3109 pro
221 3046 351 3090 numero
369 3023 531 3091 hominum
545 3027 647 3091 editur
657 3049 779 3113 pugna:
797 3026 908 3092 iaculis
924 3026 1049 3092 maxime

147 3139 278 3204 corpora
295 3117 523 3197 Romanorum,
551 3129 677 3187 etcum
698 3120 836 3204 undique
859 3142 900 3185 ex
922 3119 1052 3186 altioribu

95 3233 128 3282 23
146 3212 180 3276 in
197 3233 308 3278 cavam
325 3212 439 3277 vallem
458 3212 596 3280 coiectus
614 3224 707 3292 esset,
727 3213 962 3300 transfigtmtur.
1000 3210 1052 3279 Gra

87 3332 92 3341 ²
144 3307 209 3370 iam
227 3306 380 3371 nudatum
397 3306 554 3392 praesidio
572 3308 679 3374 vivum
698 3331 808 3394 capere
826 3308 929 3374 Poeni
947 3309 1052 3374 nituntt

146 3410 249 3466 terum
271 3402 469 3487 conspicatus
487 3401 656 3468 Lucanum
678 3402 835 3488 hospitem
855 3403 938 3470 inter
959 3401 1050 3470 hostis

145 3493 280 3560 infestus
299 3496 456 3562 confertos
474 3496 603 3574 invasit,
630 3506 665 3561 ut
681 3497 769 3584 parci
786 3497 815 3562 ei
833 3497 902 3562 sine
924 3498 1052 3563 multem

94 3608 129 3656 24
146 3588 227 3654 nicie
253 3611 317 3657 uon
342 3600 459 3677 posset.
514 3591 690 3656 exanimem
722 3614 794 3656 eum
819 3589 921 3678 Mago
951 3601 1052 3674 extent

88 3708 93 3715 ·
145 3683 360 3750 Hannibalem
378 3685 464 3750 misit
480 3685 616 3772 ponique
634 3708 707 3752 cum
725 3685 823 3772 captis
842 3685 937 3752 simul
954 3684 1052 3754 fascib¹

94 3796 128 3845 25
146 3778 283 3844 tribunal
316 3778 511 3867 imperatoris
546 3780 647 3847 iussit.
702 3777 769 3868 [si]
796 3781 875 3847 haec
906 3802 982 3848 vera
1011 3779 1052 3847 fu

148 3868 312 3979 Gracchus
338 3873 371 3938 in
388 3874 530 3941 Lucanis
553 3873 594 3940 sd
619 3896 762 3961 campos,
788 3873 844 3960 qui
869 3884 993 3944 veteres
1017 3895 1052 3942 vo

81 3994 87 4009 ι
146 3965 246 4048 penit.
