2528 4514
217 241 282 308 288
450 252 567 307 nnana
584 251 697 322 xxvr,
716 252 758 307 ao.
773 251 815 305 21.
835 254 913 318 [au.
926 250 1028 321 aaa]

216 411 319 498 pionis
337 418 404 476 erat
421 430 516 493 quam
534 410 618 494 apud
637 409 714 474 civis
734 408 910 493 sociosque,
939 419 971 474 et
989 409 1138 476 divinatio
1152 432 1221 494 qnae
1257 450 1262 491 ÷

218 508 291 572 dam
309 504 421 581 futuri,
449 526 511 587 quo
533 504 636 568 minus
658 503 737 567 ratio
760 503 880 569 timoris
902 504 995 568 reddi
1011 513 1133 590 poterat
1148 504 1221 571 obort'
1257 564 1260 569 .

187 613 349 677 atemere,
367 599 518 664 maiorem
536 598 674 663 inserens
692 607 820 663 metum.
857 597 1038 665 inhibema
1050 599 1222 665 diversien
1255 658 1260 677 Ι

218 703 390 772 cesserant,
412 693 597 758 Hasdrubal
616 691 768 780 Gisgonis
785 700 886 777 usque
904 694 947 758 ad
964 715 1123 759 coeam
1137 702 1166 760 et
1177 691 1221 761 Ge
1258 690 1262 700 '

218 790 281 867 dis,
304 787 405 875 Mago
422 789 456 852 in
473 788 699 852 mediterranea
717 788 854 853 maxime
872 810 969 873 supra
988 787 1222 855 Castulonensem

220 883 352 960 saltum,
387 880 572 947 Hasdrubal
598 880 789 947 Hamilcaris
820 881 903 947 filius
933 882 1105 967 proximus
1132 881 1222 947 Hibero
1254 882 1256 888 ’

219 978 302 1041 circa
321 974 499 1062 Saguntum
517 975 702 1040 hibernavit.
1258 978 1262 986 '

185 1095 199 1140 7
282 1069 424 1135 Aestatis
442 1071 510 1134 eius
529 1079 683 1147 extremo,
701 1092 766 1154 qua
783 1080 875 1154 capta
892 1079 940 1135 est
959 1068 1081 1155 Capua
1098 1080 1129 1135 et
1143 1067 1221 1155 Scipio

216 1167 250 1231 in
267 1164 458 1250 Hispaniam
479 1165 578 1242 venit,
605 1164 728 1229 Punica
749 1165 862 1230 classis
882 1187 923 1229 ex
945 1162 1064 1231 Sicilia
1085 1164 1222 1231 Tarentum

218 1259 317 1323 accita
334 1259 376 1323 ad
393 1258 544 1322 arcendos
563 1267 756 1322 commeatus
774 1249 923 1344 praesidii
939 1257 1097 1337 Romani,
1120 1256 1222 1343 quadiu

180 1370 198 1417 8
219 1375 289 1420 aree
308 1348 479 1417 Tarentina
496 1361 576 1429 erat,
604 1352 758 1418 clauserat
779 1353 907 1436 quidem
928 1353 1035 1418 omnis
1055 1354 1099 1419 ad
1115 1372 1222 1419 aremus

217 1447 296 1512 mari
314 1447 432 1524 aditus,
460 1446 517 1511 sed
534 1446 706 1511 adsidendo
724 1446 841 1511 diutius
859 1446 1010 1511 artiorem
1026 1466 1221 1513 annonantu-

181 1563 197 1609 9
218 1541 275 1606 ciis
297 1562 393 1624 quam
414 1538 559 1605 hostibus
580 1539 726 1605 faciebat.
771 1562 836 1604 non
861 1541 945 1604 enim
972 1550 1100 1606 tantum
1121 1536 1220 1606 subreh'

217 1634 382 1720 oppidanis
408 1656 466 1718 per
491 1643 603 1718 pacata
627 1633 719 1699 litora
744 1644 930 1719 apertosque
956 1644 1073 1719 portus
1098 1630 1219 1721 praeci&

217 1731 345 1794 navium
353 1727 546 1792 Punicarum
563 1736 694 1813 poterat,
713 1739 864 1811 quantum
882 1726 1037 1793 frumenti
1054 1729 1159 1795 classis
1170 1727 1218 1813 ip!

218 1821 309 1886 turba
326 1821 431 1885 navali
448 1821 546 1886 mixta
568 1844 608 1885 ex
629 1821 714 1886 omni
736 1843 850 1907 genere
869 1821 1036 1887 hominum
1055 1818 1216 1895 adsnmebd,

168 1937 200 1985 ro
218 1925 253 1979 nt
270 1915 350 1980 arcis
368 1915 558 2000 praesidium
576 1917 670 1981 etiam
693 1917 760 1982 sine
777 1917 914 1993 invecto,
941 1917 1019 2000 quia
1042 1918 1134 2003 pauci
1147 1920 1213 1987 Μ,
1257 1980 1262 1989 .

217 2031 257 2073 ex
274 2020 346 2073 ante
363 2019 547 2094 praeparato
567 2011 734 2075 sustentari
749 2021 870 2096 posset,
894 2010 1080 2078 Tarentinis
1097 2009 1212 2092 οἰκηίῳ
1239 2052 1262 2109 k

167 2125 257 2173 11ne
282 2103 441 2168 invectum
466 2104 594 2187 quidem
621 2104 788 2170 sufficeret.
842 2106 969 2170 tandem
1002 2107 1122 2172 maiore
1142 2099 1245 2193 gns!

217 2220 312 2281 quam
330 2208 458 2263 venerat
476 2197 586 2263 classis
609 2199 741 2264 dimissa
763 2210 819 2264 est.
865 2222 990 2265 annona
1011 2201 1100 2266 haud
1115 2196 1205 2263 mnu

216 2293 388 2369 laxaverat,
416 2293 490 2375 quia
515 2303 635 2357 remoto
660 2293 816 2358 maritimo
841 2293 1001 2379 praesidio
1025 2291 1148 2361 subvehi
1165 2288 1202 2353 iu·
1231 2349 1262 2387 Ξ

215 2395 356 2453 mentum
373 2409 437 2450 non
453 2397 584 2472 poterat.

182 2503 196 2549 1
279 2481 380 2547 XXI.
425 2480 580 2549 Eiusdem
607 2482 734 2546 aestatis
762 2482 848 2547 exitu
869 2481 917 2547 M.
936 2481 1108 2549 Marcellus
1126 2473 1196 2546 eall·

215 2576 286 2640 cilia
311 2575 471 2660 provincia
497 2597 570 2640 cnm
596 2576 637 2639 ad
663 2575 772 2641 urbem
795 2577 945 2654 venisset,
973 2601 994 2642 a
1016 2576 1056 2642 C.
1076 2566 1194 2660 captui·
1226 2626 1262 2664 -5,

181 2689 196 2734 2
214 2678 357 2754 praetore
375 2679 502 2734 senatus
521 2669 550 2732 ei
568 2668 609 2733 ad
624 2670 734 2735 aedem
742 2669 892 2735 Bellonae
911 2670 1004 2736 datus
1025 2682 1082 2737 cst.
1111 2668 1192 2734 itinn
1234 2718 1262 2737 f

214 2764 253 2828 dc
279 2762 373 2828 rebus
400 2763 440 2828 ab
467 2786 509 2857 se⁴
528 2764 626 2848 gestis
653 2765 865 2843 disseruisset,
893 2775 1026 2848 questus
1053 2765 1147 2831 leniter
1257 2814 1262 2849 .:

215 2879 305 2920 suam
331 2857 433 2940 magis
460 2879 554 2940 quam
580 2857 714 2923 militum
739 2859 855 2936 vicem,
882 2859 969 2942 quod
989 2858 1138 2951 provincie
1151 2870 1191 2917 Μ·
1239 2906 1262 2927 ,-

214 2950 297 3014 fecta
323 2950 493 3015 exercitum
520 2952 683 3036 deportare
709 2975 774 3017 non
798 2953 952 3032 licuisset,
989 2950 1154 3040 postulavit,
1231 2998 1262 3037 a,

179 3065 195 3112 a
214 3044 415 3129 triumphanti
433 3043 544 3109 urbem
561 3046 638 3110 inire
656 3045 770 3112 liceret.
814 3047 848 3110 id
865 3069 929 3111 non
948 3047 1128 3133 impetravit
1151 3052 1191 3121 (2¹
1227 3092 1262 3133 ,Ξ

212 3138 318 3203 multis
337 3136 440 3203 verbis
459 3147 564 3203 actum
582 3151 678 3219 esset,
697 3151 801 3205 utrum
819 3140 923 3204 minus
942 3143 1127 3218 conveniret,
1165 3130 1171 3146 ⁵
1223 3140 1262 3231 “st

212 3233 337 3297 nomine
355 3230 494 3298 absentis
513 3232 553 3298 ob
568 3255 618 3298 res
636 3257 785 3320 prospere
803 3235 899 3298 ductu
917 3236 986 3301 eius
1003 3247 1107 3323 gestas
1117 3220 1190 3325 siml}
1235 3234 1262 3316 ,νζ

213 3327 293 3390 catio
311 3327 436 3390 decreta
454 3326 536 3392 foret
557 3338 589 3391 et
611 3328 660 3392 dis
682 3328 909 3394 immortalibus
927 3329 1056 3397 habitus
1073 3330 1163 3399 honos,

178 3441 195 3486 4
212 3420 368 3505 praesenti
386 3442 502 3506 negare
520 3419 728 3506 triumphum,
756 3447 797 3487 an
819 3445 913 3506 quem
931 3426 1056 3490 tradere
1072 3417 1190 3489 exercit!¹
1232 3442 1237 3451 ’

213 3515 387 3580 successori
404 3515 583 3592 iussissent,
603 3517 762 3599 quodnisi
776 3527 921 3584 manente
935 3519 969 3583 in
982 3517 1131 3605 provincia
1143 3502 1190 3577 heb
1236 3559 1262 3597 ,ς

211 3632 274 3674 non
293 3609 523 3686 decerneretur,
551 3631 623 3673 eum
646 3612 736 3693 qnasi
758 3611 913 3677 debellato
936 3613 1131 3699 triumphare,
1150 3614 1189 3667 ω
1218 3632 1262 3691 ,ζ

212 3702 366 3767 exercitus
394 3702 481 3766 testis
508 3703 610 3767 meriti
637 3714 730 3788 atque
756 3706 903 3771 immeriti
930 3707 1078 3794 triumphi
1101 3700 1188 3769 mat
1220 3760 1262 3787 ἡ,

178 3796 350 3860 omedium
368 3796 486 3873 visum,
505 3807 540 3860 ut
559 3820 656 3862 ovans
676 3798 786 3865 urbem
804 3801 904 3865 iniret.
949 3800 1065 3867 tribuni
1079 3792 1189 3884 plebiae
1254 3821 1262 3882 j

212 3890 393 3955 auctoritate
412 3899 537 3956 senatus
557 3892 598 3955 ad
614 3893 766 3977 populum
785 3894 936 3974 tulerunt,
959 3906 995 3960 ut
1010 3895 1058 3961 M.
1074 3878 1188 3958 ormena
1222 3934 1262 3976 Ψ,

178 4002 192 4048 o
212 4003 274 4064 quo
293 3983 342 4048 die
360 3983 470 4050 urbem
487 4007 584 4050 orans
599 3986 703 4067 iniret,
723 3989 889 4074 imperinm
903 4000 996 4056 esset.
1031 3985 1120 4076 pridie
1129 3988 1188 4063 qm!
1226 4024 1262 4069 ,ις
