2528 4514
141 247 207 313 476
349 253 469 311 LIBER
486 251 642 321 XXVHII,
661 250 755 305 3233.
775 250 853 320 [au.
866 267 890 306 c.
900 250 966 322 560]

141 415 295 499 missique
313 411 367 496 qui
382 409 610 496 Carthaginem
627 407 779 495 gaudium
792 406 908 495 ingens
923 410 1102 491 nuntiarent,
1114 422 1148 480 to

143 524 239 596 taque
248 509 361 573 Africa
378 507 465 571 fama
481 505 592 571 mortis
601 502 796 569 Masinissae
814 503 939 590 repleta
957 505 1042 571 varie
1055 508 1148 575 animos

144 604 271 672 adfecit.
607 618 614 631 '

92 724 124 771 11
207 697 384 763 Masinissa
401 696 433 760 in
453 692 744 782 spelunca'occulta
762 716 835 759 cum
849 694 959 762 herbis
974 707 1093 763 curaret
1102 696 1150 763 vul·

143 817 218 872 nus,
245 793 380 856 duorum
406 791 548 874 equitum
573 789 737 854 latrocinio
764 812 821 876 per
848 789 917 855 dies
946 790 1065 876 aliquot
1087 791 1149 857 sirit

93 908 124 957 12
143 888 198 952 ubi
215 887 353 973 primum
371 885 466 949 ducta
484 883 613 948 cicatrix
625 883 754 970 patique
771 906 869 970 posse
882 884 956 951 vise
967 885 1148 964 iactationeu,

145 980 277 1047 audacia
294 979 415 1066 ingenti
432 978 538 1065 pergit
554 978 600 1043 ire
618 978 658 1042 ad
680 1000 815 1065 regnum
832 979 1058 1066 repetendum
1082 991 1151 1065 aqna

144 1077 265 1164 inipso
287 1074 399 1139 itinere
422 1073 508 1138 haud
529 1073 601 1158 plus
625 1073 835 1161 quadraginta
855 1075 1019 1159 equitibus
1040 1076 1151 1143 collech

93 1194 125 1240 13
145 1195 217 1238 cum
234 1170 267 1234 in
285 1168 462 1235 Maesulios
485 1168 592 1254 palam
613 1167 678 1233 iam
700 1169 771 1252 quis
794 1180 880 1235 esset
902 1170 1012 1236 ferens
1031 1172 1151 1249 venisset,

144 1277 266 1331 tantum
288 1274 410 1329 motum
433 1283 504 1326 cum
526 1263 635 1328 favore
656 1263 804 1350 pristino,
835 1275 904 1328 tum
928 1266 1048 1352 gaudio
1071 1266 1153 1353 inspe-

143 1372 226 1439 rato,
254 1359 340 1444 quod
366 1380 461 1443 quem
486 1358 608 1444 perisse
636 1359 833 1424 crediderant
854 1359 1051 1427 incolumem
1071 1383 1152 1427 cerne

144 1457 234 1533 bant,
253 1453 342 1531 fecit,
361 1464 397 1517 ut
413 1453 495 1518 intra
511 1474 631 1540 paucos
650 1453 718 1520 dies
737 1476 794 1520 sex
811 1454 899 1519 milia
916 1455 1061 1542 peditum
1076 1478 1152 1521 arna·

94 1571 126 1618 14
146 1562 261 1628 torum,
281 1559 428 1634 quattuor
446 1548 586 1632 equitum
605 1549 646 1614 ad
663 1572 736 1614 eum
752 1551 959 1617 convenirent
975 1552 1097 1638 iamque
1106 1574 1152 1617 non

144 1646 177 1708 in
195 1643 397 1730 possessione
415 1643 510 1708 modo
527 1644 652 1731 paterni
668 1644 760 1731 regni
773 1655 873 1724 esset,
892 1646 1061 1712 sedetiam
1073 1647 1153 1714 socios

146 1737 457 1825 Carthaginiensium
482 1738 617 1826 populos
644 1738 980 1825 Masaesuliorumque
1006 1743 1083 1809 fines
1097 1740 1153 1807 -il

146 1833 304 1922 Syphacis
322 1858 456 1921 regnum
475 1845 734 1902 erat-vastaret.
769 1835 843 1902 inde
857 1837 988 1904 inritato
1004 1840 1045 1904 ad
1059 1838 1153 1906 bellum
1192 1832 1195 1879 ³

148 1927 311 2015 Syphace,
329 1929 410 1994 inter
429 1926 551 1994 Cirtam
563 1929 810 2018 Hipponemque
828 1931 862 1995 in
879 1931 966 2018 iugis
986 1946 1153 2021 opportuno

144 2045 216 2086 rum
234 2023 275 2087 ad
292 2022 398 2089 omnia
415 2024 570 2090 montium
588 2025 740 2090 consedit.

111 2138 124 2185 1
208 2116 383 2182 XXXIII.
427 2117 586 2184 Maiorem
610 2119 706 2206 igitur
732 2120 796 2184 iam
820 2142 888 2184 rem
918 2119 1055 2208 Syphax
1077 2132 1152 2195 ratur,

145 2234 238 2298 quam
257 2224 292 2277 ut
308 2236 366 2300 per
383 2214 560 2300 praefectos
580 2226 701 2300 ageret,
721 2236 793 2279 cum
809 2215 874 2280 filio
892 2216 1012 2281 iuvene
1025 2256 1051 2264 —
1063 2237 1153 2282 nomen

142 2307 314 2375 Verminae
336 2320 403 2373 erat
420 2319 552 2394 -parte
576 2309 730 2373 exercitus
753 2308 852 2374 missa
872 2309 1028 2396 imperat,
1062 2320 1094 2374 ut
1111 2308 1154 2372 cir·

143 2402 311 2467 cumducto
327 2402 452 2488 agmine
465 2403 498 2465 in
513 2425 547 2467 se
560 2402 715 2467 intentum
728 2403 852 2469 hostem
870 2405 912 2468 ab
931 2416 1025 2492 tergo
1039 2403 1153 2470 invadat

109 2517 124 2564 2
143 2508 234 2562 nocte
251 2497 412 2584 profectus
421 2496 588 2575 Vermina,
607 2497 715 2580 quiex
730 2497 852 2564 occulto
867 2499 1079 2587 adgressurus
1093 2508 1154 2572 erat

143 2588 277 2677 Syphax
295 2602 401 2656 autem
418 2590 554 2655 interdiu
573 2601 681 2677 aperto
699 2592 823 2670 itinere,
851 2604 888 2657 ut
907 2595 962 2678 qui
982 2594 1081 2683 signis
1098 2615 1154 2661 con

108 2685 213 2750 elatis
241 2685 308 2750 acie
336 2685 541 2751 dimicaturus
564 2697 663 2763 esset,
689 2687 789 2751 movit
811 2698 926 2752 castra.
972 2691 1032 2755 ubi
1052 2703 1153 2776 tempus

141 2779 246 2843 visum
268 2790 330 2855 est,
358 2802 420 2863 quo
442 2779 627 2865 pervenisse
649 2780 713 2844 iam
735 2781 944 2847 circummissi
968 2784 1071 2851 videri
1085 2794 1155 2872 pote-

140 2882 224 2948 rant,
252 2872 369 2958 etipse
387 2873 452 2937 leni
469 2873 550 2939 clivo
568 2874 689 2939 ferente
712 2876 752 2939 ad
770 2874 909 2954 hostem,
938 2899 1015 2943 cum
1036 2877 1155 2943 multitu·

141 2965 213 3030 dine
231 2965 346 3043 fretus,
365 2976 432 3031 tum
450 2968 645 3054 praeparatis
665 2970 704 3033 ab
723 2980 811 3056 tergo
829 2969 967 3050 insidiis,
987 2997 1046 3061 per
1064 2974 1155 3039 adrer-

105 3075 210 3126 4sum
237 3073 378 3127 montem
405 3074 542 3129 erectam
569 3064 669 3129 aciem
696 3064 790 3129 ducit.
833 3065 1018 3134 Masinissa
1039 3068 1154 3134 maxime

138 3156 199 3221 loci
217 3156 347 3235 fiducia,
367 3179 429 3242 quo
447 3158 546 3223 multo
565 3158 711 3242 aequiore
729 3170 929 3245 pugnaturus
948 3175 1035 3243 erat,
1058 3163 1156 3250 etipse

140 3250 254 3336 derigit
273 3273 357 3317 suos.
403 3263 493 3318 atrox
510 3252 665 3338 proelium
688 3264 720 3317 et
737 3253 791 3317 diu
814 3275 932 3341 anceps
951 3256 1030 3338 fuit,
1056 3259 1119 3324 loco
1133 3268 1156 3319 et

138 3344 252 3409 virtute
278 3346 413 3410 militum
438 3347 664 3425 Masinissam,
709 3347 928 3429 multitudine,
967 3374 1051 3436 quae
1075 3348 1156 3417 nimio

103 3453 118 3497 5
137 3439 237 3503 maior
255 3451 335 3517 erat,
357 3439 538 3528 Syphacem
555 3442 693 3507 iuvante.
721 3465 759 3507 ea
776 3443 946 3510 multitudo
968 3447 1082 3526 divisa,
1099 3466 1155 3511 cun
1193 3470 1195 3485 ¹

136 3555 210 3618 pars
234 3556 253 3596 a
274 3533 378 3599 fronte
400 3548 541 3622 urgeret,
569 3560 643 3623 pars
667 3538 707 3602 ab
730 3547 820 3625 tergo
844 3561 879 3603 se
902 3539 1155 3615 circumfudisset,

136 3626 300 3691 victoriam
327 3630 413 3693 haud
440 3631 568 3696 dubiam
591 3629 733 3717 Syphaci
760 3632 860 3711 dedit,
889 3645 922 3699 et
947 3659 991 3702 ne
1020 3636 1156 3723 effirgium

136 3720 263 3802 quidem
288 3724 419 3807 patebat
443 3725 518 3790 hinc
544 3749 563 3790 a
588 3726 706 3805 fronte,
739 3726 813 3792 hinc
840 3728 880 3792 ab
909 3739 1004 3818 tergo
1030 3728 1155 3796 inclusis,

101 3832 115 3878 6
135 3816 239 3900 itaque
258 3820 353 3884 ceteri
371 3821 494 3906 pedites
513 3823 697 3907 equitesque
715 3825 800 3889 oaesi
818 3837 874 3892 aut
892 3828 995 3914 capti;
1019 3830 1155 3894 ducentos

135 3910 234 3974 ferme
253 3914 373 3996 equites
392 3916 568 3982 Masinissa
589 3919 672 3983 circa
695 3943 729 3985 se
752 3921 964 4007 conglobatos
990 3924 1154 4006 divisosque

134 4004 292 4069 turmatim
311 4007 344 4071 iu
362 4009 417 4074 tris
434 4012 534 4096 partis
554 4035 717 4100 erumpere
736 4012 836 4094 iubet,
864 4016 936 4083 loco
955 4014 1154 4106 praedictoin
