2528 4514
326 267 445 323 umus
462 267 549 338 xxi,
565 270 649 324 7-9.
670 273 707 338 [a.
720 268 749 324 0.
759 270 822 340 218]
1071 259 1091 326 ‘l

79 450 133 514 ign
150 447 189 492 ac
207 425 377 512 trepidatio
389 426 458 504 fuit,
478 435 589 492 utnon
600 427 735 492 multum
748 427 882 504 abesset,
902 428 979 511 quin
995 451 1092 515 opera

79 521 223 588 cvineae
242 522 468 587 desererentur.

123 614 216 682 VIII.
255 613 392 681 Obsidio
414 615 527 680 deinde
552 638 610 702 per
629 638 748 701 paucos
771 616 838 682 dies
865 617 967 704 magis
993 640 1090 702 quam
1110 640 1123 687 1

79 709 252 797 ppugnatio
273 709 347 788 fuit,
375 711 451 774 dum
472 710 587 775 vulnus
610 711 699 776 ducis
719 720 886 777 curaretur.
926 733 983 798 per
1005 711 1091 796 quod

79 825 182 890 empus
198 813 237 868 ut
253 805 343 888 quies
362 805 567 869 certaminum
580 814 655 883 erat,
674 805 719 869 ita
736 804 776 870 ab
789 815 942 892 apparatu
959 829 1090 893 operum

79 918 97 964 c
116 898 326 964 munitionum
348 898 426 962 nihil
448 908 615 964 cessatum.
653 899 759 983 itaque
781 900 883 966 acrius
905 902 946 965 de
967 900 1090 988 integro
1108 923 1124 971 2

79 1002 200 1058 oortum
216 1001 265 1058 est
277 992 395 1058 bellum
408 992 613 1078 pluribusque
626 992 778 1079 partibus,
797 994 852 1058 vix
865 994 1090 1080 accipientibus

79 1085 249 1171 qmbusdam
270 1108 367 1172 opera
387 1087 479 1165 locis,
506 1087 617 1152 vineae
640 1097 769 1172 coeptae
792 1087 844 1174 agi
867 1089 1090 1174 admoverique

79 1180 149 1247 ries.
180 1180 361 1247 abundabat
378 1180 575 1246 multitudine
587 1181 751 1247 hominum
764 1179 892 1247 Poenus
907 1218 949 1228 -
963 1183 1004 1247 ad
1017 1204 1090 1248 een·
1108 1209 1123 1256 3

79 1280 128 1341 bn
138 1275 365 1362 quinquaginta
376 1275 463 1340 milia
476 1275 626 1341 babuisse
639 1275 673 1341 in
687 1274 782 1341 armis
796 1275 873 1340 satis
887 1276 1024 1341 creditur
1036 1314 1088 1354 -·‚

79 1370 206 1455 oppidani
219 1371 260 1435 ad
273 1371 380 1436 omnia
393 1370 510 1436 tuenda
523 1380 616 1455 atque
626 1371 771 1437 obeunda
784 1370 987 1436 multifariam
1000 1371 1088 1437 disti-
1105 1398 1123 1444 4

79 1463 129 1528 aeri
140 1461 270 1551 [coepti]
285 1465 404 1551 coeptis
418 1488 483 1531 non
495 1464 704 1532 sufficiebant.
735 1466 842 1550 itaque
854 1466 918 1532 iam
931 1466 1087 1533 ferieban-
1107 1492 1122 1539 5

79 1561 115 1622 tur
128 1558 272 1624 arietibus
290 1559 373 1624 muri
389 1569 619 1644 quassataeque
637 1559 754 1625 multae
771 1571 877 1646 partes
896 1570 993 1626 erant.
1024 1585 1088 1627 una

79 1651 286 1719 mdnentibus
304 1653 403 1719 ruinis
421 1655 594 1720 nudaverat
610 1653 735 1719 urbem:
754 1655 810 1720 tris
829 1655 976 1741 deinceps
994 1656 1087 1721 turris

79 1756 270 1832 {uentumque
287 1748 368 1814 inter
385 1748 540 1813 easmuri
557 1757 623 1813 erat
641 1770 713 1813 cum
737 1748 862 1835 fragore
879 1749 999 1835 ingenti
1016 1773 1089 1837 pro-

79 1838 207 1921 meunt
238 1853 366 1930 captum
376 1843 527 1929 oppidum
540 1864 578 1908 ea
590 1844 682 1908 ruina
696 1844 892 1910 crediderant
900 1843 1010 1923 Poeni,
1025 1868 1089 1930 qua
1108 1869 1122 1915 e

79 1933 149 2001 velut
166 1937 325 2025 sipariter
341 1947 490 2023 utrosque
511 1961 621 2003 murus
644 1939 787 2017 texisset,
811 1940 855 2005 ita
876 1940 1033 2024 utrimque
1054 1941 1087 2006 in

79 2046 197 2115 pugnam
212 2053 399 2117 procursum
417 2046 474 2097 est.
509 2032 588 2096 nihil
606 2032 825 2098 tumultuariae
842 2056 969 2121 pugnae
988 2034 1088 2100 simile
1108 2057 1122 2102 7

79 2131 146 2200 tat,
167 2125 271 2208 quales
293 2127 328 2190 in
351 2125 637 2213 oppugnationibus
659 2126 785 2192 urbium
806 2150 864 2214 per
889 2129 1088 2194 occasionem

81 2216 163 2303 pulis
176 2219 295 2286 alterius
315 2221 431 2286 conciri
449 2221 558 2299 solent,
578 2221 635 2287 sed
651 2221 753 2287 iustae
771 2222 854 2287 acies
872 2222 959 2288 velut
970 2223 1090 2308 patenti

85 2325 180 2396 ampo
192 2312 264 2381 inter
283 2315 393 2381 ruinas
415 2316 497 2382 muri
519 2325 663 2400 tectaque
685 2314 772 2380 urbis
794 2316 919 2382 modico
941 2317 1090 2382 distantia

82 2398 220 2472 marulo
236 2410 449 2476 constiterant.
485 2410 559 2475 hinc
576 2433 659 2496 spes,
680 2409 753 2473 hinc
771 2408 948 2494 desperatio
966 2411 1087 2476 animos
1107 2431 1122 2479 8

79 2492 174 2580 mint,
188 2501 296 2570 Poeno
314 2504 437 2590 cepisse
453 2505 517 2570 iam
535 2527 570 2570 se
587 2505 708 2582 urbem,
728 2503 756 2568 si
772 2503 903 2588 paulum
921 2504 1087 2581 adnitatur,

79 2594 214 2676 fledente,
239 2595 425 2686 Saguntinis
442 2622 500 2686 pro
517 2599 636 2665 nudata
652 2598 819 2664 moenibus
837 2599 939 2685 patria
957 2621 1089 2684 corpora

79 2691 286 2775 aparentibus
304 2716 364 2760 nec
386 2693 451 2759 ullo
468 2694 582 2779 pedem
604 2692 773 2770 referente,
796 2715 836 2758 ne
849 2686 887 2757 =in
909 2693 1052 2758 relictum
1070 2717 1090 2757 a

79 2798 104 2847 tc
114 2781 212 2851 locum
227 2786 354 2854 hostem
370 2787 549 2853 inmitteret.
584 2787 690 2871 itaque
708 2809 772 2871 quo
795 2788 897 2852 aerius
917 2796 948 2852 et
967 2786 1089 2853 confer·
1108 2809 1122 2856 a

79 2872 119 2943 iu
135 2880 236 2966 magis
258 2881 416 2965 utrimque
438 2880 637 2968 pugnabant,
665 2903 703 2946 eo
720 2881 826 2966 plures
845 2881 1089 2947 vulnerabantur

79 2970 144 3039 ullo
158 2974 239 3041 inter
256 2993 345 3042 arma
362 2998 554 3063 corporaque
571 2997 655 3041 vano
675 2975 880 3040 intercidente
903 2976 975 3040 telo.
1011 2975 1089 3061 pha·
1109 2995 1140 3042 10

79 3058 153 3145 ¹brlea
168 3079 234 3134 erat
248 3067 444 3157 Saguntinis,
462 3071 582 3136 missile
600 3070 697 3134 telum
715 3069 821 3134 hastili
838 3069 972 3156 abiegno
991 3078 1022 3133 et
1040 3091 1090 3134 ce-

79 3154 127 3225 he
136 3164 224 3228 tereti
235 3174 454 3250 praeterquam
468 3166 509 3230 ad
522 3177 706 3242 extremum,
725 3163 808 3228 unde
820 3163 939 3228 ferrum
952 3161 1088 3227 extabat.

79 3248 111 3332 ll,
129 3256 206 3322 sicut
222 3258 257 3322 in
272 3259 353 3344 pilo,
376 3259 564 3342 quadratum
582 3267 697 3344 stuppa
719 3257 979 3342 circumligabant
999 3256 1089 3320 linie-

79 3343 193 3435 lnntque
209 3353 290 3438 pice.
326 3353 445 3419 ferrum
463 3363 568 3419 autem
586 3361 649 3418 tres
671 3352 802 3438 longum
820 3349 957 3416 habebat
970 3350 1087 3436 pedes,
1108 3370 1138 3416 11

79 3450 182 3511 etcum
204 3448 299 3512 armis
322 3448 506 3535 transfigere
528 3470 641 3533 corpus
659 3455 776 3532 posset.
814 3447 871 3511 sed
887 3446 921 3510 id
942 3446 1088 3522 maxime,

79 3535 152 3604 dam
168 3540 196 3606 si
212 3541 369 3608 haesisset
385 3544 419 3607 in
437 3551 526 3607 scuto
543 3563 603 3607 nec
619 3549 817 3627 penetrasset
834 3541 1014 3625 incorpus,
1033 3561 1089 3623 pa

79 3650 164 3700 torem
179 3634 330 3715 faciebat,
354 3637 454 3722 quod,
478 3659 550 3702 cum
568 3636 707 3701 medium
725 3657 894 3700 accensum
916 3634 1089 3698 mitteretur
1109 3651 1139 3699 12

79 3740 304 3817 onceptumque
330 3732 400 3817 ipso
427 3740 516 3797 motu
540 3730 639 3796 multo
669 3729 820 3795 maiorem
849 3729 957 3815 ignem
983 3726 1087 3811 ferret,

79 3842 143 3888 nna
168 3825 269 3890 omitti
295 3825 431 3913 cogebat
455 3825 637 3909 nudumque
664 3824 794 3888 militem
821 3824 862 3888 ad
887 3823 1088 3907 insequentes

79 3925 134 3983 ttus
152 3920 335 4004 praebebat.
1180 3983 1184 3990 .

117 4012 232 4082 VIIII.
270 4013 355 4081 Cum
372 4015 426 4080 diu
444 4036 559 4102 anceps
582 4015 695 4080 fuisset
718 4023 888 4094 certamen,
912 4022 944 4079 et
962 4010 1120 4099 Sagun-r
