2528 4514
316 231 434 288 amau
451 231 594 311 xxvrrr,
612 233 656 292 ar.
668 231 709 289 as.
730 236 767 303 [a
778 232 881 304 caeo]
1047 223 1113 291 425

83 393 304 481 ragistratus,
331 412 403 456 cam
425 400 591 474 quaestore
613 390 719 456 elicuit
740 390 955 478 laceratosque
976 394 1114 462 verberi-

84 513 128 554 us
150 486 250 552 cruci
267 485 364 572 adfigi
379 486 485 565 iussit3
503 487 576 552 inde
593 486 727 552 navibus
745 489 786 553 ad
799 488 963 574 Pityusam
976 490 1112 558 insulam
1130 513 1148 562 3

83 594 208 648 entum
228 580 315 645 milia
332 580 432 645 ferme
449 603 469 644 a
486 582 656 646 continenti
668 581 808 647 -Poeni
826 592 892 648 tam
910 605 980 649 eam
997 586 1112 653 incole·

83 686 207 743 ant-
230 674 360 741 traiecit.
404 674 509 758 itaque
536 674 646 741 classis
674 675 757 742 bona
783 699 958 763 cumpace
984 693 1147 768 acceptas

83 782 117 838 st
135 793 207 836 nee
225 778 420 836 commeatus
437 769 531 835 modo
550 769 683 856 benigne
697 771 844 856 praebiti,
864 773 920 838 sed
938 775 971 838 in
989 777 1114 863 supple-

83 876 224 932 nentum
248 864 344 929 classi
365 865 511 929 iuventus
538 886 687 949 armaque
713 866 796 932 data.
840 888 974 951 quorum
998 870 1114 936 fiducia

83 963 211 1029 ?oenus
230 962 265 1026 in
281 961 424 1026 Baliares
440 961 560 1027 insulas
578 998 605 1009 —
621 962 848 1049 quinquaginta
864 965 937 1030 inde
955 966 1041 1031 milia
1058 967 1114 1033 ab·

83 1070 152 1122 arnt
170 1094 202 1105 —
219 1056 362 1121 tramisit.
398 1055 478 1121 duae
497 1064 570 1120 sunt
583 1055 725 1122 Baliares
742 1058 877 1122 insulae:
900 1059 1000 1124 maior
1016 1061 1112 1127 altera
1131 1080 1149 1127 s

83 1160 175 1238 stqne
194 1149 374 1238 opulentior
390 1150 485 1216 armis
498 1151 636 1234 virisque
650 1161 682 1216 et
694 1162 818 1237 portum
832 1152 940 1231 habet,
961 1154 1014 1220 ubi
1027 1176 1112 1220 com-

83 1247 174 1313 node
193 1245 431 1312 hibernaturum
450 1267 484 1310 se
496 1281 524 1292 -
535 1255 567 1311 et
583 1245 647 1310 iam
665 1256 839 1312 extremum
857 1249 999 1313 autumni
1012 1260 1113 1314 erat-—

83 1339 242 1407 tradebat.
286 1347 424 1405 ceteram
441 1339 526 1404 haud
544 1361 650 1418 secus,
669 1362 764 1424 quam
782 1341 809 1406 si
826 1341 960 1407 Romani
978 1365 1047 1407 eam
1064 1343 1112 1408 in·
1131 1364 1148 1411 e

83 1435 185 1501 rutam
202 1433 389 1512 incolerent,
408 1434 562 1500 hostiliter
578 1432 672 1500 classi
690 1456 855 1501 occursum
872 1444 929 1501 est.
956 1436 1063 1503 lundis
1077 1448 1112 1503 ut

83 1548 166 1595 runc
182 1528 370 1615 plurimum,
392 1529 436 1594 ita
452 1539 519 1594 turn
537 1529 605 1594 solo
622 1552 660 1594 eo
677 1529 740 1595 telo
757 1530 932 1607 utebantur,
950 1553 1008 1596 nec
1026 1532 1113 1616 quis·
1221 1598 1224 1603 ,

83 1642 178 1707 luam
200 1623 328 1688 alterius
351 1625 453 1711 gentis
475 1646 557 1689 unus
579 1633 700 1689 tantum
724 1647 762 1690 ea
778 1635 843 1690 arte
860 1635 1012 1710 quantum
1028 1627 1111 1692 inter

83 1717 160 1785 alios
180 1740 290 1783 omnes
309 1718 450 1784 Baliares
468 1718 634 1783 excellunt.
678 1717 783 1802 itaque
800 1729 887 1784 tanta
905 1720 952 1785 vis
970 1720 1110 1807 lapidum
1129 1741 1144 1788 t

83 1812 290 1879 neberrimae
311 1812 472 1899 grandinis
491 1813 586 1878 modo
603 1813 636 1877 in
653 1812 913 1899 propinquantem
929 1815 993 1880 iam
1011 1825 1110 1881 terrae

83 1905 218 1973 classem
237 1905 339 1972 effusa
356 1921 418 1984 est,
441 1918 475 1971 ut
492 1907 606 1972 intrare
623 1916 748 1992 portum
765 1930 829 1973 non
847 1909 917 1974 ausi
937 1920 1112 1975 averterent

83 1996 122 2065 lm
135 2001 232 2067 altum
249 2024 356 2066 naves.
396 2002 429 2065 in
446 2002 599 2067 minorem
615 2002 689 2067 inde
706 2002 879 2068 Baliarium
896 2003 1031 2069 insulam
1049 2014 1111 2070 tra·
1128 2026 1147 2074 8

83 2089 237 2172 iwerunt,
259 2095 393 2160 fertilem
411 2119 501 2183 agro,
520 2097 609 2175 viris,
633 2097 728 2162 armis
745 2097 832 2162 haud
848 2120 947 2182 aeque
965 2099 1109 2164 validam.

83 2182 189 2274 ltaque
210 2190 331 2276 egressi
352 2190 486 2256 navibus
509 2214 604 2276 super
625 2202 750 2278 portum
771 2191 840 2256 loco
862 2192 982 2257 munito
1007 2193 1144 2261 locante

83 2294 186 2351 basma
206 2307 246 2350 ao
263 2284 330 2349 sine
348 2285 516 2350 certamine
532 2285 610 2351 urbe
629 2308 768 2373 agroque
784 2285 887 2371 potiti,
912 2285 1034 2351 duobus
1052 2287 1111 2350 mi-

83 2370 167 2444 libus
184 2378 383 2444 auxiliarium
399 2379 473 2445 inde
491 2381 675 2466 conscriptis
693 2380 861 2463 missisque
875 2377 1108 2466 Carthaginem,

83 2471 125 2537 ud
148 2471 379 2538 hibernandum
404 2496 502 2539 naves
530 2473 755 2540 subduxerunt.
799 2484 871 2560 post
893 2472 1042 2559 Magonis
1069 2473 1109 2539 ab
1130 2496 1164 2542 10

83 2568 192 2635 oceani
210 2590 266 2634 ora
282 2568 457 2635 discessum
475 2567 626 2636 Gaditani
642 2570 795 2636 Romanis
813 2571 976 2634 deduntur.

145 2661 355 2728 XXXVIII.
405 2664 497 2730 Haec
523 2665 556 2729 in
582 2664 739 2751 Hispania
764 2665 802 2729 P.
831 2663 987 2751 Scipionis
1014 2664 1109 2729 ductu
1130 2686 1142 2731 1

83 2758 287 2844 {aspicioque
305 2769 404 2845 gesta.
439 2760 509 2846 ipse
521 2760 563 2825 L.
577 2761 716 2826 Lentulo
735 2770 766 2825 et
783 2761 824 2825 L.
838 2758 961 2825 Manlio
974 2756 1110 2824 Acidino
1133 2778 1136 2783 ·

83 2852 246 2937 provincia
267 2853 381 2918 tradita
401 2854 510 2920 decem
532 2855 666 2920 navibus
685 2855 821 2921 Romam
838 2854 930 2921 rediit
947 2864 979 2920 et
1001 2863 1146 2920 senatus

83 2956 172 3013 extra
188 2946 300 3012 urbem
318 2948 391 3013 dato
407 2948 442 3013 in
459 2948 537 3014 aede
554 2949 720 3028 Bellonae,
738 2971 818 3034 quas
835 2973 887 3016 res
904 2951 936 3014 in
954 2949 1111 3035 Hispania

83 3042 249 3129 gessisset,
276 3041 438 3120 disseruit,
469 3043 612 3126 quotiens
639 3044 739 3130 signis
766 3044 896 3110 conlatis
922 3043 1110 3118 dimicasset,

83 3142 160 3221 q'uot
181 3136 298 3223 oppida
320 3159 361 3203 ex
381 3137 525 3203 hostibus
548 3139 580 3203 vi
602 3140 751 3225 cepisset,
776 3161 855 3222 quas
877 3148 988 3224 gentes
1010 3136 1044 3199 in
1065 3134 1112 3198 di-

83 3229 205 3297 cionem
230 3231 341 3318 populi
362 3231 498 3297 Romani
520 3233 707 3318 redegisset:
733 3233 884 3297 adversus
906 3238 1053 3313 quattuor
1076 3245 1146 3293 sea

83 3320 295 3410 imperatores,
314 3335 460 3410 quattuor
473 3327 607 3392 victores
621 3328 775 3392 exercitus
788 3327 822 3390 in
835 3323 1023 3409 Hispaniam
1036 3323 1109 3400 isse,

83 3419 241 3487 neminem
260 3418 554 3507 Carthaginiensem
571 3422 660 3487 iniis
678 3421 766 3486 terris
784 3419 957 3504 reliquisse.
993 3416 1034 3482 ob
1052 3415 1109 3480 has
1127 3435 1144 3480 4

83 3532 134 3579 res
155 3524 264 3601 gestas
285 3515 388 3602 magis
412 3525 563 3602 temptata
580 3525 628 3580 est
645 3516 793 3600 triumphi
811 3537 883 3601 spes
901 3534 996 3597 quam
1013 3511 1110 3596 petita

83 3609 290 3695 pertinaciter,
307 3609 383 3694 quia
399 3611 555 3676 neminem
573 3611 615 3676 ad
632 3633 701 3676 eam
719 3611 802 3675 diem
815 3607 1037 3693 triumphasse,
1055 3604 1109 3687 qui

83 3702 151 3769 sine
175 3703 366 3791 magistratu
390 3726 442 3771 res
468 3705 635 3792 gessisset,
663 3704 835 3770 constabat.
880 3710 989 3767 senatu
1011 3698 1108 3763 misso
1128 3718 1144 3764 5

83 3796 193 3865 urbem
214 3807 265 3863 est
284 3798 447 3886 ingressas
470 3800 652 3886 argentique
674 3821 750 3884 prae
768 3822 802 3865 se
819 3799 852 3862 in
869 3795 1022 3861 aerarium
1039 3790 1110 3856 tulit

83 3890 192 3961 ¹decem
214 3903 363 3978 quattuor
384 3895 470 3960 milia
491 3895 597 3982 pondo
619 3905 758 3960 trecenta
774 3891 980 3978 quadraginta
997 3888 1059 3952 duo
1077 3895 1109 3951 et

83 3985 199 4074 signati
214 3989 340 4076 argenti
357 4012 508 4076 magnum
525 4012 699 4055 numerum.
