2528 4514
146 211 187 278 36
385 216 927 289 1111111111,41.41[11.1.1111]

141 383 284 470 apinam
296 379 492 456 mereedem,
512 377 610 464 agite,
627 375 774 441 enmdiis
789 374 874 441 liene
887 374 1076 442 irmanfihug
1092 401 1102 442 2

82 478 257 564 ‘sospite
293 474 371 541 setis
396 473 502 540 adhue
522 473 561 543 in
582 471 684 537 uestis
712 470 898 536 Lusitaniae
921 468 1102 542 Celtihen‘a

146 570 304 637 montibus
335 591 450 656 pesona
477 565 685 639 consectando
712 564 834 630 nullum
854 564 1102 630 nmulumentum

103 688 127 735 49
145 665 289 731 laborm
309 662 585 750 ·psrieulorumque
611 669 787 727 nestrorum
814 659 950 724 sitistis:
978 669 1102 745 tempus

147 761 211 825 iem
228 758 381 844 opulente
401 779 458 823 voa
473 779 515 821 ae
533 755 609 821 ditia
626 755 781 841 stipendia
797 754 903 820 faeere
921 764 953 819 et
964 778 1090 842 :magua

140 875 200 920 uae
213 853 318 939 quotie
328 851 460 929 meren,
482 859 605 919 snam
622 849 741 914 itineris
758 871 815 935 per
832 857 878 914 tot
892 859 1017 915 montes
1033 851 1102 914 tlun

96 969 128 1017 10
141 969 208 1032 que
223 956 321 1013 etuot
339 955 474 1017 armatas
495 953 606 1032 gentes
628 965 783 1009 emensos.
823 943 988 1010 hinnulis
1012 945 1102 1009 terni

143 1040 290 1107 laieorum
315 1039 441 1107 fortrrne
466 1039 568 1117 dedit,
597 1039 650 1103 ltin
676 1038 805 1125 dignam
831 1039 1008 1105 mersedern
1042 1062 1102 1104 eme

96 1158 127 1205 11
142 1135 310 1221 stipendiis
334 1133 432 1200 debit.
461 1156 532 1199 ‘nee
558 1156 653 1218 qnam
678 1133 787 1220 magni
812 1133 947 1203 nominis
970 1133 1094 1199 =bellum

141 1240 212 1300 lam
229 1229 390 1298 diffieilem
408 1228 621 1294 existimaritis
640 1228 802 1292 victoriam
819 1227 898 1293 fore.
943 1250 1039 1314 saepe
1058 1239 1102 1293 ee

143 1333 282 1410 temptas
302 1323 405 1393 lestis
421 1332 587 1388 cruentum
605 1330 763 1387 nontamen
781 1322 878 1386 edidit
889 1330 926 1387 ›et
943 1321 1054 1408 inclyti
1066 1345 1102 1408 qa

97 1440 128 1488 12
145 1439 301 1506 regesque
326 1417 445 1503 perlevi
470 1426 630 1482 memento
655 1416 732 1481 vieti
754 1426 836 1481 suut.
871 1439 946 1481 nam
968 1417 1096 1502 dempto

145 1533 209 1576 uon
229 1511 356 1598 fulgens
373 1511 507 1577 nominis
526 1510 662 1575 Romani
679 1511 757 1594 quid
774 1520 835 1587 est,
855 1532 915 1575 eur
928 1511 978 1574 illi
995 1511 1086 1585 vobis

96 1605 278 1690 13.purendi
300 1605 380 1670 sint?
414 1614 448 1670 ut
466 1604 583 1691 ⁴viginti
605 1627 757 1673 annorum
779 1604 923 1669 militiam
944 1616 1084 1670 uestram

145 1699 200 1764 illa
216 1701 345 1778 virtute,
366 1721 441 1764 enim
458 1699 513 1764 illa
527 1699 655 1764 fortuna
673 1700 809 1777 taceam,
831 1699 873 1764 al)
891 1699 1042 1764 Herculis
1062 1700 1102 1766 eol

141 1793 209 1871 nis,
228 1793 268 1858 ab
280 1790 415 1859 Oeeano
434 1793 635 1877 terminisque
653 1792 770 1858 ultimis
790 1805 941 1858 terrerum
958 1817 1016 1880 per
1031 1803 1102 1859 tott

145 1886 290 1952 eissimos
309 1886 484 1972 Hispaniae
505 1896 538 1951 et
557 1884 678 1953 Galliae
696 1887 829 1972 populos
848 1887 1009 1955 vinoentes
1028 1889 1091 1953 hue

96 2002 128 2048 14
146 1980 291 2045 venistis:
314 1980 495 2068 pugnabitis
515 2004 588 2047 oum
606 1981 743 2048 exereitu
757 1983 874 2060 tirone,
893 1981 953 2046 hae
969 1982 1043 2068 ipss
1061 2006 1102 2048 ee

145 2097 254 2152 caeso,
272 2075 369 2153 vieto,
389 2076 596 2142 eirournsesso
607 2100 630 2142 a
645 2073 760 2154 Gallis,
779 2077 887 2163 ignoto
905 2077 1010 2142 edlrue
1029 2078 1101 2142 duei

96 2189 127 2237 15
145 2168 363 2256 ignorantique
382 2170 503 2235 ducem.
540 2195 580 2236 au
599 2193 649 2235 me
667 2171 700 2234 in
713 2172 868 2256 praetorio
881 2172 993 2256 patris,
1010 2172 1102 2237 oleris

101 2285 105 2328 ;
144 2263 355 2348 imperatoris,
391 2286 489 2350 prope
520 2276 642 2342 natum,
677 2275 761 2330 certe
792 2266 939 2330 eductum
945 2313 955 2343 ,
991 2267 1102 2331 demit<

143 2355 320 2442 Hispaniae
344 2355 543 2442 Galliaeque,
571 2358 726 2423 victorem-
743 2360 879 2424 eundem
901 2382 966 2424 non
988 2359 1102 2446 Alpina

144 2452 238 2516 modo
255 2452 413 2538 gentium,
436 2453 494 2517 sed
510 2452 664 2537 ipserum,
689 2454 774 2536 quod
792 2453 890 2518 multo
911 2454 1014 2519 maius
1034 2466 1096 2533 est,

143 2545 244 2631 pium,
260 2568 337 2610 eum
356 2545 521 2614 semenstri
538 2547 598 2610 hoe
616 2547 776 2612 conferam
795 2549 888 2626 duee,
911 2549 1072 2614 desertore
1090 2572 1102 2613 e

95 2658 125 2709 16
145 2639 226 2703 eitus
246 2639 314 2703 sui?
340 2641 391 2704 eui
409 2640 436 2704 si
451 2639 525 2724 quis
544 2640 679 2725 demptis
699 2641 797 2728 signis
812 2641 938 2707 Poenos
951 2643 1102 2708 Bouiano:

143 2732 413 2814 hodieostendat,
432 2734 648 2821 ignoraturum
667 2746 785 2801 eertum
803 2737 919 2816 habeo,
938 2739 1041 2804 utrius
1062 2762 1102 2803 en

94 2846 125 2894 11
145 2838 196 2892 tus
214 2827 256 2892 sit
275 2828 393 2893 eonsul.
421 2853 484 2894 non
502 2852 562 2916 ego
580 2830 657 2896 illud
674 2833 764 2917 parvi
777 2834 924 2911 aestimo,
938 2833 1073 2911 milites,
1091 2855 1102 2916 1

144 2943 237 2986 nemo
256 2932 304 2988 est
318 2933 474 3002 vestrum,
494 2925 582 2990 euius
601 2949 665 2991 non
682 2937 754 2992 ante
772 2927 880 2993 oeulos
897 2927 968 3012 ipse
984 2951 1102 3014 saeper

137 3025 209 3083 tare
233 3015 360 3101 aliquod
380 3017 534 3082 ediderim
554 3017 693 3097 facinus,
721 3021 772 3085 eui
789 3044 854 3086 non
870 3022 954 3086 idem
971 3044 1035 3108 ego
1053 3022 1102 3086 vin

134 3119 302 3195 spectator
321 3133 361 3176 ae
383 3111 472 3177 testis
490 3121 597 3177 notata
615 3113 807 3199 temporibus
824 3115 965 3199 locisque
984 3117 1099 3181 referre

93 3219 125 3269 18
142 3204 263 3290 possim
289 3205 412 3272 deeora.
449 3229 521 3271 eum
547 3206 680 3274 laudatis
708 3233 728 3274 a
753 3233 804 3274 me
829 3210 953 3276 miliens
978 3212 1101 3277 donatis

133 3297 288 3364 alumnus
310 3300 397 3384 prius
421 3301 561 3365 omnium
583 3312 723 3369 vestrum
744 3326 840 3389 quam
861 3306 1041 3390 inperator,
1068 3330 1102 3393 pr

136 3391 216 3456 dean
233 3392 267 3456 in
281 3393 384 3458 aciem
402 3395 553 3461 adversus
571 3396 695 3484 ignotos
713 3399 794 3464 inter
812 3421 846 3464 se
864 3399 1102 3485 ignorantesque

110 3506 123 3552 1
205 3485 435 3554 XXXXIHL
481 3488 690 3577 Quocumque
716 3493 892 3559 circumtuli
921 3495 1047 3575 oeulos,
1082 3519 1102 3582 p

138 3582 248 3647 omnia
273 3583 366 3648 video
392 3583 567 3650 animorum
593 3609 631 3654 ae
657 3587 793 3654 roboris:
819 3598 1004 3655 veteranum
1027 3592 1102 3678 pedi

135 3678 454 3763 generosissimarum
472 3682 613 3767 gentium
632 3684 752 3766 equites
770 3684 910 3751 frenatos
927 3685 1101 3753 infrenatos

109 3787 123 3834 2
141 3790 199 3835 vos
208 3771 316 3837 aoeies
330 3773 530 3841 fidelissimos
545 3776 805 3863 fortissimosque,
824 3802 881 3849 voa
893 3779 1102 3870 Carthaginis

141 3883 215 3928 unm
240 3863 281 3931 ob
306 3868 441 3955 petriam
464 3879 534 3937 tum
559 3870 601 3936 eb
623 3871 707 3937 iram
728 3874 938 3941 iustissimam
965 3890 1102 3965 pugnate

101 3977 123 4026 ’3
138 3955 304 4040 iuferimus
318 3961 437 4029 bellum
450 3962 636 4052 infestisque
650 3967 749 4055 signis
763 3969 985 4038 descendimus
994 3972 1030 4040 in
1039 3974 1102 4040 Ital
