2528 4514
142 240 206 306 322
385 247 505 304 LIBER
520 246 633 317 XXVI,
652 246 695 301 51.
716 248 789 314 [au
802 244 901 315 a544]

50 383 55 393 ¹
143 411 244 496 spatio
266 409 482 484 decurrenmt3
519 396 656 469 secundo
682 402 734 467 die
760 424 848 467 arma
870 423 980 468 curare
999 411 1029 466 et
1045 411 1129 488 tergere

142 514 214 570 ante
232 500 365 568 tentoria
380 499 474 577 iussi3
501 498 593 564 tertio
614 498 665 563 die
686 496 818 561 rudibus
840 495 925 561 inter
942 518 976 561 se
996 495 1027 560 in
1040 496 1130 560 modun

141 600 244 664 iustae
261 616 387 683 pugnae
405 600 627 659 concurrerunt
643 591 888 677 praepilatisque
906 589 1131 657 missilibusiacr·

141 691 197 756 lati
216 699 304 768 sunt3
334 697 445 773 quarto
463 687 515 752 die
536 687 626 771 quies
649 687 736 764 data3
763 686 873 770 quinto
895 685 1011 751 iterum
1029 684 1058 748 in
1071 682 1131 748 aruit

108 785 311 856 sdecursum
337 793 395 849 est.
441 782 525 846 huno
551 781 692 846 ordinem
713 779 830 845 laboris
851 779 1043 864 quietisque,
1065 775 1132 861 qual

109 901 124 948 e
145 877 336 964 Carthagine
352 876 466 941 morati
483 885 570 953 sunt,
590 883 763 941 servarunt.
802 874 976 961 remigium
992 872 1132 956 classiciqrs

141 973 256 1037 milites
283 971 448 1056 tranquillo
474 970 508 1034 in
532 969 632 1034 altum
657 969 760 1034 evecti
785 968 964 1054 agilitatem
983 964 1133 1034 navi-si·

111 1092 124 1136 ι
144 1067 291 1132 mulacris
304 1066 425 1131 navalis
438 1086 564 1151 pugnae
578 1063 828 1150 experiebantur.
872 1062 955 1128 haec
969 1071 1053 1128 extra
1062 1058 1132 1126 urhn

143 1170 226 1226 terra
246 1161 387 1244 marique
410 1180 540 1243 corpora
562 1157 655 1222 simul
677 1157 863 1241 animosque
885 1157 928 1222 ad
946 1156 1060 1222 bellum
1076 1172 1133 1221 ια·

142 1254 233 1333 bant3
268 1253 375 1319 urbs
366 1275 436 1339 ipsa
458 1252 617 1338 strepebat
638 1262 791 1337 apparatu
811 1250 889 1317 belli
909 1249 1028 1317 fabris
1036 1266 1133 1316 omnm

109 1369 294 1436 egenerum
320 1347 354 1411 in
379 1346 506 1433 publica
531 1346 658 1411 officina
683 1345 823 1411 inclusis.
879 1344 949 1411 dux
974 1355 1079 1411 cuncta
1095 1338 1136 1429 μ’

144 1464 218 1507 cura
243 1440 370 1507 obibat:
404 1461 490 1505 nunc
519 1439 666 1526 operibus
698 1438 889 1524 aspiciendis
918 1448 1045 1549 tempus

142 1557 227 1601 nunc
253 1556 333 1620 quae
360 1535 395 1599 in
420 1533 554 1599 officinis
585 1555 728 1617 quaeque
753 1534 788 1597 in
813 1534 1102 1617 armamentarioque

143 1629 308 1695 navalibus
335 1628 496 1695 fabrorum
517 1627 685 1692 multitudo
709 1627 857 1713 pluruma
877 1628 912 1691 in
941 1627 1076 1715 singulos
1123 1624 1126 1631 '

110 1723 312 1794 scertamine
333 1722 453 1809 ingenti
474 1720 620 1787 faciebat.
664 1721 714 1787 his
734 1722 780 1787 ita
806 1721 964 1787 incohatis
989 1721 1041 1787 rei
1079 1718 1098 1799 ’,
1121 1786 1129 1793 ,,

143 1838 207 1900 qua
223 1817 364 1901 quassati
382 1826 469 1881 erant
486 1815 584 1881 muris
599 1814 823 1902 dispositisque
835 1816 1005 1902 praesidiis
1017 1815 1056 1881 ad

143 1909 230 1973 diam
247 1909 334 1974 urbis
353 1909 565 1974 Tarraconem
583 1918 632 1975 est
648 1909 823 1995 profectus,
848 1933 870 1974 a
886 1910 997 1976 multis
1013 1906 1092 1996 lega'
1115 1898 1122 1917 ⁸

94 2029 126 2075 10
144 2002 204 2068 bus
221 2011 292 2088 prot
292 2003 363 2068 inus
380 2003 414 2067 in
430 2004 483 2068 via
500 2004 566 2068 adit
553 2013 618 2081 tus,
645 2025 726 2087 quas
742 2003 857 2088 partim
874 2004 951 2070 dato
968 2012 1130 2090 response!

142 2099 252 2163 itinere
270 2099 401 2176 dimisit,
428 2100 542 2184 partim
560 2098 681 2164 distulit
698 2099 925 2177 Tarraconem,
949 2121 1013 2184 quo
1029 2092 1128 2164 amul!

143 2192 233 2257 novis
252 2192 472 2276 veteribusque
495 2194 588 2258 sociis
611 2193 751 2258 edixerat
773 2204 975 2259 conventum,
1018 2202 1048 2258 et
1065 2180 1129 2255 cudi

143 2287 209 2352 fere
222 2289 282 2398 qui
290 2289 335 2353 cis
345 2287 501 2352 Hiberum
515 2288 656 2353 incolunt
668 2288 789 2374 populi,
808 2289 900 2352 multi
913 2290 1009 2354 etiam
1020 2278 1128 2352 uland

94 2407 122 2451 11
142 2383 321 2468 provinciae
348 2392 570 2447 convenerunt.
616 2381 926 2469 Carthaginiensium
952 2383 1047 2448 duces
1066 2375 1128 2465 pli!

144 2499 184 2541 ex
210 2476 365 2542 industria
390 2476 510 2541 famam
536 2485 646 2561 captae
674 2476 877 2562 Carthaginis
909 2497 1063 2562 compress
1119 2552 1126 2573 ⁸

142 2571 269 2647 deinde,
296 2579 331 2635 ut
353 2570 466 2635 clarior
485 2592 536 2635 res
560 2579 641 2647 erat,
669 2592 764 2654 quam
784 2581 821 2634 ut
842 2571 908 2657 tegi
931 2592 969 2636 ae
986 2568 1082 2634 diesim

94 2687 124 2732 ιι
142 2672 264 2748 posset,
293 2663 459 2730 elevabant
483 2663 603 2729 verbis:
638 2665 824 2750 necopinato
850 2666 991 2730 adventu
1015 2685 1049 2729 ac
1069 2681 1084 2746 p

142 2757 226 2821 furto
256 2759 349 2821 unius
385 2758 448 2822 diei
481 2757 593 2823 urbem
622 2780 719 2823 unam
748 2758 927 2844 Hispaniae
961 2760 1084 2840 intercep

143 2850 232 2914 cuius
250 2851 296 2914 rei
314 2860 378 2915 tam
395 2874 510 2936 parvae
528 2853 667 2936 praemio
685 2853 747 2918 elat
734 2862 802 2917 tum
823 2853 1011 2918 insolentem
1027 2852 1125 2916 iuram

15 2941 20 2950 ’
143 2944 301 3009 inmodico
327 2947 443 3031 gaudio
475 2948 613 3032 speciem
643 2970 778 3034 magnae
804 2948 956 3014 victoriae
985 2940 1125 3032 inposuisse

94 3061 124 3107 13
144 3047 177 3102 at
202 3038 257 3102 ubi
284 3039 534 3126 adpropinquare
561 3050 623 3105 tres
648 3043 759 3119 duces,
790 3043 846 3107 tris
874 3042 1010 3108 victores
1034 3033 1124 3104 hosfiffl

143 3134 298 3198 exercitus
316 3135 470 3212 audisset,
489 3159 689 3202 occursuram
707 3160 737 3203 er
726 3137 914 3224 extemplo
932 3135 1123 3203 donatam

92 3251 124 3296 14
143 3227 288 3292 funerum
306 3230 496 3294 memoriam.
542 3230 646 3296 haee
637 3255 671 3296 ιιι
687 3231 802 3318 vulgus
819 3232 994 3344 iactabant,
1011 3226 1123 3306 harma·

143 3343 238 3406 quam
263 3323 326 3408 ipsi
351 3323 465 3411 ignari,
493 3335 644 3408 quantum
672 3326 732 3393 sibi
758 3328 800 3392 ad
826 3329 935 3394 omnia
959 3328 1062 3394 virium
1077 3315 1122 3382 ΟΝ·

143 3416 270 3502 thagine
288 3419 405 3484 amissa
423 3420 620 3487 decessisset.

500 3739 735 3752 --..—.....
