2528 4514
147 243 213 309 220
419 251 695 322 amamus.
715 248 904 320 [assata]

147 437 222 502 gam
249 436 268 477 a
291 408 411 477 Cannis
437 432 494 495 per
520 430 629 474 omnes
656 430 755 474 annos
777 414 984 494 prorogatum
1005 407 1056 496 imp

112 527 129 577 s
148 518 268 574 ceteros
281 507 358 571 item
371 526 411 568 ex
423 504 563 587 reliquiis
577 504 675 568 eladis
689 504 771 581 eius,
791 522 871 587 quos
884 502 1028 569 tribunos
1044 527 1056 568 1

146 601 329 679 habuimus,
345 599 482 664 honores
499 608 606 684 petere
624 607 655 662 et
673 620 782 684 gerere
800 607 832 662 et
847 597 1056 683 provinciaso

111 697 333 765 aaudivimus.
378 717 420 758 an
444 692 535 758 vobis
560 693 736 776 vestrisque
762 691 869 757 liberis
891 692 1051 780 ignoscitis

145 800 251 876 patres
275 786 457 873 conscripti,
488 786 522 850 in
544 786 622 851 haec
644 786 719 851 vilia
740 786 843 871 capita
866 786 989 852 saevire
1007 785 1056 872 [lit

147 883 266 949 consuli
283 881 534 968 primoribusque
552 880 621 944 aliis
640 880 775 944 civitatis
793 879 915 966 fugere,
936 901 1009 945 cum
1028 902 1056 967 sp

146 977 232 1042 nulla
258 985 355 1053 esset,
383 983 473 1060 turpe
498 996 563 1038 non
589 973 662 1051 fuit,
690 974 804 1040 milites
827 975 937 1059 utique
960 975 1056 1039 morit

96 1093 129 1143 10
147 1071 246 1136 aciem
267 1069 418 1135 misistis?
452 1068 493 1132 ad
514 1067 632 1133 Alliam
659 1090 756 1153 prope
779 1070 880 1134 omnis
904 1071 1056 1134 exereitus

146 1166 187 1230 ad
203 1164 357 1230 Furculas
368 1160 529 1228 Caudinas
546 1185 587 1227 ne
605 1172 752 1248 expertus
772 1164 899 1246 quidem
918 1173 1056 1228 certame

146 1259 273 1324 tradidit
298 1257 396 1334 hosti,
423 1266 458 1321 ut
484 1256 561 1321 alias
588 1258 753 1341 pudendas
780 1257 885 1322 clades
914 1258 1056 1322 exercitu

96 1378 125 1425 11
146 1376 249 1419 ceam:
268 1361 373 1417 tamen
391 1360 512 1416 tantum
531 1351 610 1415 afuit
628 1350 668 1416 ab
687 1373 738 1428 ec,
757 1361 793 1415 ut
809 1351 874 1416 ulla
890 1352 1056 1438 ignominia

144 1446 293 1512 ercitibus
316 1454 529 1529 quaereretur,
557 1453 592 1508 ut
614 1455 645 1509 et
667 1445 742 1510 urbs
761 1445 864 1510 Roma
885 1468 943 1531 per
965 1469 1039 1512 eum

94 1564 126 1612 12
145 1552 226 1618 tum,
254 1539 308 1624 qui
334 1538 375 1604 ab
401 1538 488 1603 Allia
514 1537 612 1602 Veios
640 1539 866 1626 transfugerat,
897 1540 1056 1625 reciperas

146 1634 310 1700 Caudinae
327 1633 483 1720 legiones,
501 1653 583 1715 quae
602 1632 669 1697 sine
688 1633 782 1698 armis
800 1634 959 1698 redierant
967 1634 1056 1699 Roma

144 1738 247 1794 matae
273 1728 424 1792 remissae
450 1727 483 1790 in
502 1723 668 1792 Samnium
694 1728 827 1792 eundem
854 1728 945 1791 illum
970 1728 1056 1793 hoste

144 1823 256 1907 iugum
282 1821 437 1898 miserint,
466 1820 520 1904 qui
545 1821 606 1885 hac
632 1843 691 1886 sua
715 1821 890 1908 ignominia
911 1821 1045 1888 laetatus

95 1940 126 1988 13
147 1914 347 1981 Cannensem
374 1915 638 1999 veroquisquam
662 1916 832 1980 exercitum
855 1916 952 2002 fugae
975 1926 1030 1980 aut
1051 1937 1056 2000 ]

144 2008 326 2074 insimulare
344 2017 461 2093 potest,
489 2007 545 2072 ubi
565 2009 636 2094 plus
660 2009 888 2093 quinquaginta
909 2010 998 2073 milia
1018 2009 1055 2073 ho

146 2103 337 2179 ceciderunt,
364 2102 447 2166 unde
466 2103 576 2167 consul
595 2125 667 2167 cum
690 2103 846 2187 equitibus
866 2103 1056 2189 septuaginta

144 2197 228 2260 unde
245 2217 338 2260 nemo
357 2205 499 2281 superest
517 2196 579 2260 nisi
596 2218 690 2279 quem
708 2197 807 2260 hostis
826 2197 987 2262 caedendo
1011 2196 1056 2260 fes

95 2316 127 2363 14
144 2290 253 2374 liquit?
288 2312 360 2355 cum
379 2291 510 2375 captivis
532 2291 706 2375 redemptio
724 2289 911 2376 negabatur,
935 2313 993 2356 nos
1012 2289 1056 2354 vul

144 2386 244 2450 mines
270 2385 455 2461 laudabant,
483 2386 568 2468 quod
593 2386 638 2449 rei
659 2384 804 2470 publicae
830 2407 888 2449 nos
915 2408 1055 2450 reservas

144 2481 229 2564 quod
248 2482 288 2545 ad
307 2481 470 2545 consulem
488 2479 662 2545 Venusiam
680 2480 871 2544 redissemus
895 2491 926 2545 et
950 2482 1056 2566 speeie]

94 2599 125 2646 15
144 2577 300 2641 exereitus
327 2575 529 2640 fecissemus:
565 2597 649 2639 nunc
675 2576 827 2640 deteriore
854 2577 1036 2641 condicione

144 2693 241 2753 quam
267 2680 342 2756 aput
368 2680 473 2755 patres
499 2680 623 2736 nostros
650 2670 774 2734 fuerant
800 2671 925 2755 captivi.
976 2671 1056 2755 quip]

144 2787 232 2828 arma
253 2773 374 2828 tantum
397 2774 490 2848 atque
512 2766 589 2830 ordo
611 2764 765 2829 militandi
787 2765 952 2848 locusque,
980 2767 1013 2829 in
1030 2787 1056 2848 qr

144 2858 253 2921 derent
270 2858 303 2921 in
322 2858 446 2936 castris,
474 2868 522 2923 est
539 2867 691 2936 mutatus,
721 2880 801 2942 quae
820 2869 926 2923 tamen
945 2859 1043 2924 semel

95 2974 125 3022 16
145 2951 190 3015 rei
207 2950 351 3036 publicae
370 2975 465 3037 opera
477 2962 509 3017 et
521 2976 585 3018 uno
598 2953 683 3017 felici
695 2953 814 3038 proelio
828 2963 1054 3038 recuperarunt

145 3067 254 3109 eorum
279 3046 436 3132 relegatus
463 3048 495 3110 in
522 3047 650 3111 exilium
677 3056 738 3125 est,
774 3048 892 3111 nemini
920 3070 993 3133 spes
1022 3070 1056 3112 en

145 3140 300 3225 stipendia
317 3141 477 3226 adempta,
496 3141 595 3206 hostis
615 3141 748 3224 denique
768 3152 816 3205 est
833 3141 940 3218 datus,
960 3164 1056 3205 eum«

93 3257 124 3302 17
143 3236 294 3299 micantes
314 3244 367 3300 aut
384 3235 481 3299 vitam
500 3235 597 3299 semel
616 3242 670 3298 aut
686 3235 890 3320 ignominiam
904 3235 1056 3312 finirentp

144 3329 273 3411 quibus,
292 3329 353 3393 nisi
371 3329 456 3412 quod
474 3329 703 3405 commisimus,
722 3339 757 3392 ut
775 3330 942 3412 quisquam
962 3352 1003 3393 ex
1019 3327 1056 3394 Cr

144 3423 211 3486 acie
237 3423 327 3487 miles
346 3417 512 3488 Romanus
540 3433 731 3509 superesset,
760 3424 836 3487 nihil
864 3422 947 3487 obici
968 3434 1056 3509 potes

145 3515 247 3580 solum
265 3540 285 3580 a
300 3518 402 3602 patria
418 3517 528 3603 procul
544 3517 712 3601 Italiaque,
742 3518 797 3582 sed
820 3516 859 3581 ab
879 3518 970 3582 hoste
990 3519 1056 3581 etia:

94 3630 126 3677 18
144 3612 210 3697 gati
233 3633 356 3687 sumus,
384 3610 439 3675 ubi
462 3633 662 3676 senescamus
684 3612 718 3674 in
740 3611 846 3688 exilio,
875 3634 914 3674 ne
937 3633 1002 3694 qua
1025 3633 1056 3696 sp

144 3727 207 3788 qua
229 3705 353 3769 occasio
375 3705 548 3770 abolendae
569 3705 774 3791 ignominiae,
802 3727 841 3769 ne
864 3727 928 3789 qua
944 3706 1056 3790 placan

95 3818 126 3865 19
144 3799 231 3862 vium
248 3799 327 3876 irae,
346 3821 386 3863 ne
404 3821 467 3882 qua
485 3800 619 3882 denique
637 3798 716 3863 bene
731 3799 883 3862 moriendi
897 3799 946 3862 sit.
973 3821 1056 3883 nequ

145 3892 259 3957 miniae
285 3893 379 3957 finem
405 3915 464 3958 nec
489 3895 612 3958 virtutis
634 3895 807 3978 praemium
829 3894 981 3979 petimus:
1011 3915 1056 3958 me

144 3985 239 4069 periri
265 3988 405 4052 animum
432 3998 463 4052 et
488 3988 636 4052 virtutem
663 4009 807 4052 exercere
833 3987 939 4052 liceat.
980 3986 1056 4053 labo
