2528 4514
144 265 209 333 198
358 284 363 341 ζ
391 273 513 329 LIBER
528 271 659 344 XXIIII,
676 270 720 328 et.
740 264 942 344 [auarus

109 432 354 506 2Archimedes
379 431 408 498 is
434 440 515 510 erat,
542 431 654 498 unicus
677 440 834 517 spectator
860 430 941 495 caeli
967 429 1081 495 sideru

143 528 314 597 mirabilior
335 537 441 591 tamen
462 526 607 590 inventor
633 547 670 590 ac
692 525 888 590 machinator
910 524 1081 589 bellicorun

142 633 321 688 mentorum
347 640 553 706 operumque,
581 619 710 704 quibus,
739 616 788 706 [si
809 615 906 704 quid]
928 617 1039 684 hostes
1060 619 1081 683 ir

109 738 125 785 s
143 715 225 781 mole
242 722 385 802 agerent,
403 713 473 799 ipse
489 711 608 798 perlevi
625 722 784 778 momento
801 710 1025 778 ludificaretur.
1069 735 1081 776 r

142 831 200 896 per
224 806 397 891 inaequalis
423 806 536 870 ductus
564 805 678 883 colles,
713 805 863 892 pleraque
888 805 954 870 alta
981 815 1014 871 et
1039 804 1081 869 dit

143 901 244 979 aditu,
272 900 430 966 submissa
455 900 612 984 quaedam
638 910 671 965 et
696 920 777 984 quae
802 899 906 984 planis
928 898 1065 965 vallibus

142 1005 333 1082 possent-
349 1003 385 1061 ut
407 993 519 1078 cuique
541 1002 650 1081 aptum
671 994 776 1059 visum
802 1003 851 1059 est
871 993 957 1072 loco,
993 995 1038 1059 ita
1061 1016 1081 1081 g

107 1090 231 1162 iomni
256 1098 482 1156 tormentorum
506 1089 663 1154 instruxit.
716 1088 919 1154 Achradinae
944 1111 1080 1166 murum,

142 1193 178 1249 ut
202 1192 276 1250 ante
302 1183 510 1262 dictumest,
541 1183 621 1247 mari
647 1182 797 1262 adluitur,
833 1183 1001 1270 sexaginta
1025 1183 1081 1267 quir

109 1278 281 1351 5remibns
302 1276 475 1349 Marcellus
501 1276 714 1364 oppugnabat.
759 1298 800 1341 ex
825 1277 938 1342 ceteris
965 1277 1081 1343 navibu

142 1372 249 1459 gittari
274 1370 512 1456 funditoresque
537 1381 570 1437 et
591 1370 701 1437 velites
723 1371 832 1449 etiam,
860 1392 996 1455 quorum
1018 1370 1081 1435 telu

141 1466 365 1533 remittendum
389 1463 528 1532 inhabile
553 1464 705 1552 imperitis
729 1473 791 1544 est,
818 1464 873 1529 vix
894 1486 1077 1549 quemquam

110 1560 271 1632 evolnere
296 1559 467 1626 consistere
488 1559 522 1624 in
542 1582 633 1625 muro
653 1559 863 1646 patiebantur.
908 1558 957 1637 hi,
984 1558 1081 1644 quiae,

142 1654 315 1720 missilibus
333 1677 413 1741 opus
432 1663 490 1732 est,
508 1653 618 1739 procul
634 1675 725 1719 muro
743 1651 892 1717 tenebant
907 1675 1018 1718 nares.
1048 1652 1081 1716 itu

142 1748 223 1814 aliae
244 1747 338 1813 binae
360 1748 600 1832 quinqueremes
622 1747 757 1834 demptis
783 1746 985 1812 interioribus
1005 1745 1081 1812 remis

142 1842 225 1907 latus
247 1840 337 1906 lateri
359 1840 579 1926 adplicaretur,
611 1863 684 1906 oum
705 1840 858 1906 exteriore
883 1840 995 1906 ordine
1018 1858 1081 1905 rent

110 1926 231 2008 r'velut
251 1958 316 2000 una
337 1935 428 2000 navis
450 1944 631 2022 agerentur,
657 1945 759 2001 turres
782 1932 1000 2001 contabulatas
1016 1928 1081 1998 mad

110 2053 126 2102 8
145 2039 314 2114 menteque
331 2029 393 2095 alia
410 2030 586 2114 quatiendis
604 2030 701 2095 muris
719 2030 895 2118 portabant
922 2022 1081 2095 adversusl

143 2123 288 2188 navalem
305 2135 491 2210 apparatum
507 2121 716 2189 Archimedes
737 2124 843 2190 variae
864 2118 1067 2211 magnitud&
1077 2124 1081 2178 l

144 2227 250 2283 menta
266 2218 300 2282 in
316 2219 415 2284 muris
433 2218 598 2304 disposuit
632 2219 665 2282 in
683 2240 737 2283 eas
755 2240 837 2303 quae
853 2218 965 2304 procul
982 2218 1081 2282 erurttt¹

145 2336 223 2379 saxa
243 2313 364 2400 ingenti
385 2314 524 2399 pondere
545 2312 719 2391 emittebat,
746 2312 908 2399 propiores
930 2307 1076 2377 levioribus

111 2432 126 2480 9
143 2431 206 2493 que
225 2408 327 2496 magis
345 2408 463 2474 crebris
480 2407 608 2495 petebat
625 2408 695 2472 telis
701 2433 711 2486 3
732 2416 906 2495 postremo,
930 2418 966 2472 ut
983 2406 1028 2471 sui
1041 2397 1081 2468 rel

143 2501 252 2567 intacti
269 2502 332 2567 tela
348 2502 382 2567 in
398 2502 522 2567 hostem
539 2502 730 2587 ingererent,
749 2524 873 2566 murum
892 2499 933 2567 ab
950 2501 1012 2566 imo
1027 2495 1081 2563 adt

142 2619 231 2661 mum
248 2595 366 2662 crebris
384 2595 573 2662 cubitalibus
591 2595 657 2660 fere
674 2594 760 2659 cavis
778 2595 908 2681 aperuit,
927 2616 985 2681 per
999 2608 1081 2677 quaet

142 2711 217 2774 pars
235 2689 372 2775 sagittis,
398 2712 472 2776 pars
497 2688 712 2775 scorpionibus
735 2688 866 2754 modicis
891 2710 932 2753 ex
950 2685 1081 2767 occultu

93 2807 126 2857 10
143 2781 221 2847 bant
237 2782 370 2848 hostem.
401 2805 482 2867 quae
499 2784 629 2869 propius
647 2783 803 2867 quaedam
820 2780 971 2849 subibant
986 2799 1078 2854 nares,

142 2874 305 2941 interiores
331 2875 445 2942 ictibus
472 2886 698 2943 tormentorum
724 2886 844 2955 essent,
877 2877 911 2940 in
937 2898 992 2942 eas
1018 2871 1081 2940 tolle

144 2990 239 3056 super
256 2993 381 3035 murum
400 2970 555 3037 eminente
577 2971 679 3037 ferrea
700 2993 827 3050 manus,
854 2969 965 3036 firmae
982 2978 1081 3035 caten«

142 3060 259 3149 ligata,
295 3086 367 3129 cum
400 3065 515 3131 iniecta
544 3088 655 3151 prorae
686 3075 770 3130 esset
802 3064 956 3151 gravique
989 3063 1081 3129 libra!

141 3156 308 3243 plumbum
328 3159 488 3224 recelleret
510 3161 550 3224 ad
573 3161 689 3236 solum,
718 3181 873 3244 suspensa
892 3180 988 3244 prora
1008 3172 1081 3222 nave

93 3279 124 3325 11
142 3252 275 3337 puppim
294 3253 463 3331 statuebat,
491 3253 564 3318 dein
581 3254 713 3318 remissa
732 3252 836 3317 subito
853 3251 942 3316 velut
959 3274 1000 3316 ex
1016 3267 1081 3315 murt

144 3345 269 3410 dentem
298 3370 413 3412 navem
443 3369 516 3412 cum
545 3347 665 3433 ingenti
699 3345 905 3433 trepidatione
936 3354 1081 3411 nautaruu

143 3439 246 3504 undae
264 3440 447 3528 adfligebat,
474 3452 509 3505 ut
527 3441 650 3506 etiamsi
666 3452 752 3506 recta
769 3440 955 3519 resciderat,
983 3439 1081 3524 aliqua

144 3553 245 3618 aquae
263 3534 427 3620 acciperet.

94 3649 125 3696 12
208 3626 258 3693 Ita
278 3629 435 3693 maritima
456 3630 648 3716 oppugnatio
670 3641 718 3694 est
741 3628 829 3694 elusa
850 3628 1017 3713 omnisque
1043 3646 1081 3711 apt

94 3745 125 3791 13
143 3743 250 3800 versa,
276 3733 313 3787 ut
330 3723 403 3789 totis
421 3723 540 3788 viribus
559 3732 641 3788 terra
657 3723 913 3810 adgrederentur.
970 3722 1026 3788 sed
1042 3742 1077 3785 ea

143 3837 205 3899 que
231 3838 304 3902 pars
333 3818 443 3883 eodem
473 3817 558 3882 omni
588 3827 741 3903 apparatu
771 3826 999 3882 tormentorum
1024 3815 1081 3880 inst

145 3919 224 3988 erat,
255 3910 406 3977 Hieronis
428 3911 568 3998 inpensis
592 3933 728 3996 curaque
749 3933 807 3996 per
827 3910 947 3976 multos
969 3932 1080 3986 annos,

93 4015 127 4064 14
144 4002 297 4069 chimedis
320 4004 414 4070 unica
435 4015 510 4071 arte.
554 4013 666 4071 natura
687 4005 781 4070 etiam
802 4003 975 4099 adiuvabat
991 4003 1081 4082 loci,‘
