2528 4514
147 215 211 280 294
327 226 443 281 LIBER
462 224 575 290 XXVI,
594 223 636 280 25.
649 224 691 278 26.
712 222 967 296 [annnam]

146 384 212 450 acie
231 384 431 463 cecidissent,
459 405 513 450 eos
531 404 595 447 uno
617 381 738 447 tumulo
761 389 967 468 contegerent
982 381 1141 451 adhiberent·
1178 400 1193 465 q?

83 501 127 548 .14
145 501 207 564 que
233 477 370 543 humatis
393 477 532 543 titulum:
560 474 625 541 ‘hic
648 475 699 541 siti
722 484 795 541 sunt
815 473 1020 556 Acarnanes,
1047 477 1143 563 quial-
1181 518 1193 559 ,

145 595 256 639 versus
271 572 336 636 vim
350 580 443 655 atque
456 569 601 635 iniuriam
615 569 802 635 Aetolorum
815 592 873 655 pro
887 571 993 657 patria
1004 581 1144 660 pugnante

95 690 127 739 15
145 676 277 732 mortem
300 665 536 731 occubuerunt’.
571 686 628 750 per
644 663 723 729 haec
740 664 875 729 incitatis
894 664 1013 731 animis
1030 664 1147 732 casuali
1182 686 1183 695 ¹

64 816 86 837 ,,
145 761 292 827 extremis
314 760 429 827 finibus
457 761 522 826 suis
550 760 644 826 obvia
665 759 749 825 hosti
769 770 956 846 posuerunt.
1003 760 1147 827 nuntiierl
1182 784 1184 791 ·

144 854 328 940 Philippum
345 855 464 934 missis,
483 864 600 939 quanto
614 877 664 920 res
678 854 712 918 in
724 853 905 920 discrimine
920 864 1023 934 esset,
1042 856 1146 921 amitere
1192 914 1193 921 ,

145 948 328 1034 Philippum
354 948 388 1012 id
413 948 499 1033 quod
528 949 561 1012 in
587 947 733 1013 manibus
764 958 831 1014 erat
862 958 1042 1036 coegerunt
1066 948 1145 1017 belm

144 1041 357 1128 Iamphoryna
373 1065 430 1128 per
446 1043 636 1108 deditionem
657 1051 784 1128 recepta
806 1051 849 1108 et·
859 1065 1018 1131 prospero
1035 1044 1091 1111 alio
1102 1064 1149 1111 rua·

95 1160 126 1209 16
146 1158 238 1203 cessu
254 1159 369 1202 rerum.
413 1135 600 1202 Aetolorum
617 1137 770 1223 impetum
788 1136 970 1203 tardaverat
988 1139 1088 1225 primo
1100 1160 1149 1205 aar

143 1231 307 1297 iurationis
324 1232 410 1297 fama
427 1231 659 1311 Acarnanicae,
687 1231 800 1297 deinde
818 1232 948 1299 auditus
966 1232 1151 1322 Philippici

93 1347 124 1395 17
144 1335 256 1392 ventus
274 1327 397 1413 regredi
411 1326 505 1392 etiam
517 1326 550 1390 in
564 1326 691 1391 intimos
705 1327 809 1412 coegit
820 1327 904 1393 finis.
931 1328 1149 1417 neoPhilippu,

143 1443 347 1506 quamquam,
361 1443 402 1486 ne
411 1420 660 1507 opprimerentur
667 1419 862 1498 Acarnanes,
877 1420 1049 1489 itineribus
1058 1421 1151 1511 magni

142 1516 234 1593 ierat,
253 1515 335 1580 ultra
352 1514 453 1579 Dium
471 1525 519 1580 est
536 1536 733 1601 progressus.
773 1515 860 1594 inde,
878 1537 955 1581 cum
975 1517 1153 1585 audissetrt·
1183 1542 1193 1604 ¹,

143 1609 244 1673 ditum
261 1607 448 1674 Aetolorum
466 1631 506 1674 ex
523 1607 717 1686 Acarnania,
741 1618 772 1674 et
789 1609 858 1695 ipse
874 1608 1006 1676 Pellam
1023 1612 1113 1679 rediit.
1183 1632 1191 1685 κ,

110 1725 123 1771 1
207 1702 340 1769 XXVI.
376 1704 538 1769 Laevinus
557 1704 639 1770 veris
657 1704 809 1791 principio
824 1728 844 1770 a
858 1702 1007 1792 Corcyra
1023 1706 1152 1794 profectu
1187 1729 1193 1792 q

141 1796 276 1863 navibus
296 1810 441 1883 superato
455 1799 599 1864 Leucata
614 1798 830 1885 promunturio
848 1819 924 1864 eum
941 1800 1083 1867 venisset
1092 1799 1153 1867 Nan

142 1900 285 1975 pactum,
312 1890 498 1978 Anticyram
520 1893 594 1958 inde
616 1915 650 1958 se
668 1892 838 1979 petiturum
857 1893 973 1974 edixit,
1003 1905 1041 1961 ut
1057 1900 1152 1982 praesto

108 1983 188 2053 aibi
206 1981 327 2072 Scopas
341 1983 510 2071 Aetolique
529 1997 644 2054 essent.
681 1986 742 2051 sita
754 1984 910 2073 Anticyra
928 1998 981 2053 est
998 1986 1154 2057 nancta
1186 2028 1193 2071 1

142 2077 232 2144 laeva
257 2089 346 2164 parte
372 2079 476 2145 sinum
504 2079 741 2148 Corinthiacum
770 2081 907 2146 intranti.
972 2081 1071 2150 breve
1096 2093 1154 2149 ten
1187 2082 1193 2168 ,

109 2194 124 2242 3
143 2172 202 2238 iter
223 2194 274 2251 eo,
302 2172 406 2240 brevis
429 2174 588 2262 navigatio
611 2174 651 2240 ab
673 2174 837 2261 Naupacto
860 2184 919 2241 est.
966 2178 1062 2245 tertio
1081 2178 1153 2243 ferne
1187 2238 1193 2264 ,,

141 2275 214 2352 post
231 2267 282 2332 die
300 2268 457 2352 utrimque
476 2270 652 2356 oppugnari
674 2279 785 2356 coepta
807 2278 865 2335 est.
911 2273 1047 2356 gravior
1066 2267 1155 2338 anari
1191 2352 1193 2360 Ι

142 2362 336 2448 oppugnatio
362 2373 443 2441 erat,
479 2364 554 2446 quia
580 2373 619 2451 et
637 2373 792 2429 tormenta
819 2363 1053 2451 machinaeque
1077 2362 1154 2432 omnir
1188 2414 1193 2439 =

140 2456 265 2542 generis
291 2456 325 2521 in
351 2456 486 2522 navibus
514 2468 601 2523 erant
628 2469 659 2523 et
681 2458 817 2525 Romani
842 2458 917 2524 inde
940 2459 1153 2550 oppugnabant·
1187 2452 1193 2529 J

139 2552 244 2635 itaque
273 2551 355 2616 iutra
384 2574 503 2638 paucos
535 2553 604 2618 dies
635 2564 760 2639 recepta
791 2553 865 2618 urbs
896 2576 955 2639 per
988 2555 1152 2621 deditionem

139 2642 263 2710 Aetolis
283 2645 427 2724 traditur,
445 2647 563 2731 praeda
581 2669 621 2711 ex
638 2658 730 2733 pacto
748 2646 902 2712 Romanis
922 2649 1033 2715 cessit.
1185 2722 1190 2733 ,

105 2758 121 2803 4
203 2738 344 2804 Litterae
369 2739 514 2806 Laevino
537 2740 693 2818 redditae,
726 2739 887 2807 consulem
915 2765 992 2808 eum
1016 2742 1151 2810 absentem
1188 2766 1191 2779 ·

140 2829 343 2908 declaratum,
363 2842 394 2897 et
413 2856 628 2900 successorem
645 2836 750 2900 venire
764 2834 802 2900 P.
819 2833 1012 2921 Sulpicium.
1040 2846 1150 2903 ceterum
1187 2916 1193 2930 ἱ

139 2923 285 2989 diuturno
303 2923 348 2990 ibi
365 2925 474 2992 morbo
497 2928 655 3014 inplicitus
680 2929 779 2994 serius
799 2951 855 3015 spe
878 2930 1025 2996 omnium
1041 2930 1149 2997 Roman
1186 3008 1193 3023 ἢ

139 3017 235 3082 venit.

103 3133 119 3180 a
201 3111 249 3178 M.
268 3113 440 3181 Marcellus
464 3138 537 3181 cum
559 3115 664 3182 idibus
683 3115 807 3182 Martiis
831 3117 1033 3185 consulatum
1054 3117 1147 3189 inissa

138 3218 282 3273 senatum
300 3230 338 3272 eo
356 3208 406 3274 die
424 3210 521 3275 moris
540 3210 635 3275 modo
653 3232 749 3276 causa
766 3210 891 3289 habuit,
914 3213 1079 3298 professus
1093 3202 1148 3275 nili
1189 3278 1192 3283 .

138 3323 172 3366 se
198 3300 329 3368 absente
356 3303 488 3389 conlega
513 3325 615 3387 neque
642 3305 681 3369 de
704 3327 738 3369 re
761 3303 888 3390 publica
914 3329 1021 3392 neque
1042 3307 1079 3372 de
1096 3322 1148 3390 ptr
1189 3358 1193 3396 ÷

102 3395 248 3463 uvinciis
266 3406 423 3462 acturunrr
459 3397 538 3464 scire
557 3420 592 3463 se
609 3397 781 3484 frequentis
797 3397 924 3465 Siculos
941 3423 1042 3489 prope
1062 3398 1147 3465 urben
1189 3428 1193 3453 :

137 3488 170 3553 in
188 3488 269 3554 villis
287 3489 532 3557 obtrectatorum
547 3514 675 3558 suorum
690 3516 775 3572 esse3
794 3492 910 3577 quibus
924 3504 1048 3561 tantum
1060 3493 1147 3560 abac
1191 3570 1193 3579 Ι

136 3591 171 3647 ut
188 3605 246 3668 per
264 3606 297 3648 se
316 3608 380 3650 non
397 3585 490 3650 liceat
508 3586 612 3671 palam
629 3587 752 3652 Romae
771 3587 902 3654 crimina
920 3589 1020 3668 edita,
1041 3580 1145 3653 ficunt
1191 3648 1193 3653 .

103 3699 117 3743 a
136 3676 285 3756 inimicis,
305 3679 447 3766 vulgare,
472 3690 520 3757 ut,
543 3680 575 3744 ni
594 3680 776 3746 simularent
793 3681 932 3765 aliquem
949 3682 1013 3749 sibi
1030 3682 1144 3747 timorem

137 3768 267 3835 absente
293 3773 425 3860 conlega
452 3774 575 3839 dicendi
601 3775 640 3840 de
672 3775 800 3841 consule
826 3798 914 3854 esse,
948 3777 1019 3864 ipsc
1044 3774 1086 3842 eia
1107 3790 1144 3835 οι·

10 3910 17 3921 ,
137 3865 253 3948 templo
288 3867 418 3932 daturus
455 3879 598 3934 senatum
633 3869 736 3934 fuerit.
795 3869 851 3935 ubi
881 3870 1011 3954 quidem
1038 3865 1143 3949 oculta!

137 3957 289 4038 venisset,
310 3984 383 4027 ‚non
409 3984 577 4049 passurum
603 3964 773 4050 quicquam
799 3965 887 4051 prius
915 3965 982 4052 agi,
1013 3984 1097 4050 quam
1118 3966 1142 4019 ¹¹1
