<?xml version="1.0" encoding="UTF-8"?>
<!DOCTYPE html PUBLIC "-//W3C//DTD XHTML 1.0 Transitional//EN"
    "http://www.w3.org/TR/xhtml1/DTD/xhtml1-transitional.dtd">
<html xmlns="http://www.w3.org/1999/xhtml" xml:lang="en" lang="en">
 <head>
  <title>
</title>
<meta http-equiv="Content-Type" content="text/html;charset=utf-8" />
  <meta name='ocr-system' content='tesseract 3.04.00' />
  <meta name='ocr-capabilities' content='ocr_page ocr_carea ocr_par ocr_line ocrx_word'/>
</head>
<body>
  <div class='ocr_page' id='page_1' title='image "./titiliviaburbec00weisgoog_0279.png"; bbox 0 0 2528 4514; ppageno 0'>
   <div class='ocr_carea' id='block_1_1' title="bbox 221 232 1008 314">
    <p class='ocr_par' dir='ltr' id='par_1_1' title="bbox 221 232 1008 314">
     <span class='ocr_line' id='line_1_1' title="bbox 221 232 1008 314; baseline 0 -16"><span class='ocrx_word' id='word_1_1' title='bbox 221 242 339 298; x_wconf 80' lang='lat' dir='ltr'>urana</span> <span class='ocrx_word' id='word_1_2' title='bbox 356 241 472 314; x_wconf 84' lang='lat' dir='ltr'>xxm,</span> <span class='ocrx_word' id='word_1_3' title='bbox 490 241 591 298; x_wconf 76' lang='grc'><strong>4444.</strong></span> <span class='ocrx_word' id='word_1_4' title='bbox 611 241 691 312; x_wconf 70' lang='lat' dir='ltr'>[ao.</span> <span class='ocrx_word' id='word_1_5' title='bbox 700 244 764 314; x_wconf 80' lang='lat' dir='ltr'>ars]</span> <span class='ocrx_word' id='word_1_6' title='bbox 945 232 1008 299; x_wconf 81' lang='lat'>159</span> 
     </span>
    </p>
   </div>
   <div class='ocr_carea' id='block_1_2' title="bbox 94 399 1047 3631">
    <p class='ocr_par' dir='ltr' id='par_1_2' title="bbox 95 399 1045 678">
     <span class='ocr_line' id='line_1_2' title="bbox 95 399 1045 493; baseline 0.007 -28.015"><span class='ocrx_word' id='word_1_7' title='bbox 95 400 240 477; x_wconf 90' lang='lat' dir='ltr'>,utsimul</span> <span class='ocrx_word' id='word_1_8' title='bbox 257 399 298 466; x_wconf 93' lang='lat' dir='ltr'>ab</span> <span class='ocrx_word' id='word_1_9' title='bbox 316 402 403 466; x_wconf 91' lang='lat' dir='ltr'>omni</span> <span class='ocrx_word' id='word_1_10' title='bbox 415 411 504 493; x_wconf 87' lang='lat' dir='ltr'>parte</span> <span class='ocrx_word' id='word_1_11' title='bbox 518 401 641 466; x_wconf 91' lang='lat' dir='ltr'>moenia</span> <span class='ocrx_word' id='word_1_12' title='bbox 652 400 886 488; x_wconf 80' lang='lat' dir='ltr'>adgrederetur.</span> <span class='ocrx_word' id='word_1_13' title='bbox 914 425 1009 488; x_wconf 87' lang='lat' dir='ltr'>quem</span> <span class='ocrx_word' id='word_1_14' title='bbox 1026 425 1045 473; x_wconf 82' lang='grc'><strong>4</strong></span> 
     </span>
     <span class='ocr_line' id='line_1_3' title="bbox 95 487 1010 606; baseline 0 -44"><span class='ocrx_word' id='word_1_15' title='bbox 95 495 215 562; x_wconf 63' lang='lat' dir='ltr'>accuse</span> <span class='ocrx_word' id='word_1_16' title='bbox 228 495 326 560; x_wconf 88' lang='lat' dir='ltr'>muris</span> <span class='ocrx_word' id='word_1_17' title='bbox 335 487 508 561; x_wconf 83' lang='lat' dir='ltr'>Marcellus</span> <span class='ocrx_word' id='word_1_18' title='bbox 520 496 636 573; x_wconf 74' lang='lat' dir='ltr'>vidit&#39;</span> <span class='ocrx_word' id='word_1_19' title='bbox 626 519 676 561; x_wconf 90' lang='lat' dir='ltr'>ms</span> <span class='ocrx_word' id='word_1_20' title='bbox 678 505 780 561; x_wconf 88' lang='lat' dir='ltr'>tructa</span> <span class='ocrx_word' id='word_1_21' title='bbox 792 496 875 562; x_wconf 91' lang='lat' dir='ltr'>intra</span> <span class='ocrx_word' id='word_1_22' title='bbox 887 506 1010 606; x_wconf 86' lang='lat' dir='ltr'>portam</span> 
     </span>
     <span class='ocr_line' id='line_1_4' title="bbox 95 590 1011 678; baseline 0.002 -24"><span class='ocrx_word' id='word_1_23' title='bbox 95 611 145 655; x_wconf 85' lang='lat' dir='ltr'>run</span> <span class='ocrx_word' id='word_1_24' title='bbox 167 612 281 678; x_wconf 84' lang='lat' dir='ltr'>magno</span> <span class='ocrx_word' id='word_1_25' title='bbox 308 590 422 654; x_wconf 88' lang='lat' dir='ltr'><strong>tumult</strong></span> <span class='ocrx_word' id='word_1_26' title='bbox 409 599 445 654; x_wconf 92' lang='lat' dir='ltr'>tu</span> <span class='ocrx_word' id='word_1_27' title='bbox 471 591 582 674; x_wconf 85' lang='lat' dir='ltr'>erupit.</span> <span class='ocrx_word' id='word_1_28' title='bbox 626 591 745 675; x_wconf 81' lang='lat' dir='ltr'>aliquot</span> <span class='ocrx_word' id='word_1_29' title='bbox 767 591 868 676; x_wconf 91' lang='lat' dir='ltr'>primo</span> <span class='ocrx_word' id='word_1_30' title='bbox 891 593 1011 677; x_wconf 88' lang='lat' dir='ltr'>impetu</span> 
     </span>
    </p>

    <p class='ocr_par' dir='ltr' id='par_1_3' title="bbox 95 682 1012 1054">
     <span class='ocr_line' id='line_1_5' title="bbox 95 682 1011 772; baseline 0.004 -25"><span class='ocrx_word' id='word_1_31' title='bbox 95 682 118 749; x_wconf 87' lang='lat' dir='ltr'>lsi</span> <span class='ocrx_word' id='word_1_32' title='bbox 130 685 275 769; x_wconf 74' lang='lat' dir='ltr'>caesique</span> <span class='ocrx_word' id='word_1_33' title='bbox 293 692 379 761; x_wconf 85' lang='lat' dir='ltr'>sunt,</span> <span class='ocrx_word' id='word_1_34' title='bbox 407 684 480 748; x_wconf 88' lang='lat' dir='ltr'>dein</span> <span class='ocrx_word' id='word_1_35' title='bbox 503 706 657 749; x_wconf 82' lang='lat' dir='ltr'>concursu</span> <span class='ocrx_word' id='word_1_36' title='bbox 675 684 716 749; x_wconf 85' lang='lat' dir='ltr'>ad</span> <span class='ocrx_word' id='word_1_37' title='bbox 732 685 902 772; x_wconf 86' lang='lat' dir='ltr'>pugnantis</span> <span class='ocrx_word' id='word_1_38' title='bbox 924 686 1011 751; x_wconf 86' lang='lat' dir='ltr'>facto</span> 
     </span>
     <span class='ocr_line' id='line_1_6' title="bbox 95 777 1012 866; baseline 0.003 -23"><span class='ocrx_word' id='word_1_39' title='bbox 95 779 178 864; x_wconf 79' lang='lat' dir='ltr'>lisque</span> <span class='ocrx_word' id='word_1_40' title='bbox 195 777 315 844; x_wconf 86' lang='lat' dir='ltr'>viribus</span> <span class='ocrx_word' id='word_1_41' title='bbox 335 787 425 843; x_wconf 86' lang='lat' dir='ltr'>atrox</span> <span class='ocrx_word' id='word_1_42' title='bbox 438 801 508 843; x_wconf 87' lang='lat' dir='ltr'>esse</span> <span class='ocrx_word' id='word_1_43' title='bbox 522 779 626 864; x_wconf 89' lang='lat' dir='ltr'>coepit</span> <span class='ocrx_word' id='word_1_44' title='bbox 642 801 764 866; x_wconf 87' lang='lat' dir='ltr'>pugna,</span> <span class='ocrx_word' id='word_1_45' title='bbox 782 779 1012 846; x_wconf 87' lang='lat' dir='ltr'>memorabilis-</span> 
     </span>
     <span class='ocr_line' id='line_1_7' title="bbox 95 872 1010 960; baseline 0.004 -24"><span class='ocrx_word' id='word_1_46' title='bbox 95 883 145 938; x_wconf 86' lang='lat' dir='ltr'>rter</span> <span class='ocrx_word' id='word_1_47' title='bbox 164 895 283 959; x_wconf 87' lang='lat' dir='ltr'>paucas</span> <span class='ocrx_word' id='word_1_48' title='bbox 306 872 434 951; x_wconf 76' lang='lat' dir='ltr'>fuisset,</span> <span class='ocrx_word' id='word_1_49' title='bbox 460 873 494 937; x_wconf 92' lang='lat' dir='ltr'>ni</span> <span class='ocrx_word' id='word_1_50' title='bbox 515 873 697 959; x_wconf 81' lang='lat' dir='ltr'>ingentibus</span> <span class='ocrx_word' id='word_1_51' title='bbox 719 874 865 960; x_wconf 90' lang='lat' dir='ltr'>procellis</span> <span class='ocrx_word' id='word_1_52' title='bbox 889 874 1010 941; x_wconf 85' lang='lat' dir='ltr'>effusus</span> 
     </span>
     <span class='ocr_line' id='line_1_8' title="bbox 98 967 465 1054; baseline 0 -22"><span class='ocrx_word' id='word_1_53' title='bbox 98 967 270 1033; x_wconf 87' lang='lat' dir='ltr'>diremisset</span> <span class='ocrx_word' id='word_1_54' title='bbox 287 968 465 1054; x_wconf 88' lang='lat' dir='ltr'>pugnantia.</span> 
     </span>
    </p>

    <p class='ocr_par' dir='ltr' id='par_1_4' title="bbox 94 1061 1045 2733">
     <span class='ocr_line' id='line_1_9' title="bbox 117 1061 1045 1146; baseline 0.004 -19"><span class='ocrx_word' id='word_1_55' title='bbox 117 1063 166 1127; x_wconf 90' lang='lat' dir='ltr'>die</span> <span class='ocrx_word' id='word_1_56' title='bbox 193 1062 363 1127; x_wconf 86' lang='lat' dir='ltr'>commisso</span> <span class='ocrx_word' id='word_1_57' title='bbox 393 1062 518 1128; x_wconf 88' lang='lat' dir='ltr'>modico</span> <span class='ocrx_word' id='word_1_58' title='bbox 549 1061 718 1127; x_wconf 88' lang='lat' dir='ltr'>certamine</span> <span class='ocrx_word' id='word_1_59' title='bbox 749 1071 843 1146; x_wconf 86' lang='lat' dir='ltr'>atque</span> <span class='ocrx_word' id='word_1_60' title='bbox 873 1063 1045 1132; x_wconf 80' lang='lat' dir='ltr'>inritatiso</span> 
     </span>
     <span class='ocr_line' id='line_1_10' title="bbox 103 1156 1009 1243; baseline 0 -21"><span class='ocrx_word' id='word_1_61' title='bbox 103 1158 138 1222; x_wconf 91' lang='lat' dir='ltr'>in</span> <span class='ocrx_word' id='word_1_62' title='bbox 150 1157 263 1223; x_wconf 89' lang='lat' dir='ltr'>urbem</span> <span class='ocrx_word' id='word_1_63' title='bbox 271 1157 417 1235; x_wconf 89' lang='lat' dir='ltr'>Romani,</span> <span class='ocrx_word' id='word_1_64' title='bbox 436 1156 539 1222; x_wconf 88' lang='lat' dir='ltr'>Poeni</span> <span class='ocrx_word' id='word_1_65' title='bbox 554 1157 589 1221; x_wconf 86' lang='lat' dir='ltr'>in</span> <span class='ocrx_word' id='word_1_66' title='bbox 606 1165 709 1221; x_wconf 81' lang='lat' dir='ltr'>castra</span> <span class='ocrx_word' id='word_1_67' title='bbox 721 1166 906 1243; x_wconf 88' lang='lat' dir='ltr'>receperunt</span> <span class='ocrx_word' id='word_1_68' title='bbox 923 1179 1009 1223; x_wconf 81' lang='lat' dir='ltr'>sese:</span> 
     </span>
     <span class='ocr_line' id='line_1_11' title="bbox 95 1250 1009 1338; baseline -0.001 -21"><span class='ocrx_word' id='word_1_69' title='bbox 95 1251 273 1318; x_wconf 89' lang='lat' dir='ltr'>Poenorum</span> <span class='ocrx_word' id='word_1_70' title='bbox 290 1252 392 1337; x_wconf 87' lang='lat' dir='ltr'>prima</span> <span class='ocrx_word' id='word_1_71' title='bbox 410 1252 572 1338; x_wconf 89' lang='lat' dir='ltr'>eruptione</span> <span class='ocrx_word' id='word_1_72' title='bbox 590 1250 727 1337; x_wconf 86' lang='lat' dir='ltr'>perculsi</span> <span class='ocrx_word' id='word_1_73' title='bbox 745 1251 925 1316; x_wconf 88' lang='lat' dir='ltr'>ceciderunt</span> <span class='ocrx_word' id='word_1_74' title='bbox 942 1274 1009 1316; x_wconf 84' lang='lat' dir='ltr'>arn·</span> 
     </span>
     <span class='ocr_line' id='line_1_12' title="bbox 95 1343 1044 1434; baseline 0.001 -23"><span class='ocrx_word' id='word_1_75' title='bbox 95 1347 316 1434; x_wconf 68' lang='lat' dir='ltr'>quadringenti,</span> <span class='ocrx_word' id='word_1_76' title='bbox 353 1346 490 1411; x_wconf 87' lang='lat' dir='ltr'>Romani</span> <span class='ocrx_word' id='word_1_77' title='bbox 519 1345 757 1432; x_wconf 82' lang='lat' dir='ltr'>quinquaginta.</span> <span class='ocrx_word' id='word_1_78' title='bbox 802 1343 904 1410; x_wconf 86' lang='lat' dir='ltr'>imber</span> <span class='ocrx_word' id='word_1_79' title='bbox 935 1365 1044 1413; x_wconf 82' lang='lat' dir='ltr'>con-a</span> 
     </span>
     <span class='ocr_line' id='line_1_13' title="bbox 95 1438 1012 1528; baseline -0.003 -22"><span class='ocrx_word' id='word_1_80' title='bbox 95 1450 289 1528; x_wconf 85' lang='lat' dir='ltr'>pernoctem</span> <span class='ocrx_word' id='word_1_81' title='bbox 307 1450 404 1506; x_wconf 89' lang='lat' dir='ltr'>totam</span> <span class='ocrx_word' id='word_1_82' title='bbox 422 1462 524 1524; x_wconf 90' lang='lat' dir='ltr'>usque</span> <span class='ocrx_word' id='word_1_83' title='bbox 546 1440 587 1504; x_wconf 89' lang='lat' dir='ltr'>ad</span> <span class='ocrx_word' id='word_1_84' title='bbox 604 1440 714 1504; x_wconf 90' lang='lat' dir='ltr'>horam</span> <span class='ocrx_word' id='word_1_85' title='bbox 737 1439 860 1504; x_wconf 87' lang='lat' dir='ltr'>tertiam</span> <span class='ocrx_word' id='word_1_86' title='bbox 883 1438 946 1504; x_wconf 91' lang='lat' dir='ltr'>diei</span> <span class='ocrx_word' id='word_1_87' title='bbox 961 1439 1012 1503; x_wconf 92' lang='lat' dir='ltr'>in·</span> 
     </span>
     <span class='ocr_line' id='line_1_14' title="bbox 95 1533 1011 1619; baseline -0.003 -18"><span class='ocrx_word' id='word_1_88' title='bbox 95 1537 131 1601; x_wconf 90' lang='lat' dir='ltr'>tis</span> <span class='ocrx_word' id='word_1_89' title='bbox 157 1536 276 1613; x_wconf 86' lang='lat' dir='ltr'>tenuit3</span> <span class='ocrx_word' id='word_1_90' title='bbox 311 1536 417 1619; x_wconf 87' lang='lat' dir='ltr'>itaque</span> <span class='ocrx_word' id='word_1_91' title='bbox 444 1555 637 1618; x_wconf 87' lang='lat' dir='ltr'>quamquam</span> <span class='ocrx_word' id='word_1_92' title='bbox 662 1543 795 1617; x_wconf 84' lang='lat' dir='ltr'>utraque</span> <span class='ocrx_word' id='word_1_93' title='bbox 826 1556 900 1619; x_wconf 89' lang='lat' dir='ltr'>pars</span> <span class='ocrx_word' id='word_1_94' title='bbox 925 1533 1011 1599; x_wconf 85' lang='lat' dir='ltr'>avidi</span> 
     </span>
     <span class='ocr_line' id='line_1_15' title="bbox 95 1626 1009 1706; baseline -0.002 -12"><span class='ocrx_word' id='word_1_95' title='bbox 95 1630 149 1694; x_wconf 89' lang='lat' dir='ltr'>&#39;mis</span> <span class='ocrx_word' id='word_1_96' title='bbox 168 1638 270 1706; x_wconf 88' lang='lat' dir='ltr'>erant,</span> <span class='ocrx_word' id='word_1_97' title='bbox 290 1652 328 1694; x_wconf 89' lang='lat' dir='ltr'>eo</span> <span class='ocrx_word' id='word_1_98' title='bbox 343 1630 393 1694; x_wconf 93' lang='lat' dir='ltr'>die</span> <span class='ocrx_word' id='word_1_99' title='bbox 407 1637 575 1694; x_wconf 91' lang='lat' dir='ltr'>tenuerunt</span> <span class='ocrx_word' id='word_1_100' title='bbox 588 1649 659 1694; x_wconf 88' lang='lat' dir='ltr'>sese</span> <span class='ocrx_word' id='word_1_101' title='bbox 673 1637 779 1693; x_wconf 90' lang='lat' dir='ltr'>tamen</span> <span class='ocrx_word' id='word_1_102' title='bbox 796 1626 1009 1694; x_wconf 90' lang='lat' dir='ltr'>munimentis.</span> 
     </span>
     <span class='ocr_line' id='line_1_16' title="bbox 95 1722 1011 1809; baseline -0.003 -20"><span class='ocrx_word' id='word_1_103' title='bbox 95 1726 130 1790; x_wconf 89' lang='lat' dir='ltr'>lie</span> <span class='ocrx_word' id='word_1_104' title='bbox 144 1723 309 1789; x_wconf 89' lang='lat' dir='ltr'>Hannibal</span> <span class='ocrx_word' id='word_1_105' title='bbox 326 1734 448 1809; x_wconf 90' lang='lat' dir='ltr'>partem</span> <span class='ocrx_word' id='word_1_106' title='bbox 467 1723 628 1808; x_wconf 89' lang='lat' dir='ltr'>copiarum</span> <span class='ocrx_word' id='word_1_107' title='bbox 645 1722 831 1808; x_wconf 87' lang='lat' dir='ltr'>praedatum</span> <span class='ocrx_word' id='word_1_108' title='bbox 847 1722 881 1786; x_wconf 92' lang='lat' dir='ltr'>in</span> <span class='ocrx_word' id='word_1_109' title='bbox 899 1744 1011 1809; x_wconf 85' lang='lat' dir='ltr'>agrum</span> 
     </span>
     <span class='ocr_line' id='line_1_17' title="bbox 95 1815 1045 1903; baseline 0.001 -20"><span class='ocrx_word' id='word_1_110' title='bbox 95 1843 128 1883; x_wconf 92' lang='lat' dir='ltr'>m</span> <span class='ocrx_word' id='word_1_111' title='bbox 154 1819 250 1883; x_wconf 88' lang='lat' dir='ltr'>misit.</span> <span class='ocrx_word' id='word_1_112' title='bbox 295 1819 384 1903; x_wconf 91' lang='lat' dir='ltr'>quod</span> <span class='ocrx_word' id='word_1_113' title='bbox 408 1817 465 1884; x_wconf 82' lang='lat' dir='ltr'>ubi</span> <span class='ocrx_word' id='word_1_114' title='bbox 490 1817 712 1882; x_wconf 74' lang='lat' dir='ltr'>animadvertit</span> <span class='ocrx_word' id='word_1_115' title='bbox 736 1815 924 1894; x_wconf 87' lang='lat' dir='ltr'>Marcellus,</span> <span class='ocrx_word' id='word_1_116' title='bbox 955 1838 1045 1885; x_wconf 69' lang='grc' dir='ltr'><strong>ιιι-ι</strong></span> 
     </span>
     <span class='ocr_line' id='line_1_18' title="bbox 104 1910 1010 1998; baseline -0.003 -20"><span class='ocrx_word' id='word_1_117' title='bbox 104 1914 139 1978; x_wconf 92' lang='lat' dir='ltr'>in</span> <span class='ocrx_word' id='word_1_118' title='bbox 151 1913 252 1978; x_wconf 87' lang='lat' dir='ltr'>aciem</span> <span class='ocrx_word' id='word_1_119' title='bbox 267 1913 373 1998; x_wconf 84' lang='lat' dir='ltr'>copias</span> <span class='ocrx_word' id='word_1_120' title='bbox 389 1913 506 1990; x_wconf 82' lang='lat' dir='ltr'>eduxit,</span> <span class='ocrx_word' id='word_1_121' title='bbox 525 1933 628 1995; x_wconf 91' lang='lat' dir='ltr'>neque</span> <span class='ocrx_word' id='word_1_122' title='bbox 637 1910 800 1977; x_wconf 84' lang='lat' dir='ltr'>Hannibal</span> <span class='ocrx_word' id='word_1_123' title='bbox 815 1910 1010 1977; x_wconf 86' lang='lat' dir='ltr'>detractavit.</span> 
     </span>
     <span class='ocr_line' id='line_1_19' title="bbox 95 2005 1011 2093; baseline -0.003 -21"><span class='ocrx_word' id='word_1_124' title='bbox 95 2030 140 2072; x_wconf 79' lang='lat' dir='ltr'>are</span> <span class='ocrx_word' id='word_1_125' title='bbox 158 2029 312 2093; x_wconf 86' lang='lat' dir='ltr'>passuum</span> <span class='ocrx_word' id='word_1_126' title='bbox 328 2007 411 2071; x_wconf 89' lang='lat' dir='ltr'>inter</span> <span class='ocrx_word' id='word_1_127' title='bbox 428 2007 539 2072; x_wconf 89' lang='lat' dir='ltr'>urbem</span> <span class='ocrx_word' id='word_1_128' title='bbox 558 2015 645 2071; x_wconf 91' lang='lat' dir='ltr'>erant</span> <span class='ocrx_word' id='word_1_129' title='bbox 658 2015 837 2091; x_wconf 86' lang='lat' dir='ltr'>castraque:</span> <span class='ocrx_word' id='word_1_130' title='bbox 857 2027 894 2071; x_wconf 90' lang='lat' dir='ltr'>eo</span> <span class='ocrx_word' id='word_1_131' title='bbox 908 2005 1011 2091; x_wconf 92' lang='lat' dir='ltr'>spatio</span> 
     </span>
     <span class='ocr_line' id='line_1_20' title="bbox 94 2099 1044 2187; baseline 0.002 -22"><span class='ocrx_word' id='word_1_132' title='bbox 94 2111 128 2167; x_wconf 91' lang='lat' dir='ltr'>nt</span> <span class='ocrx_word' id='word_1_133' title='bbox 147 2102 253 2167; x_wconf 89' lang='lat' dir='ltr'>omnia</span> <span class='ocrx_word' id='word_1_134' title='bbox 266 2103 369 2187; x_wconf 89' lang='lat' dir='ltr'>campi</span> <span class='ocrx_word' id='word_1_135' title='bbox 384 2099 864 2167; x_wconf 86' lang='lat' dir='ltr'>ciroaNolam-ooncnrrerunt.</span> <span class='ocrx_word' id='word_1_136' title='bbox 892 2099 1010 2164; x_wconf 88' lang='lat' dir='ltr'>elamor</span> <span class='ocrx_word' id='word_1_137' title='bbox 1028 2119 1044 2168; x_wconf 85' lang='lat'>8</span> 
     </span>
     <span class='ocr_line' id='line_1_21' title="bbox 95 2193 1009 2281; baseline -0.005 -19"><span class='ocrx_word' id='word_1_138' title='bbox 95 2207 119 2262; x_wconf 91' lang='lat' dir='ltr'>te</span> <span class='ocrx_word' id='word_1_139' title='bbox 134 2206 266 2280; x_wconf 89' lang='lat' dir='ltr'>utraque</span> <span class='ocrx_word' id='word_1_140' title='bbox 281 2196 423 2261; x_wconf 87' lang='lat' dir='ltr'>sublatus</span> <span class='ocrx_word' id='word_1_141' title='bbox 437 2195 597 2281; x_wconf 87' lang='lat' dir='ltr'>proximos</span> <span class='ocrx_word' id='word_1_142' title='bbox 612 2216 652 2258; x_wconf 85' lang='lat' dir='ltr'>ex</span> <span class='ocrx_word' id='word_1_143' title='bbox 666 2193 846 2260; x_wconf 88' lang='lat' dir='ltr'>cohortibus</span> <span class='ocrx_word' id='word_1_144' title='bbox 859 2194 909 2272; x_wconf 88' lang='lat' dir='ltr'>iis,</span> <span class='ocrx_word' id='word_1_145' title='bbox 928 2215 1009 2278; x_wconf 91' lang='lat' dir='ltr'>quae</span> 
     </span>
     <span class='ocr_line' id='line_1_22' title="bbox 95 2287 1010 2376; baseline -0.004 -21"><span class='ocrx_word' id='word_1_146' title='bbox 95 2315 116 2357; x_wconf 74' lang='lat' dir='ltr'>»s</span> <span class='ocrx_word' id='word_1_147' title='bbox 134 2292 321 2376; x_wconf 88' lang='lat' dir='ltr'>praedatum</span> <span class='ocrx_word' id='word_1_148' title='bbox 335 2291 488 2368; x_wconf 84' lang='lat' dir='ltr'>exierant,</span> <span class='ocrx_word' id='word_1_149' title='bbox 508 2289 549 2354; x_wconf 87' lang='lat' dir='ltr'>ad</span> <span class='ocrx_word' id='word_1_150' title='bbox 561 2288 715 2374; x_wconf 91' lang='lat' dir='ltr'>proelium</span> <span class='ocrx_word' id='word_1_151' title='bbox 726 2288 791 2353; x_wconf 89' lang='lat' dir='ltr'>iam</span> <span class='ocrx_word' id='word_1_152' title='bbox 805 2287 1010 2353; x_wconf 90' lang='lat' dir='ltr'>commissum</span> 
     </span>
     <span class='ocr_line' id='line_1_23' title="bbox 95 2383 1044 2464; baseline 0 -16"><span class='ocrx_word' id='word_1_153' title='bbox 95 2385 139 2450; x_wconf 84' lang='lat' dir='ltr'>rit.</span> <span class='ocrx_word' id='word_1_154' title='bbox 191 2396 222 2448; x_wconf 91' lang='lat' dir='ltr'>et</span> <span class='ocrx_word' id='word_1_155' title='bbox 248 2383 362 2449; x_wconf 88' lang='lat' dir='ltr'>Nolani</span> <span class='ocrx_word' id='word_1_156' title='bbox 389 2385 488 2449; x_wconf 89' lang='lat' dir='ltr'>aciem</span> <span class='ocrx_word' id='word_1_157' title='bbox 515 2383 694 2449; x_wconf 87' lang='lat' dir='ltr'>Romanam</span> <span class='ocrx_word' id='word_1_158' title='bbox 723 2389 893 2457; x_wconf 86' lang='lat' dir='ltr'>auxerunt,</span> <span class='ocrx_word' id='word_1_159' title='bbox 928 2400 1044 2464; x_wconf 79' lang='lat' dir='ltr'>quoae</span> 
     </span>
     <span class='ocr_line' id='line_1_24' title="bbox 95 2474 1010 2545; baseline -0.007 -1"><span class='ocrx_word' id='word_1_160' title='bbox 95 2480 177 2545; x_wconf 85' lang='lat' dir='ltr'>latos</span> <span class='ocrx_word' id='word_1_161' title='bbox 203 2478 376 2545; x_wconf 87' lang='lat' dir='ltr'>Marcellus</span> <span class='ocrx_word' id='word_1_162' title='bbox 403 2479 437 2543; x_wconf 93' lang='lat' dir='ltr'>in</span> <span class='ocrx_word' id='word_1_163' title='bbox 469 2478 618 2544; x_wconf 77' lang='lat' dir='ltr'>subsidiis</span> <span class='ocrx_word' id='word_1_164' title='bbox 651 2487 733 2543; x_wconf 87' lang='lat' dir='ltr'>stare</span> <span class='ocrx_word' id='word_1_165' title='bbox 760 2485 792 2542; x_wconf 92' lang='lat' dir='ltr'>et</span> <span class='ocrx_word' id='word_1_166' title='bbox 818 2474 942 2541; x_wconf 85' lang='lat' dir='ltr'>saucios</span> <span class='ocrx_word' id='word_1_167' title='bbox 969 2496 1010 2539; x_wconf 85' lang='lat' dir='ltr'>ex</span> 
     </span>
     <span class='ocr_line' id='line_1_25' title="bbox 95 2570 1010 2659; baseline -0.005 -21"><span class='ocrx_word' id='word_1_168' title='bbox 95 2574 168 2640; x_wconf 70' lang='lat' dir='ltr'>terre</span> <span class='ocrx_word' id='word_1_169' title='bbox 186 2573 293 2650; x_wconf 87' lang='lat' dir='ltr'>iussit,</span> <span class='ocrx_word' id='word_1_170' title='bbox 320 2596 429 2659; x_wconf 84' lang='lat' dir='ltr'>pugna</span> <span class='ocrx_word' id='word_1_171' title='bbox 447 2571 619 2651; x_wconf 88' lang='lat' dir='ltr'>abstinere,</span> <span class='ocrx_word' id='word_1_172' title='bbox 646 2572 680 2636; x_wconf 93' lang='lat' dir='ltr'>ni</span> <span class='ocrx_word' id='word_1_173' title='bbox 702 2570 742 2636; x_wconf 90' lang='lat' dir='ltr'>ab</span> <span class='ocrx_word' id='word_1_174' title='bbox 760 2592 796 2636; x_wconf 93' lang='lat' dir='ltr'>se</span> <span class='ocrx_word' id='word_1_175' title='bbox 814 2570 940 2656; x_wconf 85' lang='lat' dir='ltr'>signum</span> <span class='ocrx_word' id='word_1_176' title='bbox 958 2589 1010 2633; x_wconf 88' lang='lat' dir='ltr'>ac-</span> 
     </span>
     <span class='ocr_line' id='line_1_26' title="bbox 97 2680 140 2733; baseline 0 0"><span class='ocrx_word' id='word_1_177' title='bbox 97 2680 140 2733; x_wconf 88' lang='lat' dir='ltr'>nt.</span> 
     </span>
    </p>

    <p class='ocr_par' dir='ltr' id='par_1_5' title="bbox 95 2757 1047 3609">
     <span class='ocr_line' id='line_1_27' title="bbox 95 2757 1042 2848; baseline -0.001 -20"><span class='ocrx_word' id='word_1_178' title='bbox 95 2762 228 2828; x_wconf 73' lang='lat' dir='ltr'>[XXV.</span> <span class='ocrx_word' id='word_1_179' title='bbox 263 2763 426 2828; x_wconf 89' lang='lat' dir='ltr'>Proelium</span> <span class='ocrx_word' id='word_1_180' title='bbox 446 2772 512 2827; x_wconf 91' lang='lat' dir='ltr'>erat</span> <span class='ocrx_word' id='word_1_181' title='bbox 529 2783 659 2848; x_wconf 84' lang='lat' dir='ltr'>anceps:</span> <span class='ocrx_word' id='word_1_182' title='bbox 680 2782 804 2827; x_wconf 88' lang='lat' dir='ltr'>summa</span> <span class='ocrx_word' id='word_1_183' title='bbox 820 2757 853 2824; x_wconf 89' lang='lat' dir='ltr'>vi</span> <span class='ocrx_word' id='word_1_184' title='bbox 865 2766 898 2823; x_wconf 89' lang='lat' dir='ltr'>et</span> <span class='ocrx_word' id='word_1_185' title='bbox 911 2757 1008 2825; x_wconf 91' lang='lat' dir='ltr'>duces</span> <span class='ocrx_word' id='word_1_186' title='bbox 1028 2779 1042 2827; x_wconf 86' lang='lat'>1</span> 
     </span>
     <span class='ocr_line' id='line_1_28' title="bbox 95 2852 1009 2944; baseline -0.007 -21"><span class='ocrx_word' id='word_1_187' title='bbox 95 2869 178 2924; x_wconf 72' lang='lat' dir='ltr'>intur</span> <span class='ocrx_word' id='word_1_188' title='bbox 199 2868 231 2924; x_wconf 91' lang='lat' dir='ltr'>et</span> <span class='ocrx_word' id='word_1_189' title='bbox 254 2858 367 2925; x_wconf 85' lang='lat' dir='ltr'>milites</span> <span class='ocrx_word' id='word_1_190' title='bbox 390 2855 584 2944; x_wconf 85' lang='lat' dir='ltr'>pugnabant.</span> <span class='ocrx_word' id='word_1_191' title='bbox 629 2854 800 2921; x_wconf 88' lang='lat' dir='ltr'>Marcellus</span> <span class='ocrx_word' id='word_1_192' title='bbox 822 2852 914 2918; x_wconf 87' lang='lat' dir='ltr'>victis</span> <span class='ocrx_word' id='word_1_193' title='bbox 937 2862 1009 2918; x_wconf 89' lang='lat' dir='ltr'>ante</span> 
     </span>
     <span class='ocr_line' id='line_1_29' title="bbox 95 2946 1009 3040; baseline -0.009 -22"><span class='ocrx_word' id='word_1_194' title='bbox 95 2954 220 3031; x_wconf 85' lang='lat' dir='ltr'>artium,</span> <span class='ocrx_word' id='word_1_195' title='bbox 247 2952 365 3040; x_wconf 85' lang='lat' dir='ltr'>fugatis</span> <span class='ocrx_word' id='word_1_196' title='bbox 393 2964 464 3018; x_wconf 89' lang='lat' dir='ltr'>ante</span> <span class='ocrx_word' id='word_1_197' title='bbox 485 2973 605 3037; x_wconf 90' lang='lat' dir='ltr'>paucos</span> <span class='ocrx_word' id='word_1_198' title='bbox 627 2951 695 3015; x_wconf 89' lang='lat' dir='ltr'>dies</span> <span class='ocrx_word' id='word_1_199' title='bbox 708 2974 737 3015; x_wconf 34' lang='lat' dir='ltr'>*a</span> <span class='ocrx_word' id='word_1_200' title='bbox 754 2947 881 3026; x_wconf 85' lang='lat' dir='ltr'>Cumis,</span> <span class='ocrx_word' id='word_1_201' title='bbox 908 2946 1009 3034; x_wconf 86' lang='lat' dir='ltr'>pulsis</span> 
     </span>
     <span class='ocr_line' id='line_1_30' title="bbox 95 3041 1009 3114; baseline -0.01 0"><span class='ocrx_word' id='word_1_202' title='bbox 95 3071 177 3114; x_wconf 89' lang='lat' dir='ltr'>anno</span> <span class='ocrx_word' id='word_1_203' title='bbox 195 3047 235 3113; x_wconf 93' lang='lat' dir='ltr'>ab</span> <span class='ocrx_word' id='word_1_204' title='bbox 252 3047 335 3113; x_wconf 86' lang='lat' dir='ltr'>Nola</span> <span class='ocrx_word' id='word_1_205' title='bbox 353 3046 393 3113; x_wconf 91' lang='lat' dir='ltr'>ab</span> <span class='ocrx_word' id='word_1_206' title='bbox 414 3046 524 3111; x_wconf 88' lang='lat' dir='ltr'>eodem</span> <span class='ocrx_word' id='word_1_207' title='bbox 544 3068 579 3112; x_wconf 89' lang='lat' dir='ltr'>se</span> <span class='ocrx_word' id='word_1_208' title='bbox 598 3046 678 3111; x_wconf 89' lang='lat' dir='ltr'>duce</span> <span class='ocrx_word' id='word_1_209' title='bbox 695 3043 791 3109; x_wconf 88' lang='lat' dir='ltr'>milite</span> <span class='ocrx_word' id='word_1_210' title='bbox 813 3043 875 3107; x_wconf 93' lang='lat' dir='ltr'>alio</span> <span class='ocrx_word' id='word_1_211' title='bbox 892 3041 1009 3106; x_wconf 88' lang='lat' dir='ltr'>instare</span> 
     </span>
     <span class='ocr_line' id='line_1_31' title="bbox 106 3136 1043 3225; baseline -0.01 -17"><span class='ocrx_word' id='word_1_212' title='bbox 106 3166 170 3209; x_wconf 90' lang='lat' dir='ltr'>non</span> <span class='ocrx_word' id='word_1_213' title='bbox 189 3143 290 3208; x_wconf 93' lang='lat' dir='ltr'>omnis</span> <span class='ocrx_word' id='word_1_214' title='bbox 309 3164 380 3208; x_wconf 86' lang='lat' dir='ltr'>esse</span> <span class='ocrx_word' id='word_1_215' title='bbox 397 3141 430 3205; x_wconf 88' lang='lat' dir='ltr'>in</span> <span class='ocrx_word' id='word_1_216' title='bbox 448 3141 528 3218; x_wconf 87' lang='lat' dir='ltr'>acie,</span> <span class='ocrx_word' id='word_1_217' title='bbox 547 3140 726 3225; x_wconf 86' lang='lat' dir='ltr'>praedantis</span> <span class='ocrx_word' id='word_1_218' title='bbox 744 3136 853 3224; x_wconf 85' lang='lat' dir='ltr'>vagari</span> <span class='ocrx_word' id='word_1_219' title='bbox 870 3136 904 3201; x_wconf 92' lang='lat' dir='ltr'>in</span> <span class='ocrx_word' id='word_1_220' title='bbox 921 3156 1008 3220; x_wconf 83' lang='lat' dir='ltr'>agro.</span> <span class='ocrx_word' id='word_1_221' title='bbox 1027 3154 1043 3200; x_wconf 86' lang='lat' dir='ltr'>a</span> 
     </span>
     <span class='ocr_line' id='line_1_32' title="bbox 95 3226 1009 3325; baseline -0.013 -23"><span class='ocrx_word' id='word_1_222' title='bbox 95 3263 102 3302; x_wconf 93' lang='grc' dir='ltr'>ι</span> <span class='ocrx_word' id='word_1_223' title='bbox 119 3246 264 3325; x_wconf 86' lang='lat' dir='ltr'>pugnen</span> <span class='ocrx_word' id='word_1_224' title='bbox 280 3258 419 3301; x_wconf 87' lang='lat' dir='ltr'>marcere</span> <span class='ocrx_word' id='word_1_225' title='bbox 430 3234 594 3320; x_wconf 84' lang='lat' dir='ltr'>Campana</span> <span class='ocrx_word' id='word_1_226' title='bbox 610 3233 743 3310; x_wconf 85' lang='lat' dir='ltr'>luxuria,</span> <span class='ocrx_word' id='word_1_227' title='bbox 763 3232 835 3295; x_wconf 90' lang='lat' dir='ltr'>vino</span> <span class='ocrx_word' id='word_1_228' title='bbox 853 3237 885 3294; x_wconf 88' lang='lat' dir='ltr'>et</span> <span class='ocrx_word' id='word_1_229' title='bbox 898 3226 1009 3293; x_wconf 89' lang='lat' dir='ltr'>scortis</span> 
     </span>
     <span class='ocr_line' id='line_1_33' title="bbox 95 3321 1047 3445; baseline -0.008 -47"><span class='ocrx_word' id='word_1_230' title='bbox 95 3357 192 3445; x_wconf 68' lang='lat' dir='ltr'>rsque</span> <span class='ocrx_word' id='word_1_231' title='bbox 209 3333 315 3397; x_wconf 86' lang='lat' dir='ltr'>lustris</span> <span class='ocrx_word' id='word_1_232' title='bbox 337 3355 394 3418; x_wconf 88' lang='lat' dir='ltr'>per</span> <span class='ocrx_word' id='word_1_233' title='bbox 416 3340 514 3396; x_wconf 89' lang='lat' dir='ltr'>totam</span> <span class='ocrx_word' id='word_1_234' title='bbox 531 3330 667 3395; x_wconf 87' lang='lat' dir='ltr'>hiemem</span> <span class='ocrx_word' id='word_1_235' title='bbox 689 3326 859 3394; x_wconf 83' lang='lat' dir='ltr'>confectos.</span> <span class='ocrx_word' id='word_1_236' title='bbox 903 3321 1009 3388; x_wconf 83' lang='lat' dir='ltr'>abisse</span> <span class='ocrx_word' id='word_1_237' title='bbox 1027 3343 1047 3390; x_wconf 77' lang='lat' dir='ltr'>a·</span> 
     </span>
     <span class='ocr_line' id='line_1_34' title="bbox 95 3420 1010 3516; baseline -0.01 -22"><span class='ocrx_word' id='word_1_238' title='bbox 95 3431 144 3495; x_wconf 87' lang='lat' dir='ltr'>im</span> <span class='ocrx_word' id='word_1_239' title='bbox 163 3430 381 3516; x_wconf 89' lang='lat' dir='ltr'>vigoremque,</span> <span class='ocrx_word' id='word_1_240' title='bbox 401 3428 524 3513; x_wconf 89' lang='lat' dir='ltr'>dilapsa</span> <span class='ocrx_word' id='word_1_241' title='bbox 542 3449 611 3492; x_wconf 92' lang='lat' dir='ltr'>esse</span> <span class='ocrx_word' id='word_1_242' title='bbox 629 3425 742 3492; x_wconf 87' lang='lat' dir='ltr'>robora</span> <span class='ocrx_word' id='word_1_243' title='bbox 757 3444 925 3508; x_wconf 90' lang='lat' dir='ltr'>corporum</span> <span class='ocrx_word' id='word_1_244' title='bbox 941 3420 1010 3487; x_wconf 86' lang='lat' dir='ltr'>aui-</span> 
     </span>
     <span class='ocr_line' id='line_1_35' title="bbox 95 3515 1010 3631; baseline -0.011 -41.955"><span class='ocrx_word' id='word_1_245' title='bbox 95 3547 176 3609; x_wconf 90' lang='lat' dir='ltr'>que,</span> <span class='ocrx_word' id='word_1_246' title='bbox 214 3522 327 3607; x_wconf 85' lang='lat' dir='ltr'>quibus</span> <span class='ocrx_word' id='word_1_247' title='bbox 354 3522 510 3608; x_wconf 84' lang='lat' dir='ltr'>Pyrenaei</span> <span class='ocrx_word' id='word_1_248' title='bbox 537 3520 730 3631; x_wconf 85' lang='lat' dir='ltr'>Alpiumque</span> <span class='ocrx_word' id='word_1_249' title='bbox 765 3524 913 3602; x_wconf 87' lang='lat' dir='ltr'>superata</span> <span class='ocrx_word' id='word_1_250' title='bbox 947 3515 1010 3580; x_wconf 90' lang='lat' dir='ltr'>sint</span> 
     </span>
    </p>
   </div>
   <div class='ocr_carea' id='block_1_3' title="bbox 94 3608 1044 4084">
    <p class='ocr_par' dir='ltr' id='par_1_6' title="bbox 95 3608 1044 3988">
     <span class='ocr_line' id='line_1_36' title="bbox 95 3608 1011 3703; baseline -0.013 -19"><span class='ocrx_word' id='word_1_251' title='bbox 95 3619 244 3703; x_wconf 88' lang='lat' dir='ltr'>reliquias</span> <span class='ocrx_word' id='word_1_252' title='bbox 262 3618 433 3682; x_wconf 91' lang='lat' dir='ltr'>illorum</span> <span class='ocrx_word' id='word_1_253' title='bbox 403 3639 542 3682; x_wconf 77' lang='lat' dir='ltr'>virorum</span> <span class='ocrx_word' id='word_1_254' title='bbox 559 3617 613 3681; x_wconf 85' lang='lat' dir='ltr'>vix</span> <span class='ocrx_word' id='word_1_255' title='bbox 629 3637 730 3692; x_wconf 87' lang='lat' dir='ltr'>arma,</span> <span class='ocrx_word' id='word_1_256' title='bbox 757 3611 899 3677; x_wconf 88' lang='lat' dir='ltr'>membra</span> <span class='ocrx_word' id='word_1_257' title='bbox 916 3608 1011 3674; x_wconf 90' lang='lat' dir='ltr'>susti-</span> 
     </span>
     <span class='ocr_line' id='line_1_37' title="bbox 100 3701 1044 3801; baseline -0.011 -23"><span class='ocrx_word' id='word_1_258' title='bbox 100 3736 254 3801; x_wconf 85' lang='lat' dir='ltr'>pugnare.</span> <span class='ocrx_word' id='word_1_259' title='bbox 298 3712 445 3798; x_wconf 77' lang='lat' dir='ltr'>Capuam</span> <span class='ocrx_word' id='word_1_260' title='bbox 468 3710 640 3777; x_wconf 86' lang='lat' dir='ltr'>Hannibali</span> <span class='ocrx_word' id='word_1_261' title='bbox 663 3707 790 3775; x_wconf 87' lang='lat' dir='ltr'>Cannas</span> <span class='ocrx_word' id='word_1_262' title='bbox 813 3705 921 3771; x_wconf 83' lang='lat' dir='ltr'>fuisse.</span> <span class='ocrx_word' id='word_1_263' title='bbox 965 3701 1044 3768; x_wconf 83' lang='lat' dir='ltr'>rb14</span> 
     </span>
     <span class='ocr_line' id='line_1_38' title="bbox 95 3795 1010 3889; baseline -0.015 -16"><span class='ocrx_word' id='word_1_264' title='bbox 95 3833 122 3873; x_wconf 91' lang='lat' dir='ltr'>m</span> <span class='ocrx_word' id='word_1_265' title='bbox 140 3808 301 3886; x_wconf 88' lang='lat' dir='ltr'>bellicam,</span> <span class='ocrx_word' id='word_1_266' title='bbox 320 3807 365 3872; x_wconf 92' lang='lat' dir='ltr'>ibi</span> <span class='ocrx_word' id='word_1_267' title='bbox 383 3807 462 3871; x_wconf 90' lang='lat' dir='ltr'>milit</span> <span class='ocrx_word' id='word_1_268' title='bbox 450 3817 548 3872; x_wconf 88' lang='lat' dir='ltr'>tarem</span> <span class='ocrx_word' id='word_1_269' title='bbox 566 3804 776 3889; x_wconf 89' lang='lat' dir='ltr'>disciplinam,</span> <span class='ocrx_word' id='word_1_270' title='bbox 795 3798 840 3866; x_wconf 87' lang='lat' dir='ltr'>ibi</span> <span class='ocrx_word' id='word_1_271' title='bbox 851 3795 1010 3884; x_wconf 89' lang='lat' dir='ltr'>praeteriti</span> 
     </span>
     <span class='ocr_line' id='line_1_39' title="bbox 95 3899 763 3988; baseline -0.011 -20"><span class='ocrx_word' id='word_1_272' title='bbox 95 3905 126 3968; x_wconf 85' lang='lat' dir='ltr'>is</span> <span class='ocrx_word' id='word_1_273' title='bbox 145 3902 279 3980; x_wconf 83' lang='lat' dir='ltr'>samam,</span> <span class='ocrx_word' id='word_1_274' title='bbox 297 3902 342 3967; x_wconf 89' lang='lat' dir='ltr'>ibi</span> <span class='ocrx_word' id='word_1_275' title='bbox 361 3924 449 3988; x_wconf 93' lang='lat' dir='ltr'>spem</span> <span class='ocrx_word' id='word_1_276' title='bbox 469 3900 567 3966; x_wconf 86' lang='lat' dir='ltr'>futuri</span> <span class='ocrx_word' id='word_1_277' title='bbox 585 3899 763 3965; x_wconf 86' lang='lat' dir='ltr'>extinctam.</span> 
     </span>
    </p>

    <p class='ocr_par' dir='ltr' id='par_1_7' title="bbox 94 3987 1009 4084">
     <span class='ocr_line' id='line_1_40' title="bbox 94 3987 1009 4084; baseline -0.014 -21"><span class='ocrx_word' id='word_1_278' title='bbox 94 4023 126 4063; x_wconf 94' lang='lat' dir='ltr'>m</span> <span class='ocrx_word' id='word_1_279' title='bbox 139 3998 219 4065; x_wconf 93' lang='lat' dir='ltr'>haec</span> <span class='ocrx_word' id='word_1_280' title='bbox 233 3997 451 4084; x_wconf 88' lang='lat' dir='ltr'>exprobrando</span> <span class='ocrx_word' id='word_1_281' title='bbox 460 3996 543 4062; x_wconf 86' lang='lat' dir='ltr'>hosti</span> <span class='ocrx_word' id='word_1_282' title='bbox 552 3993 723 4060; x_wconf 90' lang='lat' dir='ltr'>Marcellus</span> <span class='ocrx_word' id='word_1_283' title='bbox 734 4012 861 4058; x_wconf 90' lang='lat' dir='ltr'>suorum</span> <span class='ocrx_word' id='word_1_284' title='bbox 875 3987 1009 4052; x_wconf 86' lang='lat' dir='ltr'>militum</span> 
     </span>
    </p>
   </div>
   <div class='ocr_carea' id='block_1_4' title="bbox 0 0 1268 4514">
    <p class='ocr_par' dir='ltr' id='par_1_8' title="bbox 0 0 1268 4514">
     <span class='ocr_line' id='line_1_41' title="bbox 0 0 1268 4514; baseline 0 0"><span class='ocrx_word' id='word_1_285' title='bbox 0 0 1268 4514; x_wconf 95' lang='lat' dir='ltr'> </span> 
     </span>
    </p>
   </div>
  </div>
 </body>
</html>
