2528 4530
135 258 200 326 376
357 268 476 325 Lmen
494 269 622 340 mu,
639 269 738 324 carc.
758 270 944 340 [sacar]

102 452 217 515 equae
234 451 292 516 pro
309 428 349 493 iis
368 427 598 514 suscepissent,
616 439 666 506 ut,
684 450 779 512 quem
792 427 984 495 admodum
998 450 1077 495 nunc
1089 432 1186 496 sol-1

133 524 211 589 liciti
228 534 495 633 prosequerentur
512 545 582 599 eos,
601 521 645 586 ita
660 543 779 632 paucos
796 534 873 609 post
889 522 960 589 dies
975 523 1186 591 laetiores:

86 639 119 687 ιο
138 618 222 683 tibus
241 616 380 683 victoria
389 617 543 683 obviam
533 628 625 682 rrent
659 616 793 681 invitare
809 617 885 682 inde
901 640 965 728 pro
979 640 1016 684 se
1032 604 1186 704 quisquel

135 724 168 777 et
184 710 299 777 offerre
316 722 349 777 et
366 711 500 798 fatigare
516 711 679 798 precibus,
703 722 740 775 ut
757 732 839 795 quae
856 711 937 798 ipsis
954 711 1143 798 iumentisque
1180 716 1186 781 =2

135 806 207 872 usui
229 817 337 873 essent
358 806 399 871 ab
422 829 457 872 se
478 806 680 893 potissimum
701 817 877 884 sumerent,
903 806 1043 894 benigne
1059 806 1144 873 omnia

85 922 113 968 ιι
135 902 294 967 cumulata
315 902 405 980 dare3
432 901 590 967 modestia
610 912 732 966 certare
755 900 887 979 milites,
914 924 955 967 ne
982 901 1059 986 quid
1079 901 1145 966 ultra

133 1020 229 1062 usum
250 996 464 1061 necessarium
488 1008 662 1073 sumerent,
685 995 764 1059 nibil
780 995 912 1073 morari,
933 1017 996 1062 nec
1013 995 1145 1062 abdstm

134 1092 175 1156 ab
194 1090 294 1177 signis
312 1112 372 1156 nec
389 1090 563 1156 subsistere
577 1091 683 1156 cibum
696 1090 872 1177 capientes,
890 1090 977 1156 diem
991 1112 1029 1156 ac
1040 1102 1145 1157 noctem

133 1186 193 1263 ire,
213 1186 268 1251 vix
281 1187 366 1270 quod
379 1186 457 1251 satis
472 1186 512 1251 ad
525 1186 667 1251 naturale
682 1186 875 1251 desiderium
887 1206 1058 1273 corporum
1069 1196 1145 1262 esset,

84 1305 114 1353 12
135 1280 232 1365 quieti
255 1280 340 1345 dare.
385 1291 418 1345 et
440 1279 481 1346 ad
503 1280 659 1367 collegam
676 1280 843 1366 praemissi
861 1291 953 1345 erant
969 1281 1026 1364 qui
1040 1281 1145 1346 nuntie·

132 1376 393 1442 reneadventum
406 1387 761 1462 percunctarenturque,
780 1376 863 1440 clam
876 1398 918 1440 an
929 1376 1053 1463 palam,
1069 1375 1146 1440 inter·

134 1471 188 1535 diu
211 1493 252 1535 an
269 1481 366 1535 noctu
382 1470 491 1536 venire
509 1492 580 1536 sese
598 1470 709 1549 vellet,
731 1471 835 1535 lsdem
853 1492 895 1535 an
913 1470 984 1536 aliis
1003 1471 1145 1537 considere

135 1564 256 1630 castris.
301 1574 394 1630 nocte
412 1565 495 1629 clam
510 1564 636 1650 ingredi
653 1564 766 1629 melius
783 1563 889 1629 visum
907 1575 967 1629 est.

101 1682 113 1728 1
198 1656 407 1726 XXXXVI.
452 1658 591 1723 Tessera
621 1681 678 1745 per
710 1668 814 1724 castra
844 1658 886 1723 ab
912 1658 1011 1725 Livio
1037 1656 1145 1725 consule

134 1754 209 1819 data
231 1764 312 1832 erat,
339 1764 375 1817 ut
397 1753 541 1819 tribunus
568 1754 743 1834 tribunum,
771 1753 912 1820 centurio
938 1754 1145 1827 centurionem,

100 1869 115 1916 t
134 1869 231 1931 eques
250 1846 401 1931 equitem,
424 1847 522 1934 pedes
540 1848 679 1934 peditem
698 1846 869 1935 acciperet:
892 1847 1098 1933 nequeenim
1112 1845 1147 1910 di·

133 1940 225 2005 latari
243 1950 347 2006 castra
365 1964 444 2028 opus
463 1964 549 2019 esse,
572 1965 613 2007 ne
631 1941 732 2007 bostis
750 1942 924 2008 adventum
941 1942 1072 2008 alterius
1089 1962 1147 2007 cou-

134 2035 212 2100 sulis
232 2034 375 2114 sentiret3
395 2046 427 2101 et
440 2037 591 2103 coartatio
605 2036 743 2123 plurium
759 2037 793 2101 in
811 2046 949 2124 angusto
969 2035 1146 2102 tendentium

133 2128 256 2195 facilior
273 2128 379 2195 futura
397 2140 478 2208 erat,
502 2130 588 2214 quod
606 2127 802 2196 Claudianus
820 2131 980 2197 exercitus
998 2131 1077 2197 nibil
1096 2130 1146 2196 tas

100 2244 115 2291 3
133 2235 259 2311 praeter
278 2247 366 2289 arma
384 2229 492 2291 se‘cum
510 2225 544 2289 in
561 2224 795 2311 expeditionem
813 2225 937 2291 tulerat.
976 2224 1147 2292 ceterumin

132 2319 203 2408 ipso
224 2318 336 2384 itinere
359 2329 487 2384 auctum
509 2318 694 2384 voluntariis
718 2341 833 2406 agmen
851 2331 933 2398 erat,
959 2320 1148 2386 offerentibus

133 2413 215 2478 ultro
239 2436 309 2479 sose
331 2423 363 2478 et
381 2413 541 2479 veteribus
560 2413 712 2479 militibus
730 2414 904 2500 perfunctis
922 2414 990 2480 iam
1006 2415 1114 2480 militia
1125 2421 1148 2483 et

131 2506 314 2586 iuvenibus,
339 2530 418 2592 quos
442 2509 585 2573 certatim
607 2509 736 2574 nomina
754 2507 872 2586 dantis,
897 2508 925 2573 si
944 2532 1081 2594 quorum
1096 2528 1149 2574 ocr-

131 2602 218 2688 poris
242 2603 364 2689 species
386 2604 546 2687 roburque
569 2603 683 2669 virium
705 2613 814 2690 aptum
834 2602 968 2670 militiae
990 2605 1148 2676 videbam,

97 2707 115 2753 4
134 2696 374 2781 conscripserat.
420 2696 461 2760 ad
480 2694 600 2762 Senam
622 2708 727 2762 castra
749 2696 878 2762 alterius
901 2698 1046 2764 consulis
1068 2707 1148 2771 eraut,

132 2798 165 2852 et
187 2788 376 2874 quingentos
399 2789 499 2855 ferme
520 2790 594 2855 inde
612 2813 727 2876 passus
746 2790 933 2857 Hasdrubal
953 2792 1075 2858 aberat.
1106 2790 1149 2856 ita·

133 2902 194 2964 que
217 2902 289 2946 cum
310 2882 374 2947 iam
397 2884 678 2971 adpropinquaret,
706 2895 807 2950 tectus
834 2885 999 2952 montibus
1028 2884 1149 2953 substitit

98 2974 231 3053 5Ner0,
258 2998 299 3041 ne
322 2988 394 3043 ante
418 2991 544 3043 noctem
566 2988 670 3043 castra
691 2978 917 3065 ingrederetur.
966 2980 1093 3048 silentio
1114 2979 1150 3043 in·

131 3068 235 3155 gressi
257 3071 297 3135 ab
320 3070 370 3136 sui
392 3070 525 3156 quisque
548 3071 666 3137 ordinis
689 3071 868 3137 hominibus
890 3071 925 3136 in
947 3075 1087 3141 tentoria
1109 3073 1150 3137 ab

132 3165 232 3243 ducti,
256 3187 328 3230 cum
346 3188 470 3230 summa
487 3167 628 3232 omnium
645 3166 765 3232 laetitia
781 3166 983 3254 hospitaliter
1005 3169 1150 3257 excipiun-

132 3270 192 3324 tur.
235 3270 363 3346 postero
391 3258 441 3325 die
469 3261 634 3326 consilium
656 3261 813 3340 habitum,
841 3261 893 3326 cui
914 3273 951 3327 et
971 3263 1017 3330 L.
1034 3262 1150 3330 Porcius

99 3353 265 3419 ssLicinus
291 3364 382 3441 praet
383 3377 418 3420 or
369 3355 555 3421 ttadfui.
600 3367 704 3422 castra
729 3356 836 3422 iuncta
862 3358 1034 3424 consulum
1056 3355 1149 3424 cuuis

132 3445 340 3524 habebat,t
308 3458 340 3513 et
358 3458 431 3514 ante
449 3449 621 3514 adventum
639 3473 748 3516 eorum
765 3473 823 3536 per
838 3450 911 3516 loca
933 3451 1001 3518 alta
1023 3449 1150 3518 ducendo
1183 3482 1186 3513 ε

132 3540 314 3620 exercitum,
334 3563 406 3606 cum
423 3544 518 3609 modo
536 3544 688 3611 insideret
706 3556 859 3632 angustos
878 3545 992 3625 saltus,
1010 3560 1049 3614 nt
1065 3560 1150 3613 bane
1183 3515 1186 3577 l

130 3636 210 3701 itum
232 3637 408 3715 clauderet,
440 3638 535 3704 modo
563 3640 603 3703 ab
629 3640 728 3705 latere
755 3651 809 3705 aut
835 3639 876 3704 ab
901 3651 997 3727 tergo
1025 3626 1186 3748 carperet?

132 3752 261 3817 agmen,
288 3730 467 3798 ludificatus
491 3733 616 3798 hostem
638 3734 785 3800 omnibus
808 3733 930 3800 artibus
952 3735 1032 3801 belli
1049 3737 1186 3805 fumo
1184 3778 1186 3825 t

98 3843 112 3888 r
131 3822 158 3887 is
177 3835 244 3888 tum
261 3823 295 3888 in
313 3824 444 3892 consilio
463 3827 581 3892 aderat.
621 3828 793 3894 multorum
809 3850 849 3893 eo
865 3826 1024 3895 inclinant
1041 3840 1149 3895 senten-

132 3914 208 3993 tiae,
238 3929 287 3994 ut,
320 3919 396 3984 dum
422 3920 544 3985 fessum
570 3921 623 3986 via
650 3943 688 3986 ac
714 3921 831 4008 vigiliis
856 3922 1007 3989 reliceret
1035 3921 1147 3987 militem

130 4006 231 4088 Nero,
250 4010 343 4077 simul
357 4025 387 4078 et
401 4014 442 4078 ad
454 4014 650 4080 noscendum
664 4015 789 4082 bostem
806 4037 928 4102 paucos
947 4016 1010 4083 sibi
1028 4018 1147 4083 samuel
