2528 4514
259 245 376 301 amna
393 245 494 317 xxx,
512 245 553 300 aa
568 246 610 300 as.
628 249 666 315 [a.
679 245 782 318 onos]
968 236 1032 303 519

95 368 176 469 filit,
196 403 334 492 reoeptui
350 426 485 491 propere
503 424 615 471 canere
632 403 765 470 hastatis
782 404 888 484 iussit3
916 407 1031 473 sauciis

100 480 256 593 llllltmam
282 497 383 563 aciem
414 498 576 564 subductis
601 498 760 586 principes
787 500 972 584 triariosque
997 500 1032 565 in

95 580 143 667 ,Μ
158 589 276 669 lnducit,
304 614 367 676 quo
390 593 486 658 tutior
507 593 687 677 firmiorque
709 593 815 660 media
836 595 1032 661 hastatorum

95 672 211 762 ¹,llttsot
253 685 299 750 ita
323 708 442 752 novum
464 687 504 752 de
525 687 649 773 integro
670 688 826 774 proelium
848 701 951 756 ortum
972 701 1031 769 est,
1051 709 1081 757 12

95 766 143 843 ”lle
164 777 196 843 cd
223 803 316 846 veros
347 780 447 846 hostis
477 792 663 867 perventum
695 793 780 859 erat,
816 794 848 848 et
874 807 1032 851 armorum

95 863 141 957 “⁸⁰¹⁹
152 882 176 937 et
189 897 247 939 usu
264 873 394 939 militiae
412 885 444 939 et
461 875 547 939 sama
562 897 668 940 rerum
685 887 848 962 gestarum
865 888 897 942 et
909 878 1032 966 magni-

95 934 180 1031 luvel
193 968 261 1053 spei
278 968 330 1032 vel
342 967 473 1053 periculi
485 991 589 1055 pares.
617 970 675 1034 sed
697 979 729 1034 et
742 992 874 1035 numero
888 973 1031 1057 superior
1051 991 1081 1040 13

95 1059 170 1127 manus
187 1073 254 1128 erat
272 1073 305 1127 et
321 1063 439 1141 animo,
459 1063 545 1148 quod
562 1063 627 1128 iam
643 1064 781 1149 equites,
798 1065 863 1129 iam
882 1065 1032 1151 elephan-

95 1147 211 1234 fnderat,
228 1156 294 1222 iam
309 1157 412 1243 prima
429 1157 495 1223 acie
512 1158 606 1244 pulsa
617 1158 651 1222 in
670 1159 841 1224 secundam
856 1160 1030 1246 pugnabat.

95 1243 221 1320 XXXV.
265 1251 306 1317 In
327 1263 468 1338 tempore
490 1253 622 1318 Laelius
646 1275 684 1318 ac
704 1252 893 1332 Masinissa,
919 1253 1030 1339 pulsos
1051 1273 1063 1318 1

95 1344 274 1430 diquantum
292 1346 385 1432 spatii
404 1347 504 1412 secuti
522 1349 657 1431 equites,
679 1359 873 1413 revertentes
890 1347 924 1412 in
942 1370 1032 1412 aver-

101 1439 240 1506 hostium
266 1440 366 1505 aciem
391 1440 560 1506 incurrere.
603 1440 631 1506 is
658 1442 786 1506 demum
812 1441 952 1526 equitum
973 1441 1031 1506 im-

95 1534 197 1599 :fudit
213 1534 349 1600 hostem.
392 1534 482 1599 multi
500 1535 705 1600 circumventi
721 1535 755 1599 in
773 1535 839 1600 acie
857 1535 955 1614 oaesi3
974 1555 1064 1622 pera
1161 1586 1169 1601 ,

95 1639 164 1694 tem
183 1628 267 1694 circa
283 1650 430 1714 campum
446 1629 525 1715 fuga
547 1629 649 1714 sparsi
671 1639 798 1694 tenente
820 1630 926 1695 omnia
944 1631 1031 1713 cqui-

95 1723 218 1812 passim
239 1723 432 1789 interierunt.
479 1720 791 1808 Carthaginiensium
813 1723 1030 1808 sociorumque
1050 1742 1064 1789 3

113 1841 152 1883 eo
166 1818 222 1883 'die
240 1840 338 1902 supra
353 1816 441 1881 milia
458 1815 584 1903 viginti,
610 1840 669 1903 par
690 1818 790 1884 ferme
811 1840 960 1883 numerus
980 1839 1032 1882 ca-

95 1933 166 1976 cum
185 1910 285 1997 signis
304 1910 491 1975 militaribus
511 1923 636 1977 centum
654 1912 783 1999 triginta
801 1913 940 1992 duobus,
968 1912 1032 1978 ele-

95 2003 116 2069 ti
130 2005 286 2069 undecim.
317 2004 452 2071 victores
471 2005 513 2069 ad
529 2005 614 2071 mille
632 2019 665 2073 et
682 2008 845 2094 quingenti
862 2007 1014 2074 cecidere.

95 2098 230 2164 Tannibal
244 2120 316 2171 cum
329 2098 439 2184 paucis
454 2099 612 2183 equitibus
627 2099 708 2165 inter
721 2101 890 2167 tumultum
904 2103 1030 2187 elapsus
1050 2119 1066 2164 4

95 2205 236 2260 nmetum
254 2195 407 2280 perfugit,
431 2195 537 2259 omnia
554 2204 586 2258 et
603 2194 636 2257 in
652 2194 772 2279 proelio
791 2205 823 2258 et
840 2206 913 2259 ante
931 2196 1029 2259 aciem

95 2311 187 2374 quam
204 2288 371 2354 excederet
387 2313 497 2376 pugna
511 2298 659 2374 expertus
674 2297 707 2351 et
720 2287 919 2351 confessione
937 2287 1031 2351 etiam
1050 2303 1065 2348 5

95 2383 163 2449 anis
194 2383 396 2467 omniumque
425 2383 598 2468 peritorum
629 2380 758 2445 militiae
789 2401 914 2444 omnem
944 2379 1032 2444 illam

95 2502 127 2542 m
147 2477 296 2563 adeptus,
323 2477 475 2564 singulari
493 2486 559 2541 arte
578 2476 677 2539 aciem
700 2497 738 2539 eo
756 2474 806 2538 die
827 2473 1031 2538 instruxisse:

95 2582 188 2638 antos
206 2571 240 2636 in
257 2572 360 2657 prima
377 2572 495 2648 fronte,
514 2593 648 2655 quorum
665 2568 812 2634 fortuitus
829 2567 965 2654 impetus
984 2577 1031 2631 at-
1050 2585 1064 2632 6

95 2665 282 2732 rtolerabilis
297 2666 345 2731 vis
361 2666 452 2752 signa
466 2664 556 2748 sequi
571 2676 602 2729 et
616 2685 742 2728 servare
760 2660 900 2739 ordines,
918 2660 952 2726 in
969 2683 1031 2745 quo

95 2783 172 2826 num
196 2760 264 2847 spei
285 2771 452 2846 ponerent,
479 2760 642 2824 Romanos
664 2757 881 2844 prohiberent3
917 2756 1032 2822 deinde
1051 2776 1065 2823 7

97 2876 170 2921 ares
190 2865 262 2920 ante
273 2853 585 2942 Carthaginiensium
602 2852 712 2932 aciem,
730 2877 771 2920 ne
784 2853 928 2920 homines
941 2852 1034 2918 mixti

96 2948 248 3014 nluvione
267 2950 406 3015 omnium
429 2948 587 3037 gentium,
615 2971 694 3034 quos
716 2973 781 3016 non
802 2951 882 3016 fides
901 2961 1031 3027 teneret,

95 3064 223 3121 nerces,
258 3043 393 3108 liberum
417 3055 581 3130 receptum
607 3046 704 3130 fugae
730 3045 901 3119 haberent,
938 3043 1066 3107 simula

95 3161 139 3203 rm
157 3137 302 3203 ardorem
320 3149 414 3223 atque
436 3139 591 3226 impetum
612 3138 751 3204 hostium
774 3136 966 3222 excipientes
985 3136 1033 3199 fa-

95 3243 140 3298 tnt
158 3254 209 3310 ac,
229 3233 256 3297 si
273 3232 352 3297 nihil
370 3233 465 3310 aliud,
484 3232 665 3296 vulneribus
681 3231 746 3295 suis
760 3230 879 3294 ferrum
894 3228 1033 3292 hostium

96 3337 201 3404 arent3
238 3337 319 3407 tum,
345 3328 400 3392 nbi
419 3327 520 3393 omnis
539 3349 627 3412 spes,
654 3324 769 3389 milites
789 3321 1032 3407 Carthaginien·
1050 3339 1064 3386 9

95 3421 246 3503 hosque,
274 3432 309 3486 ut
327 3421 472 3486 omnibus
490 3420 585 3486 rebus
604 3419 673 3484 aliis
690 3441 799 3505 pares,
827 3439 864 3482 eo
883 3416 968 3499 quod
984 3416 1032 3479 in-

100 3537 175 3579 cum
192 3514 286 3579 fessis
305 3537 342 3580 ac
361 3516 475 3580 sauciis
494 3524 686 3601 pugnarent,
714 3511 891 3598 superiores
909 3522 1030 3588 essent3

95 3632 130 3675 os
158 3608 295 3674 incertos
323 3610 401 3674 socii
432 3633 472 3674 an
498 3609 607 3674 hostes
639 3617 746 3674 essent
775 3606 808 3669 in
838 3615 1031 3690 postremam

95 3730 102 3767 ι
125 3713 311 3769 summotos.
360 3704 420 3769 hoc
443 3703 526 3769 edito
549 3703 636 3768 velut
657 3701 768 3766 ultimo
789 3698 913 3765 virtutis
936 3720 1030 3784 opere
1050 3713 1081 3762 10

95 3797 167 3862 n'bal
193 3818 265 3862 cum
290 3799 524 3863 Hadrumetum
553 3796 725 3883 refugisset
750 3793 931 3875 accitusque
957 3791 1031 3856 inde

95 3891 232 3976 raginem
259 3902 349 3957 sexto
376 3913 414 3955 ac
439 3890 597 3956 tricesimo
623 3900 696 3976 post
722 3909 804 3953 anno
832 3908 926 3971 quam
951 3906 1030 3971 puer

100 3986 263 4072 profectus
291 3998 358 4053 erat
384 3986 533 4064 redisset,
564 3985 670 4050 fassus
697 3983 732 4048 in
758 3980 844 4047 curia
869 3991 931 4058 est,
966 4001 1031 4044 non
1048 3995 1078 4046 11
