2528 4514
145 203 190 271 74
386 213 505 272 LIBER
521 213 623 288 XXII,
642 213 942 287 19.,20.[au.coot]

91 428 95 458 2
145 397 220 442 cum
237 374 290 441 alii
307 372 454 440 resolutis
472 372 535 439 oris
553 373 588 438 in
604 394 735 439 ancoras
753 372 938 451 evehuntur,
957 373 1027 452 alii,
1050 396 1093 441 ne
1110 404 1113 432 ι

145 479 264 549 teneat,
288 466 445 537 ancoralia
465 467 621 546 incidunt,
647 466 824 553 raptimque
845 467 952 535 omnia
973 489 1113 555 praepro

146 564 270 652 agendo
293 561 428 628 militum
449 571 603 648 apparatu
623 562 750 627 nautica
770 561 944 629 ministeria
968 563 1113 650 inpediur

145 655 352 744 trepidatione
373 665 540 721 nautarum
562 677 674 741 capere
696 664 727 721 et
748 664 856 741 aptare
877 679 966 721 arma
992 657 1088 724 miles

96 774 127 822 ιι
146 750 323 829 bibebatur.
367 759 399 816 et
420 749 485 814 iam
505 748 669 815 Romanus
691 771 756 816 non
778 750 1055 836 appropinquabat
1080 775 1113 816 m

146 845 203 913 sed
229 844 393 910 derexerat
419 843 513 909 etiam
539 843 573 908 in
598 866 739 931 pugnam
765 866 873 910 naves.
917 842 1027 955 itaque
1054 868 1113 912 non

144 941 238 1009 hosta
257 948 289 1007 et
310 937 429 1026 proelio
451 938 555 1025 magis
571 936 674 1003 Poeni
695 960 792 1024 quam
813 938 971 1005 suomet
959 939 1025 1048 ipsi
1047 949 1112 1006 tum

106 1102 109 1109 ,
145 1033 262 1107 turbati
287 1043 319 1098 et
344 1041 496 1118 temptata
521 1031 626 1097 verius
652 1054 761 1119 pugna
787 1053 883 1117 quam
908 1031 988 1098 inita
1012 1034 1049 1099 in
1074 1033 1113 1123 sup

94 1149 127 1199 ιι
146 1137 325 1199 avertenmt
342 1125 487 1192 classem.
523 1135 555 1191 et
572 1146 645 1190 cum
662 1125 788 1192 adversi
805 1125 908 1193 amnis
926 1148 963 1193 os
980 1125 1049 1195 lato
1066 1150 1113 1216 agr

145 1233 260 1293 ettam
276 1220 385 1289 multis
403 1219 497 1285 simul
514 1218 712 1285 venientibus
729 1218 816 1286 haud
833 1242 911 1287 sane
928 1219 1076 1295 intrabile
1088 1243 1113 1289 et

144 1320 180 1389 ἰιι
203 1317 279 1385 litus
300 1315 421 1402 passim
441 1335 540 1380 naves
561 1323 694 1401 egerunt
715 1323 812 1401 atque
833 1314 886 1381 alii
908 1315 1000 1383 vadis
1021 1315 1078 1381 alii
1097 1316 1113 1383 s⁴

144 1413 235 1479 litore
253 1409 390 1497 excepti,
408 1408 523 1495 partim
540 1408 653 1475 armati
664 1408 780 1495 partim
792 1409 928 1477 inermes
942 1409 985 1477 ad
996 1411 1113 1477 instruc

144 1505 302 1593 perlitus
328 1504 428 1571 aciem
460 1525 588 1569 suorum
618 1502 795 1591 perfugere.
840 1504 921 1571 duae
947 1513 1057 1571 tamen
1081 1527 1113 1592 pr

145 1621 303 1673 concursu
314 1607 424 1684 captae
437 1608 528 1663 erant
539 1595 681 1663 Punicae
693 1620 801 1682 naves,
820 1607 967 1683 quattuor
980 1621 1113 1686 suppres

111 1715 124 1762 ι
209 1693 295 1759 XX.
338 1691 490 1771 Romani,
514 1714 706 1777 quamquam
729 1703 812 1759 terra
833 1692 973 1759 hostiurn
995 1704 1065 1761 erat
1081 1717 1113 1761 at

144 1798 272 1872 tamque
290 1787 390 1853 aciem
413 1797 478 1853 toto
499 1794 696 1873 praetentam
716 1786 751 1852 in
771 1785 861 1855 litore
884 1787 1069 1869 cernebant,
1096 1788 1113 1854 b

104 1946 108 1959 ,
145 1890 328 1951 cunctanter
343 1880 478 1947 insecuti
495 1881 649 1967 trepidam
661 1879 801 1949 hostium
814 1881 948 1949 classem
961 1883 1055 1948 navis
1070 1906 1113 1949 om

108 1997 126 2044 a
144 1996 226 2059 quae
242 1997 307 2040 non
324 1983 379 2039 aut
395 1974 611 2062 perfregerant
628 1997 737 2061 proras
754 1974 838 2045 litori
854 1974 963 2043 inlisas
982 1987 1039 2042 aut
1061 1977 1113 2043 cari

143 2070 278 2136 fixerant
294 2068 398 2148 vadis,
422 2069 569 2157 religatas
586 2069 746 2156 puppibus
764 2069 798 2137 in
815 2069 915 2137 altum
936 2080 1112 2151 extraxma

108 2185 126 2234 3
145 2164 282 2249 quinque
301 2173 332 2229 et
349 2162 463 2250 viginti
479 2185 576 2229 naves
595 2186 613 2228 e
631 2163 840 2251 quadraginta
857 2185 978 2250 cepere.
1023 2185 1113 2251 neque

76 2264 79 2269 '
143 2257 388 2346 pulcherrimum
406 2257 474 2323 eius
492 2257 640 2325 victoriae
657 2257 732 2335 fuit,
751 2258 809 2327 sed
821 2259 906 2343 quod
919 2281 985 2324 una
996 2258 1063 2325 levi
1074 2281 1113 2346 pu

143 2363 210 2420 toto
228 2353 296 2418 eius
315 2375 389 2419 orae
406 2352 486 2419 mari
502 2352 593 2438 potiti
611 2361 709 2417 erant.
736 2352 844 2437 itaque
856 2352 898 2416 ad
913 2349 1064 2419 Onusam
1081 2351 1113 2419 cb

108 2447 298 2534 4provecti,
318 2447 462 2512 escensio
480 2445 520 2511 ab
538 2444 747 2510 navibust
686 2469 720 2509 m
734 2455 849 2510 terram
862 2445 955 2510 facta.
984 2468 1059 2512 cum
1071 2444 1113 2512 url

143 2542 176 2607 vi
194 2541 352 2627 cepissent
365 2549 552 2626 captamque
567 2539 781 2648 diripuissent,
801 2538 1028 2626 Carthaginem
1042 2541 1110 2606 inde

108 2656 125 2703 o
144 2645 229 2713 tunt,
248 2645 343 2718 atque
357 2656 483 2700 omnem
496 2656 609 2720 agrum
622 2634 705 2700 circa
722 2633 904 2721 depopulati
920 2644 1081 2720 postremo
1097 2642 1113 2698 t

105 2749 271 2813 equoque
293 2728 434 2793 iniuncta
455 2751 546 2794 muro
571 2729 733 2814 portisque
758 2729 974 2795 incenderunt.
1017 2729 1113 2794 inde:

143 2821 261 2908 praeda
283 2821 390 2908 gravis
414 2822 455 2887 ad
475 2822 712 2908 Longunticam
734 2823 877 2910 pervenit
900 2822 1027 2901 classis,
1055 2821 1106 2888 ubi

144 2938 260 3002 magna
281 2915 379 3001 sparti
402 2916 443 2981 ad
463 2938 531 2982 rem
553 2916 712 2983 nauticam
734 2926 885 3004 congesta
906 2915 947 2982 ab
965 2913 1113 2983 Hasdrub

144 3009 230 3094 quod
252 3009 329 3078 satis
351 3009 385 3075 in
406 3033 501 3077 usum
522 3010 583 3077 fuit
605 3009 730 3077 sublato
748 3021 887 3099 ceterum
904 3033 998 3077 omne
1015 3010 1113 3077 incant

107 3129 125 3175 ι
144 3115 201 3171 est.
232 3126 291 3173 nec
308 3105 496 3173 continentis
514 3107 609 3172 modo
625 3106 814 3193 praelectast
830 3128 899 3185 ora,
919 3115 968 3171 set
985 3106 1019 3170 in
1032 3104 1113 3171 Ebus

143 3199 280 3265 insulam
302 3199 532 3266 transmissum.
575 3199 622 3267 ibi
644 3199 736 3279 urbe,
764 3221 845 3285 quae
868 3210 963 3286 caput
980 3200 1113 3265 insulaet

108 3315 126 3364 8
144 3294 277 3361 biduum
293 3295 485 3406 nequiquam
503 3318 628 3362 summo
643 3295 752 3362 labore
771 3304 953 3382 oppugnata
969 3295 1052 3361 ubi
1043 3319 1075 3359 m
1088 3313 1113 3378 sp

144 3388 270 3455 inritam
287 3388 434 3455 frustm
421 3391 480 3456 teri
497 3400 622 3476 tempus
640 3390 895 3457 animadversum
912 3398 975 3469 est,
986 3389 1113 3501 adpopt

113 3503 127 3550 9
144 3483 261 3549 tionem
278 3485 347 3571 agri
363 3507 447 3550 versi
437 3485 594 3571 'direptis
612 3485 757 3569 aliquot
747 3484 946 3569 incensisque
963 3484 1043 3551 vicis
1061 3479 1113 3548 mai

144 3599 240 3661 quam
262 3599 303 3643 ex
325 3578 496 3644 continenti
517 3579 636 3666 praeda
656 3594 746 3664 parta
769 3600 842 3646 cum
862 3578 896 3643 in
917 3601 1017 3646 naves
1040 3600 1075 3645 se
1090 3596 1113 3642 rt

142 3671 279 3757 pissent,
305 3694 347 3738 ex
368 3671 548 3739 Baliaribus
569 3672 682 3739 insulis
707 3672 805 3760 legati
829 3694 941 3759 pacem
967 3682 1108 3760 petentes

92 3784 126 3832 ιο
145 3763 328 3850 Scipionem
349 3777 511 3835 venerunt.
555 3767 628 3833 inde
649 3765 733 3833 flexa
748 3775 832 3833 rotro
849 3765 962 3833 classis
979 3766 1113 3835 reditum

142 3859 177 3925 in
198 3860 341 3928 citeriora
362 3862 556 3949 provinciae,
580 3884 643 3948 quo
661 3861 801 3931 omnium
817 3860 1022 3948 populorum,
1045 3861 1100 3947 qui

143 3950 254 4019 berum
279 3954 434 4037 incolunt,
464 3955 634 4023 multorum
660 3966 691 4021 et
718 3956 846 4031 ultimae
873 3954 1051 4042 Hispaniae
1082 3954 1113 4037 le
