2528 4514
144 229 210 297 108
410 239 529 296 LIBER
546 237 647 308 XXII,
665 237 707 293 59.
728 238 766 306 [e.
776 252 803 291 u.
815 235 914 306 c.538]

140 399 335 488 neglegendi
355 397 447 463 vobis
470 419 565 481 quam
588 416 646 461 nos
668 395 702 459 in
723 393 863 459 hostium
880 400 1059 480 potestatem
1074 405 1099 449 v

109 506 226 560 erunt.
270 515 334 558 non
361 493 445 558 enim
471 492 505 557 in
531 491 598 556 acie
624 512 681 576 per
707 491 851 554 timorem
873 511 963 555 arma
983 484 1099 554 tradidi!

144 588 202 653 sed
219 609 292 653 cum
308 607 408 673 prope
425 586 467 651 ad
484 595 609 650 noctem
628 593 842 670 superstantes
861 581 997 648 cumulis
1013 594 1099 648 caeso

143 703 309 767 corporum
340 679 495 766 proelium
522 679 784 755 extraxissemus,
814 677 848 740 in
874 686 978 742 castra
1002 666 1099 760 recepi

108 794 126 840 4
142 797 202 840 nos
207 800 216 853 3
235 775 298 839 diei
315 775 471 858 reliquum
488 794 526 838 ac
543 781 668 838 noctem
685 772 904 855 insequentem
922 769 1000 836 fessi
1016 768 1099 834 labor

109 886 125 933 5
143 867 326 934 vulneribus
344 869 463 933 vallum
481 888 591 933 sumus
610 866 715 944 tutati3
734 874 861 950 postero
877 864 945 942 die,
962 862 1099 929 cumcirc

144 963 225 1028 sessi
243 961 283 1028 ab
302 962 441 1027 exercitu
458 961 576 1027 victore
594 982 677 1044 aqua
694 981 872 1024 arceremur
888 980 948 1024 nec
964 958 1029 1023 ulla
1042 957 1099 1022 iarn

143 1055 302 1121 confertos
324 1055 424 1122 hostis
447 1055 632 1141 erumpendi
655 1076 727 1139 spes
746 1063 908 1119 essetnec
926 1051 1092 1118 essenefss

144 1170 286 1216 ceremur
313 1149 542 1237 quinquaginta
567 1147 695 1213 milibus
721 1147 885 1212 hominum
913 1153 960 1212 ex'
979 1147 1043 1212 acie
1064 1163 1099 1210 nc

144 1244 306 1310 trucidatis
329 1244 467 1328 aliquem
489 1265 530 1309 ex
548 1241 710 1308 Cannensi
726 1264 835 1328 pugna
851 1240 1031 1306 Romanum
1046 1237 1099 1304 mili

108 1358 124 1406 6
142 1346 276 1417 restare,
302 1347 378 1404 tuno
399 1339 527 1403 demum
548 1337 633 1423 pacti
655 1358 765 1402 sumus
787 1335 923 1421 pretium
947 1357 1010 1420 quo
1026 1335 1099 1400 redu

144 1433 381 1513 dimitteremur,
400 1456 501 1512 arma,
519 1433 553 1497 in
571 1430 686 1516 quibus
704 1430 783 1495 nihil
799 1431 863 1496 iam
882 1431 981 1496 auxili
998 1426 1099 1506 erat‚l

110 1547 124 1592 7
144 1529 339 1594 tradidimus.
366 1529 502 1594 maiores
516 1549 642 1612 quoque
656 1548 877 1612 acceperamus
898 1527 932 1590 ie
950 1549 970 1591 a
984 1522 1077 1592 Gallis
1094 1547 1099 1583 ι

142 1621 315 1689 redemisse
329 1632 361 1688 et
373 1602 619 1708 patrlsvestros
639 1621 828 1706 asperrimos
841 1619 913 1685 illos
927 1621 969 1685 ad
983 1616 1099 1686 condici«

142 1717 247 1801 pacis,
264 1716 387 1804 legatos
406 1727 512 1782 tamen
526 1716 721 1802 captivorum
734 1714 990 1779 redimendorum
1003 1712 1099 1800 gratia

107 1820 267 1874 arentum
294 1811 429 1876 misisse.
473 1811 561 1895 atqui
592 1819 623 1875 et
650 1810 690 1875 ad
716 1807 824 1874 Aliam
850 1830 924 1874 cum
953 1806 1052 1875 Gallis
1074 1822 1099 1871 et

144 1903 335 1970 Heracleam
366 1928 438 1971 cum
464 1905 566 1992 Pyrro
599 1915 731 1990 utraque
756 1927 820 1970 non
846 1916 912 1983 tam
939 1906 1028 1972 clade
1050 1901 1099 1970 inti

145 2018 241 2080 quam
254 2022 372 2085 pavore
385 2011 415 2066 et
429 2001 507 2088 fuga
520 2023 628 2087 pugna
641 2001 710 2065 fuit.
739 1998 918 2065 Cannensis
934 2022 1058 2086 campos
1067 2014 1099 2064 ec

144 2090 361 2159 Romanorum
375 2116 540 2181 corporum
554 2104 674 2181 tegunt,
693 2116 752 2159 nec
766 2115 972 2180 supersumus
982 2110 1086 2182 pugnet

144 2186 306 2271 inquibus
321 2189 514 2254 trucidandis
529 2199 560 2254 et
573 2190 692 2254 ferrum
707 2199 738 2254 et
752 2190 834 2254 vires
848 2188 975 2253 hostem
989 2189 1099 2254 deferes

109 2297 124 2343 a
146 2292 218 2345 sunt
236 2283 330 2347 etiam
348 2283 388 2347 de
405 2285 521 2348 nostris
539 2284 682 2367 quidam,
701 2283 756 2367 qui
773 2304 831 2352 nec
849 2283 883 2346 in
901 2283 970 2348 acie
988 2282 1099 2368 quidem

145 2376 309 2462 fugerunt,
338 2378 394 2443 sed
415 2377 573 2463 praesidio
596 2378 706 2442 castris
729 2376 842 2454 relicti,
866 2399 939 2442 cum
958 2382 1099 2442 castrato

94 2489 126 2534 10
146 2481 262 2548 rentur,
289 2471 322 2535 in
344 2482 531 2556 potestatem
554 2472 692 2535 hostium
715 2480 876 2534 venerunt.
922 2470 1009 2535 haud
1034 2465 1099 2553 equi

143 2564 238 2628 ullius
264 2565 341 2630 civis
365 2575 396 2630 et
419 2566 639 2631 commilitonis
662 2564 807 2629 fortunae
829 2575 883 2629 aut
905 2556 1099 2629 condicioni?

145 2657 220 2735 deo,
243 2681 302 2722 nec
319 2660 490 2743 premendo
509 2659 605 2733 alium
622 2681 673 2723 me
692 2659 842 2723 extulisse
859 2658 971 2723 velimr
993 2680 1032 2722 ne
1047 2655 1086 2721 illi

145 2752 232 2828 dem,
255 2752 316 2816 nisi
333 2754 525 2838 pernicitatis
542 2753 659 2839 pedum
678 2762 709 2817 et
728 2775 838 2818 cursus
857 2751 986 2836 aliquod
1007 2769 1099 2838 praetr

146 2856 208 2921 est,
228 2847 282 2929 qui
295 2846 436 2931 plerique
448 2847 584 2912 inermes
598 2866 638 2912 ex
652 2848 718 2912 acie
731 2847 889 2935 fugientes
902 2869 967 2912 non
980 2847 1065 2933 prius
1080 2864 1099 2928 q

145 2937 307 3005 Venusiae
324 2950 379 3005 aut
398 2940 518 3006 Canusi
542 2943 762 3020 constiterunt,
790 2963 824 3007 se
845 2941 939 3008 nobis
963 2941 1099 3024 meritop

145 3034 273 3099 tulerint
298 3034 485 3121 gloriatique
512 3036 588 3114 sint,
619 3036 714 3119 inse
739 3035 812 3121 plus
838 3057 935 3120 quam
961 3037 995 3099 in
1024 3032 1099 3099 nobit

92 3153 122 3199 11
144 3128 294 3214 praesidii
310 3130 357 3194 rei
381 3129 527 3216 publicae
549 3152 629 3195 esse.
675 3131 732 3196 sed
748 3129 810 3194 illis
828 3138 864 3194 ut
881 3129 974 3195 bonis
993 3151 1030 3194 ac
1047 3128 1099 3193 fort

144 3222 295 3288 militibus
314 3223 446 3288 utemini
464 3234 494 3288 et
512 3223 603 3289 nobis
622 3224 716 3289 etiam
734 3222 979 3310 promptioribus
997 3245 1054 3309 pro
1066 3243 1099 3307 pa

145 3317 230 3400 quod
253 3316 405 3383 beneficio
428 3329 532 3384 vestro
553 3318 709 3403 redempti
731 3329 825 3402 atque
842 3318 876 3381 in
893 3317 1027 3402 patriam
1045 3323 1099 3381 rest

91 3433 124 3480 12
144 3410 307 3476 fuerimus.
353 3412 501 3478 dilectum
528 3413 679 3477 exomni
706 3420 808 3476 aetate
835 3421 867 3476 et
892 3411 1021 3476 fortuna
1046 3407 1099 3475 hal

145 3513 216 3570 octo
242 3505 329 3570 milia
356 3528 517 3571 servorum
544 3507 638 3571 audio
664 3506 792 3570 armari:
819 3527 883 3570 non
905 3505 1009 3570 minor
1029 3524 1099 3569 num

145 3609 252 3665 noster
274 3611 336 3678 est,
362 3623 421 3666 nec
443 3601 561 3666 maiore
582 3601 682 3687 pretio
704 3600 816 3666 redimi
837 3618 1099 3686 possumusque

146 3704 304 3758 emuntur:
323 3717 397 3759 nam
416 3694 442 3757 si
462 3695 622 3760 conferam
639 3717 697 3759 nos
716 3716 789 3760 cum
802 3692 880 3772 illis,
899 3694 1046 3759 iniuriam
1059 3711 1098 3756 no

94 3809 126 3856 13
146 3788 290 3853 Romano
313 3789 437 3854 faciam.
483 3789 560 3854 illud
584 3790 678 3853 etiam
699 3790 732 3853 in
754 3789 809 3853 tali
831 3789 964 3854 consilio
983 3784 1099 3854 animad

147 3883 274 3946 tendum
292 3882 383 3947 vobis
402 3905 563 3960 censeam,
581 3893 686 3969 patres
705 3882 888 3967 conscripti,
907 3883 935 3948 si
952 3892 1057 3949 tamen
1074 3879 1099 3943 dt

147 3997 197 4039 res
216 3997 286 4040 esse
300 3976 416 4055 velitis,
436 3979 520 4062 quod
538 3977 624 4042 nullo
642 3988 749 4043 nostro
767 3977 878 4042 merito
895 3976 1035 4054 faciatis,
1053 3972 1099 4041 cui
