2528 4514
140 232 205 297 412
297 226 300 230 ’
361 236 479 293 mann
497 235 640 305 xxvnr,
659 234 755 289 1111.
776 232 963 303 [111141]

140 426 179 468 ea
200 399 354 466 relaturos
378 396 419 461 ad
436 395 659 482 imperatorem
680 392 934 480 respondebant:
961 390 1070 457 laetari
1089 390 1150 476 qnod

140 495 219 562 nihil
236 491 357 558 tristius
375 511 435 556 nee
447 487 655 554 insanabilius
670 496 770 566 esset,
788 498 821 551 et
832 485 873 552 P.
884 484 1070 573 Scipionem
1081 486 1151 551 dein

142 588 337 676 benignitate
355 596 387 651 et
403 607 472 651 rem
488 583 650 670 publicam
667 604 739 648 esse
757 581 878 668 gratiae
895 582 1092 648 referendae.

108 705 124 754 8
209 682 393 769 Scipionem
418 679 511 745 bellis
535 678 716 755 adsuetum,
745 677 786 741 ad
809 676 1005 743 seditionum
1026 675 1152 766 procellas

141 778 268 855 rudem,
288 775 458 841 sollicitum
475 773 614 839 habebat
629 795 697 850 res,
715 794 756 836 ne
776 782 830 837 aut
843 772 1005 839 exercitus
1019 770 1153 862 peccando
1189 776 1191 784 ’

108 883 199 942 aaut
219 871 289 958 ipse
312 869 472 957 puniendo
495 868 625 934 modum
646 867 824 933 excederet.
868 867 902 932 in
925 867 1154 955 praesentiant
1191 872 1193 879 '

144 966 315 1053 coepisset,
343 964 455 1044 leniter
473 962 526 1049 agi
542 962 662 1049 placuit
679 973 712 1027 et
728 961 836 1028 missis
856 962 942 1027 circa
960 958 1154 1050 stipendiunm
1189 968 1194 975 ”

143 1061 286 1126 civitates
314 1058 513 1123 exactoribus
545 1056 681 1143 stipendi
709 1079 800 1143 spem
825 1056 1042 1144 propinquam
1066 1055 1154 1120 facee

92 1178 125 1225 10
144 1155 281 1220 edictum
304 1151 437 1218 subinde
463 1149 698 1237 [pro]positum,
731 1161 769 1215 ut
791 1150 832 1215 ad
859 1150 1056 1238 stipendium
1072 1159 1156 1238 peten-

144 1249 220 1313 dum
246 1246 451 1313 convenirent
469 1243 712 1333 Carthaginem,
741 1267 798 1310 seu
826 1245 964 1332 carptim
991 1256 1093 1332 partes
1115 1264 1169 1311 seu.

93 1367 124 1414 11
144 1343 285 1410 universi
314 1342 455 1407 mallent.
517 1341 720 1425 tranquillam
751 1339 940 1406 seditionem
967 1364 1028 1428 per
1055 1362 1086 1406 se
1106 1337 1155 1404 lan·
1185 1369 1189 1379 ·

144 1447 350 1524 guescentem
385 1435 552 1523 repentina
586 1435 677 1520 quies
712 1434 936 1501 rebellantium
961 1436 1154 1522 Hispanorum
1187 1465 1196 1507 1

144 1532 229 1598 fecit.
273 1531 432 1596 redierant
450 1529 535 1594 enim
551 1529 585 1595 in
606 1529 678 1595 finis
697 1529 816 1595 omisso
837 1529 969 1617 incepto
987 1527 1154 1595 Mandonius
1186 1539 1196 1587 ’.

94 1649 125 1696 12
145 1637 177 1692 et
193 1625 355 1704 Indibilis,
373 1634 545 1712 postquam
561 1623 670 1690 vivere
689 1622 872 1711 Scipionem
890 1625 1026 1690 allatum
1042 1634 1100 1702 est,
1113 1640 1154 1687 net
1187 1672 1196 1698 ,

144 1720 208 1785 iam
226 1731 294 1786 erat
313 1730 367 1784 aut
384 1719 463 1785 civis
482 1731 537 1785 aut
555 1729 719 1798 externus,
747 1740 819 1784 cum
842 1741 906 1803 quo
930 1719 1070 1785 furorem
1087 1738 1154 1784 suun
1184 1725 1196 1765 ὲ

95 1839 126 1886 13
146 1814 374 1880 consociarent.
420 1813 527 1880 omnia
553 1813 853 1900 circumspectantes
876 1814 1013 1880 consilia
1033 1812 1105 1878 nihi]
1121 1832 1154 1876 rt·

145 1907 223 1991 liqui
249 1907 409 1972 habebant
434 1918 647 1995 praeternam
667 1906 860 1974 tutissimum
882 1931 902 1973 a
924 1908 1020 1974 malis
1043 1904 1153 1974 comilis
1189 1921 1191 1930 '

144 2011 321 2088 receptum,
348 2013 385 2067 ut
405 2002 604 2090 imperatoris
627 2002 680 2069 vel
700 2002 803 2070 iustae
825 2003 891 2068 irae
910 2003 963 2068 vel
985 2027 1052 2070 non
1067 2003 1154 2089 despe·
1188 2041 1196 2079 ;

145 2096 264 2162 randae
282 2096 466 2163 clementiae
486 2121 557 2164 sese
571 2098 817 2165 committerent:
837 2099 933 2164 etiam
946 2097 1091 2165 hostibus
1103 2116 1153 2162 em
1187 2114 1196 2187 ¹j

96 2215 128 2262 14
146 2192 323 2278 ignovisse,
342 2215 413 2258 cum
432 2194 546 2277 quibus
565 2194 649 2260 ferro
668 2194 863 2272 dimicasset3
883 2217 977 2260 suam
996 2193 1154 2261 seditionem

147 2287 215 2352 sine
242 2288 386 2367 vulnere,
416 2289 483 2353 sine
511 2289 666 2375 sanguine
692 2289 807 2368 fuisse,
834 2311 893 2354 nec
915 2289 1022 2375 ipsam
1044 2299 1155 2354 atrocen
1193 2360 1196 2364 ,

146 2405 206 2448 nec
224 2384 322 2449 atroci
342 2407 446 2472 poena
464 2384 608 2470 dignam,
625 2421 669 2432 -
686 2398 722 2449 ut
742 2384 872 2472 ingenia
890 2385 1033 2451 humana
1050 2378 1156 2450 suntal

95 2500 127 2547 15
148 2501 238 2544 suam
256 2479 368 2563 cuique
386 2479 555 2544 levandam
578 2479 703 2566 culpam
725 2479 821 2546 nimio
838 2479 912 2567 plus
935 2480 1084 2546 facunda.
1120 2474 1157 2542 its

147 2573 300 2640 dubitatio
319 2583 396 2652 6111,
415 2574 601 2661 singulaene
620 2575 766 2641 cohortes
784 2599 826 2640 an
842 2575 988 2640 universi
1006 2576 1048 2640 ad
1065 2573 1157 2661 stipere
1193 2624 1196 2635 ,

146 2666 233 2732 dium
254 2669 428 2755 petendum
450 2669 541 2734 irent.
586 2669 749 2735 inelinavit
771 2669 942 2748 sententia,
973 2669 1060 2753 quod
1084 2666 1157 2733 tutius

146 2763 336 2839 censebant,
355 2764 523 2830 universos
542 2764 598 2829 ire.

113 2878 125 2923 1
210 2855 345 2924 XXVI.
389 2857 454 2923 Per
474 2859 604 2925 eosdem
622 2858 704 2936 dies,
728 2858 842 2942 quibus
861 2859 941 2923 haec
959 2858 1008 2923 illi
1025 2855 1158 2924 consulu-

112 2971 127 3018 1
146 2950 237 3028 bant,
256 2951 422 3017 consilium
441 2954 480 3017 de
497 2957 526 3019 is
542 2951 729 3040 Carthagini
747 2964 828 3032 erat,
849 2954 1092 3039 certabaturque
1108 2973 1159 3017 seu·

148 3045 268 3124 tentiis,
287 3056 393 3111 utrum
410 3048 443 3112 in
458 3058 602 3113 auctores
617 3059 740 3113 tantum
753 3046 917 3114 seditionis
931 3085 960 3096 -
973 3061 1066 3115 erant
1077 3057 1158 3114 autem

145 3139 168 3203 ii
185 3163 317 3206 numero
335 3142 427 3231 haud!
438 3143 510 3228 plus
530 3165 626 3227 quam
639 3143 778 3227 quinque
798 3153 830 3207 et
847 3143 980 3230 triginta
996 3181 1024 3194 -
1042 3138 1158 3210 animul-

146 3245 320 3301 verteretur
351 3260 391 3302 an
421 3236 560 3324 plurium
591 3238 745 3325 supplicio
777 3237 970 3304 vindicanda
1001 3251 1067 3305 tam
1095 3230 1158 3302 foedi

112 3329 284 3416 sexempli
310 3331 446 3397 defectio
473 3332 576 3418 magis
604 3355 699 3417 quam
726 3331 839 3398 seditio
866 3344 963 3399 esset.
1009 3334 1085 3399 vicit
1107 3351 1159 3397 seu

147 3424 245 3488 tentia
266 3423 380 3504 lenior,
407 3438 442 3491 ut
464 3427 548 3492 unde
576 3428 669 3514 culpa
691 3439 760 3494 orta
782 3437 882 3506 esset,
909 3427 955 3492 ibi
977 3451 1082 3516 poena
1105 3446 1160 3491 con·

111 3540 128 3586 4
148 3517 287 3583 sisteret:
307 3520 348 3584 ad
364 3521 597 3587 multitudinem
619 3522 860 3609 castigationem
883 3522 962 3588 satis
982 3545 1064 3589 esse.
1105 3539 1161 3586 cou-

147 3612 216 3677 silio
240 3613 386 3694 dimisso,
413 3628 449 3681 ut
466 3617 623 3682 idaotum
644 3618 818 3697 videretur,
849 3618 1011 3704 expeditio
1029 3620 1160 3683 adversat

145 3706 357 3775 Mandonium
376 3711 608 3797 Indibilemque
627 3712 760 3777 edicitur
778 3712 946 3791 exercitui,
974 3712 1029 3797 qui
1048 3708 1161 3779 0111111·

145 3801 219 3886 gine
247 3815 333 3883 erat,
369 3817 401 3870 et
433 3806 552 3874 cibaria
583 3807 705 3873 dierum
732 3807 853 3892 aliquot
883 3830 998 3894 parare
1023 3806 1161 3872 iubentur·

110 3895 278 3964 otribunis
305 3913 442 3988 septem,
470 3903 524 3988 qui
551 3913 583 3969 et
609 3915 703 3969 antea
730 3901 908 3969 Sucronem
934 3904 977 3968 ad
1001 3900 1163 3969 leniendm
1194 3954 1196 3983 ,

144 3990 332 4059 seditionem
349 3997 464 4079 ierant,
492 3999 619 4066 obviam
638 3999 789 4068 exercitui
807 3999 914 4066 missis
933 3999 1031 4084 quina
1052 3993 1163 4063 nomina
