2528 4514
191 233 311 291 amsa
328 232 445 305 xxm,
464 235 508 291 ar.
523 234 566 291 aa
587 232 741 305 [acala]
925 220 987 288 141

95 391 210 478 uptiona
227 390 313 457 facta
334 392 430 457 silvas
453 414 491 457 ac
513 393 627 458 montis
650 392 738 477 petit.
782 392 913 478 parique
930 402 993 459 ter·

105 495 205 552 casua
226 495 300 551 sunt
321 486 446 551 deserta
469 498 500 552 et
523 487 670 552 universa
691 508 771 574 gens
793 497 919 572 postero
941 487 992 553 die

95 580 199 646 ionem
216 581 312 646 venit

102 674 156 741 diu
172 675 206 739 in
222 685 316 760 paeto
334 675 463 739 mansit:
490 699 566 739 nam
587 675 721 740 subinde
738 675 779 743 ab
798 671 992 764 Camagim
1011 696 1025 744 9

95 822 98 834 ,
115 778 175 846 est,
205 779 239 833 ut
256 768 440 834 Hasdrubal
457 770 560 854 primo
578 791 703 854 quoque
721 780 861 856 tempore
878 770 912 835 in
928 770 994 836 Ita-

95 863 220 927 srcitum
239 863 380 940 duceret,
408 885 489 946 quae
507 863 634 949 volgata
655 885 707 929 res
729 886 786 949 per
802 864 993 952 Hispaniam

95 956 215 1021 ¹ferme
232 957 354 1021 animos
373 957 414 1021 ad
431 956 595 1022 Romanos
618 958 739 1023 avertit.
782 959 889 1043 itaque
906 958 994 1025 Has-
1012 979 1045 1027 10

103 1049 262 1136 extemplo
296 1051 416 1116 litteras
449 1048 676 1138 Carthaginem
710 1052 804 1118 mittit
839 1053 991 1132 indicans,

95 1145 178 1209 fama
195 1145 397 1229 profectionis
417 1167 492 1210 suae
506 1146 622 1210 damno
635 1145 763 1225 fuisset3
782 1147 810 1211 si
827 1169 903 1213 vero
920 1147 993 1213 inde

95 1264 115 1317 :,
159 1241 345 1326 priusquam
380 1239 538 1305 Hiberum
575 1240 733 1319 transiret,
777 1241 993 1307 Romanorum

95 1357 148 1398 am
169 1334 251 1399 fore:
283 1357 356 1399 nam
378 1335 702 1420 praeterquamquod
722 1357 781 1400 nec
801 1335 994 1421 praesidium
1014 1351 1042 1411 [ι

95 1452 147 1493 am
163 1429 307 1506 haberet,
335 1450 430 1513 quem
446 1429 648 1513 relinqueret,
671 1451 769 1515 prope
788 1452 842 1496 eos
859 1430 995 1516 impera-

95 1545 139 1587 rse
165 1523 345 1601 Romanos,
382 1521 496 1607 quibus
524 1524 579 1587 vix
605 1524 714 1608 aequis
745 1522 864 1590 viribus
890 1524 994 1589 resisti

97 1617 206 1700 itaque
224 1617 252 1680 si
275 1617 339 1681 ulla
357 1616 534 1702 Hispaniae
553 1640 628 1682 cura
651 1628 749 1696 esset,
777 1638 994 1684 successorem
1013 1638 1044 1687 12

95 1734 113 1775 n
138 1710 241 1775 valido
265 1711 404 1776 exercitu
425 1712 597 1789 mitterent,
631 1713 682 1777 cui
700 1709 765 1798 [ut]
790 1711 896 1777 omnia
921 1732 994 1798 pro·

95 1804 241 1882 renitent,
260 1827 324 1869 non
341 1815 447 1870 tamen
465 1807 599 1870 otiosam
616 1806 811 1891 provinciam
829 1805 907 1872 fore.

95 1897 191 1964 VHL
235 1898 304 1964 Eae
330 1899 451 1965 litterae
477 1922 671 1984 quamquam
695 1901 797 1986 primo
823 1900 994 1967 admodum
1015 1925 1026 1970 1

95 2004 123 2057 rt
140 2003 299 2071 senatum,
319 2003 439 2071 tamen,
463 1994 537 2077 quia
553 1994 666 2060 Italiae
683 2017 759 2060 cura
775 1995 861 2080 prior
877 1996 995 2081 potior-

95 2096 115 2164 t,
142 2086 221 2151 nihil
244 2089 283 2152 de
301 2088 504 2153 Hasdrubale
526 2109 629 2172 neque
651 2089 691 2152 de
713 2090 812 2174 copiis
835 2088 903 2155 eius
926 2112 996 2153 mu-

95 2192 138 2260 st,
165 2180 307 2247 Himilco
327 2205 399 2246 eum
417 2182 556 2246 exercitu
573 2183 656 2247 iusto
675 2192 707 2247 et
725 2193 817 2248 aucta
835 2183 936 2249 alasse
954 2183 995 2248 ad
1014 2207 1028 2252 a

95 2276 152 2341 iam
189 2285 271 2340 terra
306 2277 446 2360 marique
478 2298 516 2341 ac
547 2277 697 2341 tuendam
722 2274 913 2361 Hispaniam
945 2290 995 2343 est

107 2370 178 2454 qui,
196 2380 231 2434 ut
245 2371 399 2455 pedestris
414 2371 598 2454 navalisque
612 2371 718 2455 copias
732 2370 864 2447 traiecit,
884 2371 994 2436 castris
1015 2392 1029 2439 s

94 2465 147 2529 itis
184 2465 382 2548 navibusque
415 2465 579 2531 subductis
611 2475 643 2529 et
668 2463 751 2529 vallo
784 2463 993 2542 circumdatis,

95 2559 207 2625 ritibus
232 2560 360 2624 delectis
382 2560 466 2644 ipse,
493 2571 645 2644 quantum
668 2558 804 2623 maxime
822 2556 996 2624 accelerare

123 2676 179 2739 per
197 2655 310 2719 dubios
328 2655 524 2738 infestosque
542 2655 675 2741 populos
693 2654 782 2719 iuxta
798 2653 936 2719 intentus
955 2653 996 2719 ad

95 2747 195 2814 balam
213 2750 364 2834 pervenit.
406 2772 479 2814 aum
497 2750 622 2815 decreta
640 2758 767 2815 senatus
785 2747 995 2834 mandataque
1015 2770 1033 2818 4

95 2854 159 2909 sset
181 2854 275 2928 atque
298 2846 427 2910 edoctus
451 2854 536 2910 esset
557 2845 627 2930 ipse
648 2845 682 2909 iu
700 2844 816 2923 vicem,
843 2845 997 2928 quemad

108 2941 305 3003 tractandum
324 2939 441 3004 bellum
455 2941 488 3003 in
497 2939 655 3025 Hispania
672 2940 768 3017 foret,
786 2949 869 3006 retro
887 2940 921 3004 in
938 2962 997 3004 sua

95 3033 163 3097 edit
179 3033 265 3098 nulla
282 3056 316 3098 re
334 3056 429 3117 quam
448 3034 605 3099 celeritate
623 3033 731 3112 tutior,
755 3034 840 3119 quod
857 3034 996 3117 undique

98 3138 267 3212 antequam
286 3130 506 3194 consentirent.
533 3127 717 3194 Hasdrubal
730 3129 914 3214 priusquam
928 3149 996 3190 mo-
1014 3148 1030 3193 s

95 3232 189 3301 astra,
216 3224 365 3308 pecunias
387 3224 521 3308 imperat
538 3223 662 3309 populis
685 3221 831 3287 omnibus
855 3242 931 3284 suae
949 3219 997 3283 di-

95 3318 172 3382 satis
190 3341 306 3403 gnarus
324 3317 540 3382 Hannibalem
557 3319 705 3382 transitus
724 3315 879 3400 quosdam
895 3312 995 3399 pretio

95 3435 135 3475 uu
144 3434 203 3476 neo
213 3412 328 3477 auxilia
338 3410 461 3477 Gallica
471 3411 560 3477 aliter
568 3434 664 3497 quam
672 3411 827 3475 conducta
835 3409 994 3485 habuisse,
1015 3437 1029 3483 6

124 3516 245 3571 tantum
279 3507 338 3572 iter
377 3508 555 3593 ingressum
594 3507 648 3570 vix
687 3513 921 3590 penetraturum
956 3503 997 3568 ad

95 3601 193 3664 nisse:
223 3601 364 3685 pecuniis
386 3601 482 3686 igitur
503 3600 617 3687 raptim
641 3599 757 3665 exactis
781 3599 822 3664 ad
839 3596 997 3664 Hiberum

95 3695 134 3758 tit.

95 3799 166 3853 :reta
185 3787 494 3876 Carthaginiensium
517 3800 547 3855 et
565 3787 776 3854 Hasdrubalis
798 3787 857 3852 iter
879 3785 934 3851 ubi
955 3784 996 3852 ad
1015 3807 1030 3854 7

95 3904 124 3948 rs
145 3894 217 3947 sunt
235 3885 363 3968 perlata,
383 3884 528 3949 omnibus
543 3884 668 3949 omissis
682 3882 777 3947 rebus
791 3880 885 3947 ambo
899 3881 995 3946 duces

102 3981 201 4066 copiis
224 3982 269 4047 ire
292 3981 418 4047 obviam
444 3980 563 4067 coeptis
585 3990 679 4065 atque
702 3978 854 4044 obsistere
874 3985 998 4064 parant,
