2528 4514
137 220 203 288 304
369 229 487 286 ιιιιιιιι
505 229 619 300 xxvi,
638 228 680 284 ιι.
698 228 741 284 36.
762 228 945 299 [aucam

137 392 211 470 fuit,
229 399 264 455 ut
281 411 374 476 mage
392 389 458 452 dux
474 411 570 472 qnam
587 387 718 452 materia
737 387 882 453 seditioni
900 387 1027 454 deesset:
1043 409 1111 453 seem
1147 392 1152 401 '

138 488 215 551 dum
234 482 359 550 Siculos
379 481 623 568 Campanosque
640 479 766 566 plebem
784 480 962 546 Romanam
976 481 1110 567 madenia
1146 525 1147 528 =

103 579 399 661 slacerandamque
426 576 486 641 sibi
514 574 658 640 consules
686 575 871 660 sumpsisse.
916 597 973 661 per
994 584 1032 640 tot
1049 594 1108 639 ιιιιι

138 672 254 739 tributo
277 671 447 736 exhaustos
474 670 552 734 nihil
577 669 689 753 reliqui
710 679 835 754 praeter
856 679 970 735 terram
989 668 1074 734 nudsn
1086 688 1109 733 ιι

138 777 262 833 vastam
280 765 405 830 habere.
451 774 533 829 tecta
554 764 654 828 hostis
672 763 864 842 incendisse,
893 786 996 831 servos
1015 760 1109 850 agritii·

141 872 223 927 tores
249 882 317 925 rem
343 858 502 945 publicam
529 857 713 968 abduxisse,
740 879 824 922 nunc
846 857 888 923 ad
910 858 1108 968 mdifiampm
1141 901 1148 915 ι

103 978 212 1026 caere
234 954 380 1030 emendo,
407 975 491 1018 nunc
513 953 649 1039 remiges
671 953 863 1038 imperando
914 953 941 1017 si
962 949 1109 1037 quidmiu·
1150 978 1152 985 ¹

140 1050 228 1136 genti
245 1049 366 1114 aerisve
384 1047 491 1124 fuerit,
466 1047 674 1133 tstipendio
692 1047 848 1133 remigum
865 1056 897 1112 et
918 1046 1029 1112 tributis
1041 1062 1114 1109 emt!-
1145 1069 1152 1109 ε

140 1144 288 1209 ablatum
333 1142 537 1220 se‚ututdent
524 1141 639 1225 tquod
656 1163 720 1207 non
737 1141 888 1219 habeant,
915 1139 1045 1217 nullan,
1058 1134 1109 1201 ιώ

139 1238 271 1324 imperio
289 1236 361 1322 cogi
377 1257 481 1322 posse
514 1236 598 1301 bona
612 1259 669 1301 sua
683 1237 897 1315 venderent,
887 1246 1111 1322 mcorporaqut
1148 1228 1152 1247 ²

139 1333 260 1416 reliqua
287 1339 406 1408 essent,
435 1330 599 1395 saevirent.
652 1353 692 1395 ne
718 1331 801 1396 unde
827 1331 1013 1396 redimantur
1031 1325 1111 1413 quit·

108 1450 122 1494 ι
142 1427 311 1511 quiequam
330 1445 505 1510 superesse.
550 1424 629 1490 haec
645 1448 708 1490 non
726 1425 758 1489 in
776 1425 914 1504 occulto,
938 1425 992 1491 sed
1006 1443 1112 1510 provo}
1150 1423 1152 1427 ”

140 1520 259 1586 infore
277 1529 372 1603 atque
395 1518 494 1585 oculis
516 1519 657 1605 ipsorum
677 1518 842 1585 consulum
864 1520 976 1606 ingens
997 1516 1067 1583 turba
1085 1552 1091 1566 ν

104 1615 280 1684 tcumiusi
306 1613 481 1678 fremebant
507 1635 565 1678 nee
589 1635 643 1678 eos
670 1614 780 1679 sedare
807 1615 953 1680 consules
975 1632 1045 1678 nunc
1064 1614 1110 1666 »us

141 1710 259 1796 gando,
295 1730 380 1773 nunc
407 1708 599 1773 consolando
624 1717 777 1793 poterant.
832 1709 979 1818 spatium·
994 1698 1105 1773 deinde'

142 1804 236 1867 tridui
259 1825 294 1867 se
317 1803 392 1866 dare
414 1803 455 1867 ad
478 1802 680 1889 cogitandum
702 1802 861 1880 dixerunt,
835 1813 953 1886 tquo
970 1803 1025 1888 iper
1016 1797 1069 1864 sd
1092 1824 1099 1848 ι

107 1893 420 1982 einspiciendam[e
422 1894 694 2005 t]expediendam
712 1897 762 1961 usi
781 1907 863 1962 sunt.
892 1906 1028 1962 senatum
1044 1920 1105 1951 ..m

142 1991 193 2056 die
210 1991 387 2056 habuerunt
408 1992 447 2055 de
469 1993 623 2078 remigum
646 1993 880 2077 supplement03
907 1993 962 2058 ubi
980 2013 1042 2058 cum
1057 2009 1106 2052 n·o

142 2085 378 2163 disseruissent,
406 2107 462 2150 our
479 2108 580 2170 aequa
597 2085 697 2171 plebis
715 2087 870 2151 recusatio
890 2097 988 2165 esset,
1012 2106 1044 2150 ιι
1061 2108 1093 2137 a*
1116 2113 1123 2120 ι

141 2179 315 2244 orationem
341 2189 455 2257 e0‚ut
420 2180 633 2257 utdicerent,
660 2180 790 2264 privatis
817 2181 851 2244 id
879 2203 937 2246 seu
959 2188 1119 2278 aequumttl

91 2296 123 2343 10
141 2275 284 2359 iniquum
302 2297 381 2339 onus
400 2274 626 2360 iniungendum
645 2296 729 2339 esse.
749 2298 823 2339 nam
836 2277 935 2354 unde,
955 2298 1023 2341 cum
1032 2282 1119 2359 pettit⁸

141 2371 173 2433 in
192 2369 309 2434 aerario
327 2391 391 2434 non
409 2380 493 2433 esset
497 2378 614 2455 ,parat
616 2391 688 2433 uros
706 2369 827 2434 navalis
847 2369 970 2434 socios?
998 2389 1051 2453 quo
1063 2356 1123 2428 nol

142 2476 195 2530 aut
196 2488 246 2530 em
265 2466 331 2530 sine
350 2464 504 2530 classibus
523 2475 577 2528 aut
565 2463 738 2530 tSioiliam
760 2464 894 2529 obtineri
917 2475 972 2530 aut
960 2462 1065 2529 tltalio
1084 2448 1111 2507 ἰ

142 2559 262 2643 lippum
280 2559 378 2623 areeri
395 2581 490 2644 posse
509 2568 563 2623 aut
581 2568 649 2623 tuta
666 2558 777 2622 ltaliae
795 2558 887 2623 litora
905 2559 994 2624 esse?

109 2674 123 2718 1
206 2653 376 2718 XXXVI.
422 2652 505 2718 Cum
527 2654 560 2717 in
582 2653 642 2718 hac
668 2648 852 2718 difficultate
878 2676 983 2719 rerum
1008 2644 1118 2717 consiliu

141 2746 282 2810 haereret
308 2768 346 2811 ac
371 2770 469 2832 prope
499 2759 605 2834 torpor
637 2747 764 2831 quidam
795 2757 982 2833 occupasset
1010 2741 1118 2810 homno

107 2861 123 2906 ι
143 2849 277 2916 mentes,
297 2850 363 2904 tum
380 2843 543 2907 Laevinus
562 2842 686 2909 consul:
715 2842 918 2927 magistratus
939 2840 1049 2908 senatui
1062 2843 1124 2900 ets

142 2942 251 2998 natum
268 2935 398 3020 populo,
418 2937 498 3001 sicut
515 2937 633 3003 honore
650 2946 822 3022 praestent,
840 2937 885 3001 ita
903 2938 944 3001 ad
962 2934 1060 3010 omnia,
1073 2938 1118 3011 ql*

143 3028 278 3092 durat
247 3039 350 3112 atque
367 3053 478 3114 aspera
500 3041 619 3108 essent,
594 3030 813 3096 tsubeunda
835 3030 932 3095 duces
956 3030 1057 3096 debere
1072 3032 1116 3086 et*

107 3147 123 3193 3
144 3123 185 3187 ‘si
207 3123 312 3207 quid'
304 3125 466 3211 miungere
488 3126 628 3190 inferiori
653 3125 745 3202 velis,
784 3123 840 3211 [si]
864 3125 898 3189 id
920 3125 1005 3211 prius
1024 3124 1050 3187 in
1065 3122 1116 3179 lt*
1148 3142 1152 3179 ÷

141 3229 213 3282 tuos
218 3217 295 3327 'ipse
309 3219 385 3284 iuris
401 3219 560 3296 statueris,
580 3219 702 3284 facilius
718 3219 819 3285 omnis
835 3218 1025 3285 oboedientis
1036 3209 1113 3279 halet
1145 3260 1152 3279 ι,

141 3334 200 3375 nec
217 3311 361 3397 impensa
378 3312 484 3399 gravis
503 3323 565 3390 est,
585 3335 655 3378 cum
677 3311 745 3399 [ex]
766 3313 893 3398 euplus
912 3336 1006 3397 quam
1017 3286 1113 3397 proll'1
1143 3333 1147 3340 “

108 3414 230 3489 sparte
200 3405 322 3470 tsibi
353 3429 510 3491 quemque
540 3429 651 3493 capere
682 3407 859 3493 principum
890 3409 1004 3473 vident
1052 3400 1112 3474 llll*
1142 3486 1146 3501 ἢ

143 3499 260 3563 classes
279 3499 395 3565 habere
412 3511 506 3584 atque
525 3523 634 3566 ornare
651 3501 797 3567 volumus
815 3501 966 3587 populum
982 3498 1111 3565 Romul*
1141 3521 1143 3527 ⁴

142 3594 280 3679 privatos
308 3595 375 3659 sine
401 3596 596 3660 recusatione
621 3597 757 3682 remiges
785 3596 877 3663 dare·
913 3596 1052 3662 nobismet
1068 3571 1110 3665 Ψ
1148 3589 1152 3601 Ἰ

107 3710 124 3757 5
142 3689 278 3772 primum
300 3689 500 3773 imperemus
545 3713 669 3768 aurum,
697 3702 875 3777 amentum,
906 3687 987 3780 [aes]
1009 3684 1109 3770 sigffl
1145 3746 1147 3753 .

142 3805 251 3848 omnes
279 3793 438 3850 senatores
466 3795 549 3850 orest
550 3785 602 3850 ino
632 3785 721 3849 die
712 3809 745 3849 ιιι
774 3785 937 3872 publicum
963 3778 1108 3850 anferam
1147 3861 1149 3865 y

141 3879 186 3940 ita
211 3889 245 3941 ut
271 3878 382 3944 anulos
410 3880 470 3945 sibi
496 3881 628 3964 quisque
656 3893 686 3944 et
714 3881 847 3966 coniugi>
866 3891 898 3946 et
918 3879 1015 3946 liberis
1035 3879 1058 3935 el

142 3971 260 4038 bullam
278 3984 309 4039 et
327 3976 441 4059 quibus
459 3999 540 4041 uxor
557 3976 678 4042 filiaeve
697 3988 770 4041 sunt
789 3977 929 4064 singulas
944 3946 1106 4048 uneiapell
1149 4004 1152 4031 :
