2528 4514
146 231 213 298 396
363 242 482 297 mssa
499 242 643 314 xxvur,
660 242 703 298 11.
716 244 757 298 ra.
778 246 853 313 [aa
864 244 963 315 este]

148 427 169 469 a
181 412 294 469 senatu
308 410 391 478 sunt,
404 410 441 465 ut
452 400 485 464 in
500 423 593 486 agros
607 400 829 467 redducendae
842 402 948 489 plebis
962 425 1066 469 curam
1077 404 1150 471 habe·

146 508 231 563 rent:
244 497 341 562 deum
353 495 548 581 benignitate
562 505 754 560 summotum
761 496 883 562 bellum
897 499 939 563 ab
947 499 1027 563 urbe
1034 499 1152 565 Romam

148 603 180 658 et
197 590 294 657 Latio
312 612 398 668 esse,
416 611 512 676 posse
531 589 599 654 sine
616 600 704 654 metu
720 590 755 654 in
773 591 858 677 agris
876 590 1030 672 habitari,
1051 594 1155 667 minine

148 685 316 753 convenire
334 682 462 750 Siciliae
480 706 576 767 quam
592 684 705 750 Italiae
728 685 879 752 colendae
903 688 1056 755 maiorem
1071 698 1155 781 curare:

113 798 230 851 sessa.
275 780 333 846 sed
353 803 405 845 res
429 780 674 865 haudquaquam
695 794 764 847 erat
783 783 904 870 populo
926 785 1047 864 facilis,
1071 784 1153 852 liberis

147 876 320 943 cultoribus
338 874 422 940 bello
440 875 616 962 absumptis
634 886 667 940 et
684 875 791 962 inopia
806 877 1010 943 servitiorum
1024 890 1054 945 et
1065 894 1155 967 peoora¹

148 973 270 1059 direpto
288 969 434 1054 villisque
452 969 564 1034 dirutis
583 970 803 1037 antinoensis.
841 995 964 1060 magna
982 985 1084 1039 tamen
1097 996 1155 1061 pan

149 1065 334 1133 auctoritate
373 1063 538 1128 consilum
578 1065 741 1150 compulsa
779 1065 813 1129 in
852 1088 949 1153 agros
986 1054 1155 1163 remigrar'lq

98 1174 130 1222 10
147 1168 313 1227 moverant
339 1167 445 1222 autem
472 1157 604 1224 huiusce
629 1157 676 1223 rei
701 1159 895 1225 mentionem
919 1160 1102 1227 Placentino

149 1264 181 1320 et
199 1251 463 1319 Cremonensium
479 1250 590 1337 legati,
619 1264 801 1335 querentes,
825 1276 939 1341 agrum
958 1254 1101 1320 suamab
1137 1246 1155 1325 ..¹-

149 1348 226 1414 oolis
245 1345 348 1413 Gallis
370 1345 523 1409 incursari
545 1366 582 1410 ae
603 1347 722 1412 vastari
744 1370 960 1435 magnamque
983 1361 1096 1436 partem

146 1442 292 1508 lonorum
319 1462 448 1505 suorum
475 1439 631 1527 dilapsam
656 1462 728 1506 esse
754 1451 787 1506 et
815 1440 882 1507 iam
906 1443 1105 1528 infrequentis

95 1551 128 1598 11
146 1538 257 1614 urbes,
276 1558 388 1622 agrum
403 1545 531 1600 vastum
548 1557 585 1600 ac
599 1535 758 1600 desertum
771 1536 899 1603 habere.
926 1537 1099 1624 Mamiliop

148 1631 209 1697 tori
229 1630 427 1707 mandatum,
454 1638 490 1693 ut
511 1629 650 1694 colonias
674 1630 715 1695 ab
732 1630 824 1695 hoste
847 1643 1004 1712 tueretur3
1030 1653 1065 1697 co

148 1749 189 1792 ex
216 1735 344 1790 senatus
372 1724 516 1790 consulto
543 1723 722 1803 edixerunt,
751 1725 805 1810 qui
831 1725 917 1792 cives
942 1724 1058 1793 Cremo

148 1830 241 1903 atque
262 1818 441 1882 Placentini
468 1828 589 1895 essent,
622 1829 694 1884 ante
720 1830 838 1884 certam
865 1820 953 1885 diem
979 1821 1012 1886 in
1035 1819 1077 1885 eol
1108 1816 1115 1833 '

146 1922 387 1977 reverterentur.
430 1912 583 1998 principio
611 1912 724 1977 deinde
750 1914 834 1978 veris
857 1925 891 1979 et
911 1914 976 2001 ipsi
997 1915 1035 1979 ad

147 2005 282 2091 profecti
300 2017 383 2069 sunt.

96 2123 128 2169 12
211 2098 252 2180 Q.
273 2097 432 2165 Caecilius
451 2100 561 2164 consul
579 2100 750 2165 exercitum
770 2102 809 2166 ab
828 2100 868 2167 O.
887 2104 1026 2181 Nerone,
1050 2098 1127 2166 Iait-

147 2193 245 2258 turius
269 2217 288 2258 a
306 2192 347 2274 Q.
367 2191 502 2258 Claudio
525 2206 728 2280 propraetore
750 2196 872 2282 accepit
893 2198 1044 2281 novisque
1062 2190 1126 2258 miili·
1150 2206 1155 2277 s

96 2310 127 2358 13
146 2290 221 2367 bus,
241 2311 320 2372 quos
337 2289 407 2374 ipse
426 2289 668 2375 conscripserat,
688 2290 855 2377 supplevit.
892 2290 926 2355 in
946 2289 1082 2358 Consen'
1125 2302 1129 2339 ἱ

146 2407 258 2470 agrum
280 2385 426 2448 eonsules
450 2385 622 2449 exercitum
645 2384 801 2449 duxerunt
822 2385 1007 2472 passimque
1031 2385 1128 2470 ‹lamp-¹

145 2478 213 2557 lati,
243 2501 315 2543 eum
341 2502 456 2565 agmen
482 2479 545 2544 iam
572 2503 669 2566 grave
692 2482 810 2566 praeda
831 2494 932 2561 esset,
960 2483 993 2547 in
1014 2481 1128 2547 saltum*
1153 2552 1155 2557 Ι

145 2583 240 2658 gusto
264 2596 283 2637 a
303 2573 437 2637 Bruttiis
464 2572 749 2659 iaculatoribusque
773 2576 920 2641 Numidis
949 2575 1057 2641 turbati
1076 2576 1126 2643 wli
1151 2578 1155 2587 '

95 2685 127 2732 14
145 2666 190 2731 ita
206 2678 242 2730 ut
259 2690 323 2732 non
339 2669 471 2753 praeda,
500 2678 548 2732 set
566 2669 678 2733 armati
696 2691 821 2753 quoque
838 2670 871 2735 in
888 2670 1027 2758 periculo
1042 2663 1128 2732 natat

144 2760 245 2824 maior
271 2773 377 2825 tamen
403 2763 555 2829 tumultus
588 2785 682 2846 quam
711 2787 820 2850 pugna
850 2765 912 2828 fuit
944 2776 976 2830 et
999 2757 1129 2850 praemiat¹

94 2872 126 2919 15
144 2854 263 2938 praeda
279 2854 452 2921 incolumes
476 2867 508 2921 et
528 2857 671 2943 legiones
688 2857 722 2921 in
743 2858 814 2922 loca
830 2868 900 2923 tuta
917 2880 1051 2925 evasere.
1084 2848 1129 2918 ab

144 2948 178 3011 in
194 2947 345 3015 Lucanos
363 2950 507 3036 profecti.
552 2951 676 3016 casine
700 2951 870 3016 certamine
894 2962 962 3017 tota
979 2974 1052 3040 gens
1066 2940 1128 3014 inc·

144 3043 268 3108 cionem
285 3045 395 3130 populi
410 3044 548 3109 Romani
565 3045 667 3109 rediit.

113 3155 126 3201 1
209 3137 292 3202 XII.
337 3136 421 3203 Cum
438 3139 619 3204 Hannibale
641 3139 719 3204 nihil
741 3163 778 3206 eo
801 3162 884 3204 anno
906 3141 954 3205 rei
972 3140 1130 3228 gestumei'

143 3255 219 3296 nam
234 3254 337 3315 neque
354 3233 424 3318 ipse
443 3256 477 3298 se
495 3233 608 3298 obtulit
629 3233 662 3297 in
680 3245 745 3298 tam
762 3234 881 3299 recenti
898 3235 1027 3301 volnere
1042 3226 1129 3320 putta

142 3327 327 3414 privatoque
350 3349 451 3410 neque
473 3328 680 3393 lacessierunt
706 3327 847 3412 quietum
868 3328 1022 3394 Romani:
1049 3334 1133 3392 tntu·

143 3423 248 3486 inesse
266 3421 344 3498 vim,
363 3421 423 3485 etsi
441 3422 547 3488 omnia
564 3423 626 3487 alia
643 3423 725 3487 eirca
743 3445 815 3488 eum
828 3435 974 3503 ruerent,
991 3424 1024 3489 in
1039 3412 1131 3487 anob

108 3517 223 3586 aduae
241 3516 421 3580 censebant.
466 3538 504 3580 ao
525 3518 632 3581 nescio
656 3541 696 3582 an
717 3517 890 3582 mirabilior
911 3518 1052 3584 adversis
1071 3528 1133 3600 qun

109 3635 124 3681 3
145 3610 292 3675 secundis
317 3612 413 3675 rebus
439 3610 548 3689 fuerit,
576 3610 692 3698 quippe
719 3611 786 3697 qui,
818 3634 891 3676 eum
917 3624 952 3678 et
976 3613 1010 3678 in
1034 3608 1134 3677 hostin

142 3717 227 3770 terra
243 3728 300 3790 per
323 3729 421 3770 annos
445 3707 594 3772 tredecim
615 3717 681 3771 tam
697 3707 809 3793 procul
826 3708 867 3773 ab
886 3708 982 3774 domo
1000 3707 1082 3772 varia
1097 3702 1137 3769 iu·

145 3811 221 3864 tuna
246 3800 364 3864 bellum
390 3814 513 3886 gereret
541 3798 601 3888 [et]
630 3802 770 3867 exercitu
799 3825 865 3867 non
891 3825 952 3868 suo
978 3802 1076 3880 civili,
1104 3788 1138 3862 rtl

143 3893 242 3957 mixto
269 3916 308 3957 ex
330 3894 516 3960 conluvione
539 3895 679 3960 omnium
701 3897 859 3984 gentium,
886 3897 1004 3980 quibus
1025 3920 1084 3961 non
1099 3892 1155 3959 ltu·

142 4008 207 4052 non
220 4010 303 4067 mos,
321 4013 386 4055 non
403 3990 513 4077 lingua
526 3993 716 4073 communis,
736 3993 815 4060 alius
830 3993 971 4074 habitus,
990 3993 1051 4061 alia
1061 3985 1140 4057 vetit
