2528 4514
149 230 215 298 326
390 237 506 294 LIBER
524 237 640 295 XXVII
646 279 654 308 ,
672 237 736 292 3.AE
757 240 834 306 [au.
845 237 943 308 auat]

148 412 253 469 autem
271 419 397 466 omnem
414 395 739 480 frumento-tempus
758 393 843 472 terit,
861 417 903 460 ne
916 394 1029 463 deesset
1037 395 1117 461 mauu
1160 398 1165 461 Ξ

148 498 182 561 in
200 494 381 580 Campanos
408 490 582 568 saeviendi,
608 511 727 555 novum
753 488 788 553 in
812 488 938 556 occulto
961 489 1071 578 ςΙίιιιιιι
1085 511 1117 576 pu
1164 544 1165 554 ,

114 613 131 660 2
149 589 299 656 indicium
315 594 507 672 protractum
526 594 574 650 est
592 583 726 651 facinus.
754 583 870 651 milites
885 583 1116 661 aedificibcmotu.

149 682 243 749 simul
260 690 296 747 ut
313 702 386 746 cum
408 701 484 766 agro
503 687 585 746 tecta
604 678 692 744 urbis
714 677 849 744 fruenda
868 678 1046 758 locarentur,
1063 675 1116 744 siaul
1161 704 1165 711 ·

148 789 310 853 metuens,
346 796 386 839 ne
413 796 506 840 suum
532 795 658 858 quoque
684 772 857 838 exereitum
883 773 966 839 sicut
989 770 1115 839 Hannildl

148 869 250 935 nimia·
262 867 350 934 urbis
368 868 540 933 amoenitas
559 867 725 946 emolliret,
751 866 785 931 in
805 867 906 953 portis
929 862 1117 953 murisquonli·
1155 870 1157 879 '

114 985 131 1032 a
149 976 213 1031 met
226 965 311 1050 ipsos
326 973 408 1029 tecta
425 961 598 1028 militariter
612 971 759 1050 coegerat
772 961 948 1029 aedificare.
975 968 1117 1029 aratura
1159 985 1165 1025 ι

148 1061 297 1147 pleraque
324 1081 364 1124 ex
390 1057 527 1123 cratibus
555 1066 610 1122 aut
635 1056 750 1123 tabulis
776 1055 881 1136 facta,
916 1058 980 1124 alia
1005 1051 1115 1123 baruulit

148 1164 247 1232 texta,
280 1161 451 1218 stramento
477 1152 593 1216 intecta
619 1151 738 1228 omnia,
768 1149 857 1216 velut
881 1151 923 1217 dc
948 1142 1118 1217 industriosi-

114 1268 132 1317 4
149 1257 235 1314 ment
235 1248 262 1312 is
280 1247 375 1334 ignis.
410 1247 488 1312 haec
505 1245 607 1311 noctis
625 1268 689 1310 una
706 1245 783 1310 hora
800 1245 909 1311 omnia
925 1245 1119 1312 inoenueacr·
1154 1238 1165 1273 ²¹

148 1352 216 1407 tum
242 1340 442 1428 septuaginta
468 1338 625 1426 Campani
650 1338 844 1424 principibus
870 1339 1017 1407 fratribus
1038 1329 1120 1404 Busa
1152 1357 1165 1433 ξ

115 1438 395 1504 sconiuraverant.
448 1435 564 1500 indicio
594 1435 662 1501 eius
692 1435 739 1501 rei
768 1457 808 1501 ex
838 1435 960 1502 familia
984 1433 1127 1501 Brasiai·

147 1533 247 1610 facto,
271 1533 372 1642 portis
394 1539 522 1616 repente
548 1531 638 1596 iussu
663 1530 862 1615 proconsulis
884 1531 1014 1610 clausis,
1035 1516 1126 1594 cnud

148 1650 236 1692 arma
253 1627 344 1712 signo
362 1627 435 1691 dato
449 1625 563 1691 milites
577 1624 821 1703 concurrissent,
840 1624 1130 1713 comprehensionutt

147 1720 202 1804 qui
227 1721 261 1786 in
286 1743 370 1786 noxa
395 1729 484 1785 erant
509 1728 541 1784 et
567 1719 750 1803 quaestione
771 1719 884 1785 acriter
910 1719 1016 1786 habita
1037 1707 1130 1783 druell·

148 1815 332 1898 necatique3
375 1813 532 1878 indicibus
558 1812 686 1880 libertas
712 1822 744 1878 et
769 1813 851 1878 aeris
877 1814 962 1879 dena
985 1812 1064 1879 milia
1081 1809 1138 1875 latu-2

115 1909 382 1974 cNucerinost
350 1918 382 1973 et
405 1907 600 1986 Acerranos,
636 1916 802 1992 querentes
833 1907 889 1973 ubi
915 1908 1081 1975 habitarent
1096 1918 1134 1969 ιιι

148 2025 232 2081 esse,
258 2001 387 2068 Acerris
407 2024 447 2068 ex
464 2013 552 2089 parte
569 2002 720 2080 incensis,
747 2001 885 2068 Nuceria
902 2003 1019 2081 deleta,
1042 2000 1136 2067 Rom!

114 2096 280 2162 tFulvius
299 2097 340 2162 ad
358 2106 501 2162 senatum
519 2097 613 2161 misit.
658 2095 827 2161 Acerranis
846 2097 1049 2183 permissum,
1071 2102 1139 2161 utut·

147 2191 309 2256 dificerent
327 2212 408 2275 quae
425 2191 555 2256 incensa
573 2201 675 2269 erant3
700 2190 850 2257 Nucerini
866 2189 1038 2278 Atellam]
1055 2181 1141 2275 quirit

147 2284 333 2363 maluerant,
352 2285 508 2350 Atellanis
529 2283 684 2350 Calatiam
702 2285 838 2372 migrare
855 2285 954 2352 iussis
972 2284 1103 2351 traducti.

112 2394 128 2444 8
210 2379 298 2446 Inter
324 2381 438 2444 multas
464 2401 660 2466 magnasque
685 2401 754 2456 res,
790 2401 871 2462 quae
897 2402 984 2446 nunc
1014 2374 1144 2447 secundat

146 2497 230 2541 nune
248 2475 399 2540 adversae
417 2474 613 2559 occupabant
632 2473 836 2562 cogitationes
854 2474 1034 2554 hominum,
1059 2496 1094 2539 ne
1107 2468 1147 2535 la·

112 2568 286 2635 arentinae
309 2569 435 2652 quidem
458 2568 538 2633 arcis
560 2568 676 2632 excidit
697 2567 857 2632 memoria.
901 2567 951 2632 M.
973 2567 1148 2656 Ogulnius

146 2661 185 2726 P.
195 2661 344 2746 Aquilius
362 2662 564 2727 inEtruriam
582 2662 678 2748 legati
696 2661 737 2726 ad
750 2660 944 2727 frumentum
963 2662 1148 2731 coemendum·

147 2757 232 2839 quod
258 2756 431 2821 Tarentum
456 2766 644 2842 portaretur,
670 2755 803 2841 profecti
830 2766 861 2821 et
887 2757 976 2822 mille
1000 2758 1110 2823 milites
1125 2744 1165 2817 u!

147 2849 285 2914 exercitu
302 2850 437 2928 urbano,
463 2874 521 2936 par
538 2874 687 2917 numerus
707 2850 862 2916 sociorum
882 2852 997 2918 eodem
1014 2853 1048 2918 in
1064 2846 1152 2939 prael·

147 2943 234 3007 dium
253 2965 325 3008 cum
343 2945 501 3010 frumento
519 2945 618 3010 missi.

115 3057 127 3102 1
211 3037 291 3103 ΗΠ.
336 3038 406 3103 Iam
424 3049 527 3104 aestas
546 3039 579 3102 in
596 3038 682 3104 exitu
704 3048 771 3103 erat
788 3039 1051 3126 comitiorumque
1069 3056 1154 3106 contu

145 3131 257 3198 larium
274 3132 413 3198 instabat
431 3142 564 3218 tempus.
609 3134 666 3198 sed
683 3132 802 3197 litterae
820 3131 982 3212 Marcelli,
1001 3134 1154 3222 negantisc

145 3249 179 3290 re
197 3226 324 3312 publica
341 3249 412 3292 esse
430 3226 599 3307 vestigium
621 3226 750 3292 abscedi
772 3226 812 3291 ab
830 3226 1032 3308 Hannibale,
1060 3229 1106 3295 cui
1122 3243 1156 3291 oo

145 3320 232 3384 <lenti
254 3331 473 3405 certamenque
496 3319 645 3409 abnuenti
669 3320 776 3407 gravis
799 3321 867 3406 ipse
894 3321 1044 3402 instaret,
1075 3336 1156 3389 cum

111 3433 127 3479 ι
146 3413 330 3493 iniecerant,
356 3438 396 3482 ne
420 3425 473 3480 aut
495 3415 656 3480 consulem
678 3425 745 3480 tum
768 3415 905 3481 maxime
926 3439 981 3484 res
1000 3428 1157 3506 agentenr

110 3528 128 3579 a
147 3507 228 3573 bello
247 3519 414 3574 avocarent
432 3519 486 3575 aut
503 3510 536 3574 in
550 3532 667 3574 annum
681 3510 825 3575 eonsules
839 3511 1002 3579 deessent.
1029 3514 1157 3600 optimu!

145 3603 250 3668 visum
268 3614 329 3681 est,
357 3627 548 3688 quamquam
567 3615 656 3669 extra
672 3604 797 3670 Italiam
815 3615 914 3684 esset,
943 3606 1107 3674 Valerium
1120 3625 1159 3693 pt·

111 3697 207 3762 atius
226 3698 388 3765 consulem
410 3722 450 3763 ex
469 3697 577 3764 Sicilia
597 3700 748 3767 revocari.
791 3700 928 3766 adeum
951 3701 1076 3770 litterae
1092 3704 1160 3768 ium

125 3801 273 3874 ⁴senatus
296 3792 336 3858 ab
358 3794 399 3858 L.
418 3792 540 3858 Manlio
562 3807 705 3878 praetore
727 3793 814 3860 urbis
837 3795 956 3862 missae
975 3819 1051 3865 cum
1071 3790 1159 3864 littera

146 3886 283 3951 consulis
292 3887 339 3952 M.
350 3888 508 3966 Marcelli,
527 3897 562 3952 ut
572 3889 658 3954 exiis
668 3898 823 3968 nosceret,
839 3889 1160 3980 quaecausapatribut

146 3997 219 4042 cum
235 3981 338 4064 potius
358 4007 452 4069 quam
471 3982 624 4069 collegam
642 3985 811 4050 rovocandi
828 4006 869 4051 ex
886 3987 1053 4072 provincia
1070 3992 1150 4054 esset

24 4132 147 4240 ’Ἴ
