2528 4514
155 213 198 282 96
378 223 498 282 amun
515 222 616 295 XXH,
634 221 756 279 dss-db.
775 221 961 294 [auam]

154 382 413 474 percommodum
433 381 509 459 fuit,
537 389 604 446 tum
626 380 762 447 selutms
778 380 947 467 praecipue
963 379 1095 447 iuturuu

98 477 101 485 '
155 500 230 547 cum
251 478 351 545 aciem
372 476 558 564 dirigerent,
583 475 645 561 ipsi
667 474 785 553 aversi,
808 484 898 562 terga
914 483 1037 541 mutum
1056 477 1095 542 ad

154 582 264 652 vento,
281 573 316 637 ln
333 580 534 638 occaecatum
550 568 680 657 pulvere
697 566 801 635 effinse
818 567 942 635 hostem
958 581 1095 657 pugnata

122 690 137 739 1
220 662 450 733 xmtm
494 663 652 730 Consules
676 665 753 730 satis
771 663 941 750 exploratis
957 664 1095 741 itineribt

156 761 282 848 quentis
290 760 449 838 Poenum,
467 769 503 825 ut
515 769 645 825 sentum
660 760 702 825 ad
714 757 843 825 Cannas
857 768 906 825 est
918 770 951 825 et
967 759 1002 824 in
1019 780 1095 826 cons

155 855 301 922 Poenum
318 852 489 932 habebant,
512 852 588 919 bina
604 864 708 919 castra
724 852 942 918 communiunt
957 854 1074 919 eodem
1091 870 1095 918 t

94 954 98 993 ³
154 948 334 1027 intervallo,
361 964 425 1032 quo
447 947 489 1012 ad
511 943 718 1026 Gereonium,
745 946 828 1012 sicut
848 956 921 1013 ante
942 946 1043 1034 copiis
1070 946 1095 1013 dl

121 1064 139 1112 a
156 1042 306 1109 Aufidius
328 1043 429 1108 amnis
445 1041 588 1126 utrisque
605 1042 717 1108 castris
735 1041 876 1107 adfluens
894 1041 1015 1106 aditum
1034 1064 1095 1127 aqu

156 1137 217 1205 bus
241 1160 282 1202 ex
305 1159 364 1203 sua
385 1135 538 1220 cuiusque
560 1136 790 1222 opportunitate
815 1130 902 1202 baud
927 1136 996 1202 sine
1022 1146 1095 1202 certa

122 1249 140 1299 a
156 1231 267 1312 dabat3
285 1252 326 1298 ex
342 1231 514 1297 minoribus
533 1240 639 1296 tamen
656 1230 781 1309 cuiuis,
799 1250 882 1317 qnae
898 1231 1004 1318 posita
1020 1241 1095 1296 traua

155 1326 267 1393 fidium
283 1334 385 1405 erant,
403 1324 533 1392 liberius
551 1325 748 1411 aquabantur
762 1325 914 1405 Romani,
933 1326 1008 1409 quia
1025 1327 1095 1412 ripa

120 1437 139 1486 4
155 1422 221 1488 rior
236 1420 359 1487 nullum
375 1416 512 1486 habebat
529 1420 667 1486 hostium
680 1421 881 1507 praesidium.
916 1420 1080 1486 Hannibal

155 1524 291 1582 nanctus
303 1514 381 1580 locis
394 1515 476 1581 natis
489 1515 531 1581 ad
542 1524 721 1600 equestrem
733 1534 883 1603 pugnam,
901 1525 966 1599 qua
977 1526 1067 1601 parte
1075 1539 1095 1578 ι

155 1609 292 1676 invictus
309 1617 390 1688 erat,
413 1608 552 1675 factmos
570 1610 694 1696 copiam
710 1609 873 1697 pugnandi
889 1608 1052 1685 consules,
1074 1609 1095 1675 ε’

122 1721 141 1770 o
158 1702 260 1770 aciem
276 1702 465 1787 lacessitque
483 1701 691 1768 Numidarum
707 1702 1071 1788 procursationehostis.

155 1814 266 1862 rursus
288 1796 447 1862 sollicitari
469 1796 621 1863 seditione
642 1796 772 1862 militari
789 1818 827 1862 co
847 1794 1006 1862 discordia
1020 1819 1091 1863 oon

156 1891 302 1958 Romana
333 1899 449 1969 castra,
479 1912 552 1956 cnm
577 1890 697 1957 Paulus
725 1892 967 1978 Sempronique
997 1901 1030 1956 ct
1054 1891 1095 1957 K

156 1985 363 2051 temeritatem
379 1983 529 2064 Varroni,
547 1983 649 2051 Varro
672 1985 850 2073 speciosum
876 1984 995 2050 timidis
1023 2007 1060 2051 ac

122 2078 218 2145 ebus
249 2076 383 2145 &cibam
409 2079 589 2166 exemplum
614 2074 751 2145 Fabium
776 2079 928 2158 obiceret,
961 2089 1095 2146 testatas

156 2173 234 2239 deos
251 2170 457 2260 hominesque
469 2172 537 2252 hic,
553 2173 674 2239 nullam
686 2192 784 2260 penes
802 2194 837 2239 ss
855 2173 981 2260 eulpam
998 2194 1093 2252 esse,

156 2265 320 2333 Hannibal
335 2268 400 2333 iam
416 2267 503 2334 velut
524 2290 587 2334 usu
607 2269 743 2355 cepisset
761 2268 899 2334 Italiam:
927 2291 962 2334 se
986 2278 1095 2336 const!

107 2394 109 2399 ·
157 2384 177 2426 a
202 2361 334 2449 conlega
359 2363 473 2441 teneri,
499 2362 617 2429 ferrum
644 2373 738 2448 atque
764 2384 851 2428 asma
865 2364 963 2428 'iratis
991 2374 1025 2428 et
1050 2380 1095 2450 pu

123 2473 138 2520 s
158 2455 356 2542 cupientibus
383 2456 480 2522 adimi
505 2456 671 2534 militibus,
688 2492 716 2506 -
733 2457 799 2536 ille,
826 2455 953 2541 siquid
979 2459 1095 2544 proice

156 2549 288 2636 proditis
307 2550 349 2615 ad
365 2549 574 2616 inconsultam
588 2560 682 2634 atque
694 2550 891 2637 inprovidam
902 2572 1046 2639 pugnam
1058 2551 1095 2631 lep

155 2641 217 2707 bus
238 2642 407 2720 accideret,
430 2664 466 2709 es
489 2643 591 2710 omnis
614 2643 725 2730 eulpae
742 2654 914 2720 exsortem,
936 2645 1040 2711 omnis
1057 2662 1095 2709 ev

105 2748 110 2783 ³
156 2735 341 2822 participem
363 2736 445 2816 fore,
473 2739 598 2804 diceret
642 2739 770 2804 videret·
783 2749 833 2818 nt,
856 2739 972 2824 quibus
993 2740 1095 2827 lingua

157 2839 304 2915 prompta
321 2850 358 2894 ac
375 2831 552 2910 temeraria,
571 2854 671 2918 aeque
688 2833 722 2898 in
738 2850 846 2920 pugna
861 2833 1006 2920 vigerent
1021 2850 1095 2897 mam

125 2942 139 2990 1
222 2922 413 2991 XXXXV.
443 2924 533 2993 Dum
546 2927 799 2994 altercationibus
814 2928 915 3015 magis
932 2948 1030 3012 quam
1048 2946 1095 2991 oon

156 3025 284 3104 tempus
302 3019 421 3098 teritur,
443 3016 606 3087 Hannibal
628 3043 668 3087 ex
690 3023 771 3100 acie,
799 3042 895 3107 quam
916 3022 958 3087 sd
975 3021 1095 3086 multum

156 3119 300 3186 tenuerat
311 3112 505 3194 instructam,
524 3136 597 3181 oum
609 3115 643 3181 in
657 3125 760 3182 castra
773 3126 892 3182 ceteras
905 3115 1058 3201 reciperet
1067 3133 1095 3178 oo

120 3219 138 3266 2
157 3204 312 3273 Numidas
329 3208 370 3273 ad
385 3208 581 3275 invadendos
598 3231 640 3277 ex
657 3209 830 3276 minoribus
847 3209 959 3276 castris
972 3210 1095 3275 Roman

123 3319 140 3367 a
158 3311 323 3385 aquatores
345 3312 431 3369 maus
453 3303 571 3370 flumen
592 3304 696 3369 mittit.
740 3327 835 3389 quam
852 3303 1045 3370 inconditam
1063 3311 1095 3366 tu

158 3414 230 3459 cum
252 3395 382 3462 vixdum
404 3397 438 3461 in
459 3397 560 3484 ripam
578 3399 698 3487 egressi
715 3398 851 3465 clamore
868 3420 907 3464 ao
923 3394 1095 3464 cunutus

158 3497 241 3567 sant,
268 3489 302 3555 in
322 3491 492 3557 stationem
513 3512 639 3578 quoquc
661 3514 718 3579 pro
735 3492 819 3559 vallo
835 3493 972 3558 locatam
988 3501 1082 3576 atque

121 3599 256 3670 aprope
280 3594 389 3671 portas
411 3586 513 3652 macti
534 3597 617 3653 sunt.
661 3588 695 3652 id
716 3609 790 3653 vero
812 3588 978 3674 iudignum
999 3587 1095 3652 risum

156 3677 359 3746 tumultuario
380 3680 498 3747 auxilio
519 3681 583 3747 iam
605 3679 701 3747 etiam
722 3691 825 3748 castra
841 3681 986 3748 Romana
1008 3689 1095 3747 tenet

86 3794 89 3803 ·
156 3791 195 3837 ea
214 3773 310 3839 modo
331 3795 396 3840 una
416 3797 527 3854 causa,
553 3798 594 3842 ne
612 3777 769 3864 extemplo
786 3777 955 3843 nominent
970 3775 1091 3842 flumen

156 3877 328 3952 gerantque
345 3869 459 3947 aciem,
478 3869 611 3936 tenuerit
623 3868 801 3950 Romanos,
819 3872 904 3957 quod
922 3871 1095 3937 summain

92 3963 97 4001 ³
122 3977 195 4026 seo
217 3961 269 4027 die
289 3984 387 4047 penes
408 3962 546 4029 Paulum
566 3962 671 4030 fuerit.
715 3965 820 4051 itaque
845 3975 973 4054 postero
999 3963 1095 4031 diet
