2528 4514
323 261 441 317 nisan
458 261 617 333 xxvun,
635 262 659 317 5.
674 263 698 318 c.
720 261 871 334 [accos]
1049 253 1112 320 447

95 442 244 499 arsuros3
263 442 301 485 ea
313 418 354 484 ab
365 416 465 486 Gallis
481 419 684 498 desideraret,
703 421 818 505 quibus
833 422 953 495 occulte
972 424 1113 491 adiuvari

95 524 194 581 isset.
243 513 433 601 Liguribus,
461 514 546 605 quod
568 516 677 601 procul
698 539 776 603 agro
794 516 986 602 urbibusque
1004 541 1112 585 eorum
1130 543 1145 588 r

95 619 179 675 istra
197 608 348 674 Romana
366 609 441 687 sint,
464 607 563 674 libera
580 610 710 675 consilia
727 633 812 690 esse3
839 611 910 677 illos
927 635 1047 679 armare
1064 615 1113 679 iu-

95 712 243 768 rntutem
273 712 305 768 et
335 724 499 788 capessere
529 725 586 789 pro
612 714 699 790 parte
726 704 844 770 bellum
870 729 1005 791 aequum
1032 730 1111 774 esse.

95 799 218 886 igures
246 796 333 862 haud
358 796 509 876 abnuere,
536 807 660 884 tempus
687 800 782 865 modo
808 800 941 865 duorum
969 824 1113 868 mensum

95 904 183 959 etere
202 892 247 957 ad
264 892 396 957 dilectus
414 891 586 957 habendos.
622 893 746 958 interim
763 893 863 982 Mago
881 896 995 962 milites
1011 894 1112 963 Gallis
1131 916 1148 964 8

95 987 219 1053 missis
239 986 320 1052 clam
337 1008 395 1072 per
411 1009 504 1073 agros
523 1009 631 1052 eorum
648 987 792 1053 mercede
810 989 1001 1069 conducere3
1016 1013 1114 1056 -com-

95 1092 201 1148 reatus
231 1102 357 1165 quoque
383 1081 485 1146 omnis
511 1082 636 1168 generis
663 1082 783 1148 occulte
809 1083 850 1148 ad
874 1106 946 1148 enm
969 1108 988 1149 a
1011 1081 1112 1151 Gallis

95 1176 205 1263 opulis
233 1174 445 1240 mittebantur.
489 1173 537 1240 M.
560 1175 674 1241 Livius
701 1177 871 1242 exercitum
897 1178 1046 1244 volonum
1072 1201 1146 1249 exe

95 1269 208 1335 :ninia
235 1269 268 1334 in
292 1266 428 1335 Galliam
455 1270 590 1335 traducit
616 1271 803 1357 iunctusque
825 1272 990 1352 Lucretio,
1023 1274 1051 1340 si
1076 1297 1112 1340 se

95 1362 180 1452 [ago
207 1385 250 1428 ex
270 1362 446 1450 Liguribus
467 1364 597 1450 propius
620 1364 730 1430 urbem
752 1377 891 1446 moveat,
919 1367 1044 1433 obviam
1065 1368 1111 1433 ire

95 1468 183 1537 arat,
203 1458 233 1524 si
246 1456 373 1522 Poenus
393 1456 452 1524 sub
470 1457 586 1546 angulo
599 1458 732 1546 Alpium
749 1461 872 1544 quietus
891 1483 926 1526 se
944 1463 1110 1540 contineat,
1189 1486 1192 1491 ’

95 1554 197 1640 tipse
215 1554 249 1618 in
267 1553 377 1618 eadem
394 1554 521 1639 regione
539 1555 622 1620 circa
634 1554 814 1620 Ariminum
826 1555 936 1621 Italiae
954 1557 1111 1643 praesidio

95 1648 217 1713 murus.

143 1741 204 1807 VI.
248 1740 329 1807 Post
353 1741 487 1807 reditum
514 1764 555 1807 ex
580 1741 692 1808 Africa
719 1741 757 1808 Ο.
780 1743 873 1808 Laeli
900 1754 932 1808 et
960 1742 1141 1830 Scipiones

95 1836 241 1902 undaro
262 1834 455 1902 Masinissae
481 1836 750 1903 adhortationibus
777 1847 808 1902 et
829 1837 994 1916 militibus,
1020 1862 1111 1925 prae·
1159 1839 1162 1844 ’

95 1928 160 1995 lam
174 1952 213 1997 ex
230 1930 370 1997 hostium
387 1940 469 1996 terra
486 1931 685 1997 comentibus
704 1941 769 1997 tota
791 1931 892 1997 classe
914 1933 1031 2012 efferri,
1060 1956 1112 1999 ac-
1200 1979 1203 1984 -

95 2023 188 2091 ands
209 2025 251 2092 ad
277 2025 482 2091 traiciendum
508 2048 603 2111 quam
628 2027 777 2113 primum,
808 2027 975 2092 intervenit
1002 2028 1112 2093 maiori

95 2117 185 2185 ninor
207 2120 356 2208 cogitatio
375 2121 499 2187 Locros
526 2121 637 2187 urbem
658 2121 842 2208 recipiendi,
870 2142 952 2205 quae
974 2121 1034 2187 sub
1057 2122 1111 2187 de·

95 2210 249 2279 lectionem
262 2213 374 2279 Italiae
387 2214 562 2281 desciverat
574 2226 605 2280 et
617 2215 687 2301 ipsa
701 2215 741 2280 ad
754 2214 889 2280 Poenos.
918 2236 990 2300 spes
1004 2225 1110 2280 autem
1129 2235 1146 2282 a

95 2304 287 2372 adfectandae
313 2308 381 2374 eius
406 2309 452 2374 rei
478 2330 518 2374 ex
543 2309 672 2374 minima
697 2331 731 2374 re
757 2307 894 2373 adfulsit.
939 2307 1109 2374 latrociniis

95 2400 185 2487 magis
206 2423 302 2486 qnam
324 2403 407 2468 iusto
430 2402 512 2469 bello
533 2403 566 2468 in
584 2403 716 2469 Bruttiis
733 2401 922 2490 gerebantur
937 2424 1002 2480 res,
1025 2403 1111 2488 prin-

95 2492 166 2581 u'pio
191 2495 232 2562 ab
252 2496 398 2564 Numidis
425 2497 509 2563 sacto
536 2507 568 2562 et
589 2497 721 2562 Bruttiis
748 2521 811 2562 non
838 2496 984 2562 societate
1007 2496 1109 2582 magis

95 2582 204 2656 Punica
226 2608 322 2676 quam
343 2602 454 2678 suopte
475 2593 602 2679 ingenio
625 2591 867 2679 congruentibus
889 2591 922 2656 in
944 2603 1017 2656 eum
1042 2613 1109 2655 mo-

95 2700 163 2749 rem.
199 2696 360 2772 postremo
376 2686 513 2752 Romani
535 2708 659 2772 quoque
680 2688 744 2751 iam
766 2686 951 2773 contagione
973 2685 1109 2770 quadam
1127 2708 1144 2755 a

95 2786 173 2863 rapto
188 2780 377 2867 gaudentes,
400 2791 552 2866 quantum
568 2803 627 2867 per
644 2781 740 2847 duces
757 2780 885 2859 licebat,
909 2780 1108 2846 excursiones

95 2866 273 2939 'mbostium
295 2898 388 2962 agros
409 2877 524 2942 facere.
568 2875 608 2942 ab
634 2876 673 2941 iis
700 2876 820 2962 egressi
846 2876 974 2960 quidam
1000 2875 1144 2944 urbemi

95 2956 260 3036 laudenses
281 2970 486 3036 circumventi
507 2970 707 3056 Regiumque
729 2970 878 3038 abstracti
900 2971 1033 3037 fuerant.
1077 2972 1110 3035 in

95 3078 130 3125 eu
143 3064 334 3149 captivorum
355 3086 485 3131 numero
507 3064 589 3130 sabri
610 3065 739 3149 quidam
760 3066 863 3143 fuere,
890 3064 1013 3129 adsueti
1035 3074 1111 3149 aput

95 3146 209 3223 Poenos
225 3159 369 3224 mercede
387 3181 466 3246 opus
484 3159 517 3224 in
535 3181 606 3225 arce
617 3160 793 3226 Locrorum
806 3158 919 3223 facere.
947 3158 979 3221 hi
993 3156 1110 3242 cogniti
1127 3177 1144 3224 5

95 3244 345 3319 thaoerensium
358 3253 566 3341 principibus,
584 3255 639 3339 qui
655 3255 739 3341 pulsi
756 3252 796 3319 ab
814 3252 946 3318 adversa
963 3250 1107 3328 factione,

95 3340 167 3425 quae
176 3346 350 3414 Hannibali
363 3350 485 3415 Locros
500 3350 682 3427 tradiderat,
700 3349 837 3435 Regium
852 3369 887 3412 se
904 3344 1107 3423 contulerant,

95 3454 159 3505 war
174 3453 277 3509 cetera
292 3443 647 3530 percunctantibus-ut
664 3467 733 3508 mos
751 3453 800 3508 est
817 3442 870 3527 qui
887 3441 941 3506 diu
959 3439 1109 3506 absunt·
1127 3458 1143 3506 6

99 3540 166 3615 quae
185 3537 272 3603 domi
289 3550 455 3626 agerentur
473 3539 706 3626 exposuissent,
730 3560 819 3625 spem
837 3536 991 3612 fecerunt,
1015 3534 1043 3599 si
1059 3556 1109 3598 re-

98 3624 201 3718 dempti
218 3656 257 3699 ac
273 3634 398 3700 remissi
415 3635 530 3713 forent,
557 3656 661 3700 arcem
684 3655 719 3699 se
739 3633 779 3698 iis
801 3632 981 3697 tradituros:
1007 3627 1052 3693 ibi
1074 3649 1109 3692 se

95 3716 236 3807 latitare,
255 3727 415 3814 iidemque
433 3728 494 3795 sibi
510 3753 615 3795 rerum
629 3728 768 3795 omnium
781 3727 861 3791 inter
872 3722 1110 3809 Carthaginien-

95 3834 136 3885 κε
156 3842 236 3889 esse.
280 3823 387 3908 itaque
409 3835 444 3889 ut
465 3825 519 3909 qui
542 3823 634 3890 simul
653 3822 806 3889 desiderio
823 3820 940 3907 patriae
959 3837 1142 3909 engeren-r

95 3920 142 3994 tur,
159 3916 254 3983 simul
270 3919 443 4005 cupiditate
459 3919 602 3986 inimicos
620 3918 791 3985 ulciscendi
808 3916 964 3993 arderent,
987 3913 1110 3979 redem-

95 4008 144 4077 thr
158 4012 321 4099 extemplo
337 4013 377 4079 iis
399 4014 615 4100 remissisque,
643 4036 715 4079 cum
738 4013 877 4079 ordinem
901 4009 1042 4096 agendae
1063 4007 1108 4073 rei
1126 4024 1144 4072 8
