2528 4514
124 242 191 311 214
420 253 538 310 LIBER
554 252 647 323 XXV,
665 253 692 309 1.
710 255 749 324 [a.
758 270 787 310 u.
797 268 822 311 c.
830 252 899 324 541]

125 429 202 468 anno
212 410 398 482 etingentem
407 424 437 464 se
446 407 537 463 virum
547 408 647 479 gessit.
680 408 712 463 in
726 425 761 464 eo
770 408 898 464 tumultu
907 413 1014 481 captae
1029 426 1056 465 ur

126 488 271 545 chimedes
288 488 417 543 intentus
434 484 547 555 formis,
576 503 648 559 quas
666 487 696 540 in
713 485 832 557 pulvere
850 486 1056 558 descripserat,

124 565 219 622 fectus
237 570 291 620 est.
324 563 358 618 P.
377 568 408 619 et
425 559 476 617 On.
493 561 643 632 Scipiones
660 563 690 617 in
707 562 851 634 Hispania
868 569 915 619 tot
932 580 1029 621 rorum
1046 565 1056 619 t

125 647 270 714 gestarum
287 641 398 695 tristem
415 639 521 695 exitum
542 640 682 710 tulerunt,
708 657 798 711 prope
817 656 883 697 oum
904 639 978 696 totis
997 659 1056 697 exer

126 719 204 775 caesi
214 735 289 774 anno
300 723 403 773 octavo
413 735 500 789 quam
507 718 538 772 in
547 717 716 788 Hispaniam
725 718 829 773 ierunt.
856 718 1022 790 amissaque
1031 719 1056 774 ei

125 794 237 852 mucias
245 795 391 867 possessio
400 794 489 864 foret,
507 795 562 851 nisi
571 795 605 850 L.
615 795 706 850 Marci
716 795 820 866 equitis
828 795 954 851 Romani
967 798 1056 850 virtut

126 873 251 943 dustria,
279 873 433 929 contractis
451 873 625 929 exercituum
643 874 785 945 reliquiis,
814 873 946 930 eiusdem
963 874 1056 930 hortat

126 958 223 1008 castra
234 952 361 1007 hostium
374 958 538 1024 expugnata
550 956 657 1006 essent.
692 952 730 1005 ad
742 950 846 1022 viginti
860 957 974 1021 septem
982 951 1055 1006 milia

126 1045 190 1085 cum
202 1029 281 1085 mille
295 1028 468 1100 octingentis
482 1029 591 1099 praeda
604 1028 707 1100 ingens
722 1035 816 1098 capta.
856 1029 916 1083 dux
928 1028 1050 1083 Marcius

125 1107 275 1177 latusest]

509 1347 626 1428 ΤΙΤΙ
652 1346 778 1430 LIVI

370 1505 438 1568 Aa
474 1505 621 1566 vasu
657 1503 920 1568 commun

515 1693 646 1753 LIBER
667 1693 770 1754 XXV.

93 1847 107 1892 1
190 1827 217 1891 I.
260 1827 351 1891 Dum
373 1826 452 1891 haec
473 1826 507 1889 in
523 1824 637 1890 Africa
658 1834 753 1909 atque
774 1825 808 1890 in
825 1825 988 1913 Hispania
1004 1850 1056 1915 ger

126 1921 289 1988 Hannibal
306 1922 339 1986 in
356 1944 433 2008 agro
451 1919 621 1986 Tarentino
640 1930 791 1986 aestatem
814 1924 1013 2009 consumpsit
1032 1944 1056 2009 sp

125 2015 335 2102 proditionem
356 2015 443 2080 urbis
461 2015 704 2081 Tarentinorum
726 2016 906 2102 potiundae.
956 2019 1056 2104 ipsam

126 2111 217 2176 terim
228 2110 287 2196 [ac]
300 2109 544 2177 Sallentinorum
553 2110 709 2197 ignobiles
722 2111 817 2176 urbes
831 2112 957 2177 adeum
972 2112 1056 2180 deta

93 2221 108 2268 2
127 2205 238 2272 eodem
256 2216 396 2290 tempore
412 2205 446 2269 in
463 2205 585 2270 Brittiis
604 2227 645 2270 ex
662 2205 826 2270 duodecim
844 2207 988 2291 populis,
1009 2202 1049 2290 qui

125 2300 228 2387 priore
250 2299 291 2365 ad
308 2299 435 2365 Poenos
458 2299 668 2376 desciverant,
696 2298 882 2364 Consentini
905 2312 939 2366 et
960 2297 1056 2365 Ταυτὶ

93 2394 220 2459 elidem
238 2393 347 2479 populi
365 2392 503 2458 Romani
519 2392 691 2469 redierunt,
710 2402 741 2456 et
758 2393 864 2478 plures
883 2395 1046 2470 redissent,

125 2486 321 2576 Pomponius
342 2486 534 2553 Veientanus
556 2487 734 2572 praefectus
762 2488 898 2565 socium,
926 2484 1056 2574 prosperi

126 2592 202 2666 quot
219 2581 474 2668 populationibus
492 2589 524 2645 et
541 2581 574 2644 in
592 2603 668 2667 agro
681 2580 805 2646 Bruttio
822 2580 899 2646 iusti
917 2582 1005 2647 ducis
1022 2602 1056 2666 sp

124 2684 250 2752 nactus,
278 2675 480 2740 tumultuario
508 2675 646 2739 exercitu
672 2684 781 2741 coacto
808 2696 880 2739 cum
903 2675 1055 2740 Hannone

91 2784 109 2831 4
126 2768 268 2834 fiixisset.
312 2791 429 2855 magna
445 2768 490 2834 ibi
507 2770 555 2834 vis
573 2769 750 2846 hominum,
779 2769 836 2833 sed
857 2768 1032 2835 inconditae
1047 2776 1056 2831 t

127 2862 298 2950 agrestium
326 2884 565 2948 servorumque,
592 2883 685 2928 caesa
711 2872 765 2927 aut
789 2871 882 2947 capta
904 2873 962 2928 est.
999 2862 1056 2928 miu

125 2956 263 3022 iacturae
284 2955 345 3021 fuit
366 2956 452 3040 quod
472 2955 651 3043 praefectus
667 2955 748 3020 inter
766 2966 886 3021 ceteros
909 2967 958 3022 est
981 2965 1056 3043 capti

126 3060 194 3115 tum
212 3049 394 3116 temerariae
411 3073 537 3137 pugnae
555 3060 665 3116 auctor
682 3059 713 3115 et
730 3059 801 3115 ante
814 3049 1004 3136 publicanus
1017 3072 1056 3116 ou

125 3146 217 3211 malis
239 3146 359 3211 artibus
382 3156 413 3211 et
434 3145 642 3231 reipublicae
664 3155 696 3210 et
718 3145 921 3212 societatibus
938 3147 1052 3212 infidus

92 3256 296 3326 suasusque.
343 3239 548 3326 Sempronius
571 3240 681 3305 consul
702 3241 736 3303 iu
757 3240 900 3305 Lucanis
923 3242 1024 3307 multa
1041 3262 1056 3327 p

125 3358 238 3423 parva,
267 3335 345 3400 haut
370 3334 470 3399 ullum
495 3334 626 3422 dignum
653 3343 828 3399 memoratu
854 3334 930 3400 fecit
956 3347 988 3401 et
1013 3337 1056 3423 igr

125 3428 242 3515 oppida
258 3430 462 3494 Lucanorum
480 3427 598 3513 aliquot
616 3429 817 3515 expugnavit.

92 3539 108 3588 6
192 3520 265 3605 Quo
287 3522 405 3588 diutius
428 3520 608 3587 trahebatur
630 3521 748 3587 bellum
770 3531 801 3587 et
823 3523 988 3589 variabant
1007 3544 1056 3590 sec

126 3617 340 3701 adversaeque
364 3638 415 3682 res
441 3639 506 3681 non
531 3616 689 3682 fortunam
715 3616 818 3703 magis
844 3639 942 3700 quam
963 3618 1056 3683 anim<

125 3712 262 3789 minum,
288 3720 375 3776 tanta
391 3710 515 3798 religio,
539 3720 571 3775 et
588 3733 626 3775 ea
643 3733 759 3798 magna
777 3732 816 3776 ex
835 3721 923 3797 parte
941 3722 1056 3778 externa

126 3815 223 3871 tatem
244 3805 385 3883 incessit,
411 3815 447 3871 ut
468 3815 523 3871 aut
543 3805 687 3871 homines
710 3815 765 3871 aut
785 3807 837 3872 dei
859 3817 989 3893 repente
1008 3808 1056 3872 alii

94 3915 110 3964 7
127 3908 234 3964 rentur
251 3899 335 3964 facti.
362 3922 420 3964 nec
437 3900 501 3964 iam
518 3901 551 3966 in
569 3910 688 3966 secreto
705 3901 800 3966 modo
818 3910 913 3986 atque
930 3902 1013 3968 intra
1030 3925 1056 3990 pa

128 3989 333 4058 abolebantur
354 3993 489 4059 Romani
513 3995 606 4073 ritus,
634 3994 689 4059 sed
712 3995 745 4059 iu
766 3993 894 4081 publico
917 3996 1056 4063 etiams
