2528 4514
166 239 170 251 '
221 265 336 321 mann
354 264 586 336 xx1n‚12.1a
607 270 645 336 [a
656 265 686 322 o.
695 267 759 337 216]
945 251 1008 320 125

95 419 185 499 mironi,
194 445 248 488 non
262 421 383 488 desisse
396 422 555 507 paenitere
569 447 619 489 me
633 424 707 489 belli
720 445 822 509 neque
832 423 1007 490 desiturum

95 512 221 581 addetum
236 528 375 583 vestrum
388 516 608 602 imperatorem
620 518 764 584 incusare
776 539 872 602 quam
885 517 1008 583 finitum

95 608 254 691 ptolerabili
269 610 453 676 condicione
471 609 590 675 bellum
607 610 729 691 videro3
747 633 808 678 neo
824 611 903 677 mihi
918 611 1021 698 pooie-

95 700 146 787 'que
163 703 340 771 desiderium
361 705 425 770 ulla
452 704 513 770 alia
535 727 585 770 res
608 727 704 790 quam
725 729 789 792 pax
809 729 893 772 nova
909 705 1006 770 finiet.

95 796 182 878 uia,
198 821 276 884 quae
293 799 388 865 modo
406 797 507 886 Mago
524 799 666 879 iactavit,
688 800 863 866 Himilconi
880 800 1008 866 oeteris·
1027 821 1058 868 11

100 889 247 960 Hannibalis
275 893 461 959 satellitibus
483 893 547 958 iam
568 894 652 960 laeta
670 905 756 960 sunt:
779 895 857 961 mihi
873 904 1008 982 possunt

95 1007 169 1066 resse,
184 989 253 1072 quia
268 1011 320 1054 res
333 987 416 1053 bello
434 987 515 1053 bene
532 999 655 1075 gestae,
674 989 702 1055 si
718 989 865 1055 volumus
882 988 1009 1057 fortuna

102 1101 180 1165 paoem
194 1083 282 1149 nobis
305 1083 485 1166 aequiorem
503 1082 633 1148 dabunt
672 1107 747 1149 nam
768 1084 797 1150 si
813 1084 1008 1170 praetermit·
1027 1100 1058 1149 12

95 1173 155 1241 ahoe
161 1185 283 1263 tempus,
302 1198 366 1261 quo
378 1177 480 1263 magis
495 1176 569 1242 dare
578 1198 674 1261 quam
683 1178 825 1264 aooipere
837 1201 1007 1264 possumus
1043 1180 1046 1185 ’

95 1266 215 1354 iponem,
232 1294 342 1336 vereor
354 1294 394 1336 ne
407 1271 486 1337 haeo
499 1292 624 1355 quoque
637 1271 755 1338 laetitia
766 1271 903 1340 luxuriet
915 1272 1007 1339 nobis

95 1380 136 1427 ua
147 1366 252 1431 evadat
289 1387 370 1450 quae
388 1375 494 1430 tamen
510 1387 596 1431 nuno
612 1387 738 1451 quoque
755 1366 857 1452 qualis
871 1366 938 1433 est?
955 1388 1008 1433 oo-
1027 1393 1058 1440 13

101 1459 213 1525 ueroitus
229 1461 368 1526 hostium
381 1499 423 1508 -
440 1460 553 1524 mittite
570 1460 685 1526 milites
703 1461 790 1527 mihi
827 1462 904 1547 quid
920 1462 1007 1528 aliud

95 1568 140 1628 res,
154 1553 262 1621 siesses
272 1553 394 1619 vietus?
419 1553 558 1619 hostium
571 1554 641 1641 oepi
653 1553 729 1621 bina
736 1565 853 1633 casua,
871 1556 1006 1642 praedae
1027 1580 1059 1627 14

95 1638 143 1708 tint
153 1647 232 1731 plena
249 1658 280 1714 et
298 1654 509 1714 commeatum
522 1686 564 1697 —
582 1648 775 1715 frumentum
792 1661 824 1715 et
840 1651 1007 1736 peouniam

95 1780 103 1799 .
129 1741 185 1822 quid
207 1743 304 1821 aliud,
333 1743 361 1807 si
382 1743 548 1829 spoliatus,
577 1743 605 1808 si
631 1753 744 1810 exutus
770 1744 881 1810 castris
908 1767 1005 1826 esses,

95 1830 141 1894 res?
164 1846 188 1900 et
209 1859 248 1902 ne
274 1837 380 1902 omnia
405 1837 473 1921 ipse
499 1837 637 1902 mirer-
653 1837 731 1903 mihi
756 1860 882 1924 quoque
912 1841 1006 1920 enim,
1027 1863 1057 1911 15

95 1920 146 1989 dau
156 1931 290 2016 respondi
302 1931 489 2008 Himilooni‚
508 1931 701 2019 interrogare
717 1933 768 1998 ius
785 1932 899 2020 fasque
917 1945 1006 2015 est-,

95 2023 307 2121 ΙΜαιΗὶηιίΙοο
331 2048 387 2091 seu
404 2024 504 2112 Mago
525 2025 727 2111 respondeat,
755 2049 829 2093 oum
850 2029 892 2095 ad
912 2030 1008 2098 inter-

95 2116 293 2185 mmRomani
315 2120 438 2206 imperii
459 2129 636 2206 pugnatum
658 2121 700 2185 ad
718 2119 847 2187 Comae
870 2123 912 2189 sit
932 2145 1007 2192 oon-

95 2204 377 2299 quideseotionem
395 2224 493 2280 totam
510 2213 636 2279 Italiam
658 2235 743 2291 esse,
774 2215 924 2302 primum,
956 2239 1007 2284 eo-
1026 2240 1057 2288 16

95 2290 178 2393 Pleiai
192 2308 326 2374 nominis
344 2307 481 2394 populus
499 2307 649 2372 defecerit
666 2308 709 2373 ad
725 2330 794 2386 nos,
813 2307 936 2387 deinde,
955 2332 1007 2378 eo·

95 2384 167 2463 tirno
180 2423 218 2467 ex
234 2401 374 2486 quinque
391 2410 423 2466 et
435 2401 564 2488 triginta
576 2399 721 2467 tribubus
739 2402 780 2468 ad
793 2401 1007 2470 Hannibalem

95 2478 209 2593 dignit?
243 2518 317 2560 cum
342 2505 508 2580 utrumque
531 2493 630 2582 Mago
656 2505 817 2583 negasset,
854 2496 1007 2563 ‘hostium
1027 2520 1059 2567 1⁷

95 2594 126 2643 tm
138 2590 210 2675 ergo'
231 2591 332 2676 inquit
351 2589 468 2655 ‘adhue
485 2589 578 2655 nimis
597 2591 730 2656 multum
753 2600 906 2678 superest.
951 2592 1009 2657 sed

95 2666 151 2796 iqdo
172 2706 207 2749 ea
233 2685 310 2769 quid
336 2684 510 2750 animorum
536 2685 652 2769 quidve
679 2687 747 2772 spei
772 2684 900 2763 habeat,
928 2687 1008 2753 seire

95 2785 108 2831 s

95 2857 146 2935 [HL
187 2872 269 2939 Cum
291 2875 324 2939 id
346 2875 466 2940 nescire
485 2873 585 2962 Mago
608 2874 738 2952 diceret,
771 2875 862 2940 ‘nihil
883 2875 1007 2944 faoilius
1028 2899 1040 2945 1

100 2963 143 3027 est’
157 2967 265 3052 inquit.
303 2976 433 3054 ‘ecquos
451 2969 574 3056 legatos
593 2971 635 3035 ad
642 2969 857 3037 Hannibalern
871 2971 1008 3038 Romani

95 3068 134 3122 nt
159 3063 198 3129 de
227 3062 328 3149 paee?
371 3085 504 3148 ecquam
534 3064 670 3149 denique
700 3065 891 3131 mentionem
920 3067 1007 3150 paois

95 3153 232 3221 efaotam
251 3179 321 3223 esse
339 3157 478 3224 adlatum
496 3159 537 3225 ad
554 3180 616 3224 vos·
630 3158 709 3225 esti'
741 3181 813 3223 oum
830 3159 864 3223 id
881 3180 1006 3244 quoque
1024 3181 1039 3227 2

95 3257 141 3327 set,
168 3251 299 3316 ‘bellum
320 3253 430 3339 igitur'
451 3253 554 3337 inquit
577 3261 656 3319 ‘tam
677 3254 835 3340 integrum
852 3252 1005 3319 habemns

103 3341 262 3412 habuimus
285 3370 349 3432 qua
371 3348 422 3412 die
444 3347 607 3415 Hannibal
627 3349 661 3414 in
682 3349 808 3414 Italiam
834 3357 883 3415 est
908 3356 1008 3414 trans-

95 3457 121 3502 rs.
154 3463 249 3525 quam
271 3443 358 3508 varia
380 3442 511 3508 victoria
531 3443 634 3529 priore
651 3443 774 3508 Punico
796 3442 880 3509 bello
902 3443 1041 3522 fuerit,3

95 3536 194 3619 loqui
214 3536 448 3602 meminerimus
472 3560 686 3624 supersumus.
730 3560 903 3622 numquam
926 3548 1008 3604 terra

95 3648 121 3693 re
144 3631 246 3717 magis
271 3652 440 3717 prosperae
470 3654 520 3698 res
548 3642 672 3698 nostrae
699 3633 786 3698 visae
814 3642 887 3698 sunt
912 3654 1008 3717 quam

95 3722 222 3790 romulee
250 3723 289 3791 C.
315 3725 482 3791 Lutatium
508 3736 539 3791 et
565 3725 607 3791 A.
634 3726 836 3793 Postumium
865 3726 1006 3792 fuerunt:

95 3835 114 3878 o
137 3826 168 3882 et
187 3817 353 3886 Postumio
381 3820 563 3885 oonsulibus
590 3821 706 3886 devicti
731 3823 774 3887 ad
799 3820 933 3909 Aegatis
959 3821 1043 3888 in-4

95 3930 202 3978 sumus.
246 3916 391 3999 quodsi,
419 3915 452 3979 id
469 3915 554 4000 quod
571 3916 603 3980 di
626 3937 720 3980 omen
741 3925 897 3994 avertant,
924 3939 1008 3981 nuno

95 4022 111 4066 .e
122 4003 241 4073 fortuna
254 4010 373 4095 aliquid
386 4009 562 4088 variaverit,
582 4019 649 4075 tum
661 4031 774 4097 paoem
787 4009 920 4098 speratis
935 4032 1009 4077 oum
