2528 4514
146 217 211 282 300
374 226 491 282 arnan
509 224 740 295 xxV1,a1.aa.
761 222 942 295 [suasu]

144 385 301 451 nonestis
320 384 451 448 extremi
470 380 756 469 Syracusanorum,
779 381 898 468 quippe
915 382 964 466 qui
978 380 1098 446 alithum

111 481 263 551 alitatem
290 479 452 558 obiciatis3
487 479 557 562 quis
584 486 632 543 est
657 487 798 543 vestrum
825 477 881 561 qui
907 476 1024 542 senili
1038 485 1099 562 pru
1129 529 1144 554 ‚

145 583 338 661 aperturum,
366 573 422 656 qui
442 583 577 638 armatos
600 572 715 637 milites
737 594 826 638 meos
848 572 883 636 in
904 571 1100 655 urbemrcqn
1137 616 1143 641 r

143 691 214 733 rum
235 665 432 754 promiserit?
466 667 576 731 odistis
599 676 631 730 et
653 666 860 731 exsecramini
883 688 937 732 eos
958 665 1006 750 qni
1019 664 1101 729 lacem
1130 710 1142 736 t

145 775 176 830 et
202 786 242 829 ne
268 763 319 828 hic
345 763 473 847 quidem
499 762 696 829 contumeliis
722 762 756 826 in
786 784 841 827 eos
867 762 1002 827 dicendis
1020 757 1101 846 parda
1132 780 1141 829 t

144 869 265 925 tantum
292 857 395 935 abest,
423 867 458 922 ut
485 872 516 921 et
534 857 603 943 'ipsi
629 857 691 922 tale
717 857 887 941 quicquam
908 856 1014 922 facturi
1027 850 1102 918 hd&

111 954 215 1039 eipsa
240 952 400 1017 humilitas
427 973 550 1030 eorum,
577 961 682 1037 patres
709 951 894 1036 conscripti,
921 972 1009 1035 quam
1027 942 1104 1012 istut
1135 1012 1137 1025 ,

143 1049 256 1126 iciunt,
275 1047 412 1112 maximo
426 1055 611 1132 argumento
625 1055 686 1123 est,
705 1068 756 1110 me
770 1045 943 1124 neminem,
961 1045 1055 1130 quina
1068 1073 1077 1088 1·
1099 1059 1105 1072 ¹
1135 1080 1147 1120 a

111 1163 272 1228 ceperam
297 1142 343 1206 rei
369 1141 513 1226 publicae
535 1151 661 1205 nostrae
682 1140 790 1218 vellet,
819 1150 996 1229 auersatum
1013 1138 1103 1204 cased
1132 1180 1139 1205 r

144 1245 312 1320 antequam
339 1235 515 1301 obsiderem
539 1233 729 1321 Syracusas,
755 1256 840 1298 nunc
864 1234 977 1320 legatis
1001 1225 1104 1301 nite&
1136 1263 1138 1297 1

143 1352 228 1396 nunc
250 1331 290 1395 ad
313 1329 514 1413 conloquium
536 1329 640 1394 eundo
667 1329 818 1414 temptavi
843 1351 970 1414 pacem3
995 1330 1106 1412 apd*
1130 1356 1147 1397 s

144 1447 239 1508 quam
265 1446 367 1508 neque
393 1424 514 1510 legatos
540 1422 678 1488 violandi
703 1423 894 1488 verecundia
920 1432 984 1488 erat
1006 1442 1051 1486 nec
1074 1437 1092 1471 a
1133 1457 1141 1480 .-.

144 1519 206 1604 ipsi
223 1534 392 1606 ¹congresso
414 1518 456 1583 ad
477 1528 584 1603 portas
603 1540 675 1582 cum
696 1517 891 1603 principibus
913 1537 1071 1603 responsum
1087 1540 1115 1576 ἐκ.
1140 1565 1141 1568 ,

143 1613 250 1691 batur,
277 1612 383 1678 multis
412 1622 494 1677 terra
519 1612 659 1696 marique
683 1611 844 1677 exhaustis
865 1611 1021 1677 laboribus
1053 1631 1114 1665 aa*
1140 1653 1144 1662 «

109 1708 176 1772 8νί
202 1717 295 1790 atque
322 1708 417 1773 armis
436 1705 611 1792 Syracusas
640 1706 718 1791 cepi.
762 1727 844 1790 quae
870 1707 971 1792 captis
996 1698 1116 1773 needed

144 1810 220 1886 aput
236 1800 450 1866 Hannibalem
472 1810 503 1865 et
522 1800 792 1886 Carthaginiensis
818 1800 919 1865 victos
941 1799 1044 1865 iustius
1063 1810 1120 1881 qn!

110 1894 228 1980 capud
255 1894 381 1958 victoris
407 1895 516 1981 populi
543 1905 686 1959 senatum
712 1902 925 1978 quererentur.
971 1916 1038 1982 ego,
1058 1898 1126 1978 pel!

144 1987 325 2073 conscripti,
346 1985 520 2074 Syracusas
540 1989 688 2075 spoliatas
708 1989 736 2053 si
753 1998 925 2074 negaturus
945 2010 1054 2065 essem,
1070 2002 1124 2049 nnn

145 2105 241 2168 quam
268 2083 375 2169 spoliis
406 2106 514 2149 earum
544 2085 655 2151 urbem
681 2084 817 2149 Romam
849 2106 1038 2151 exornarem.
1079 2094 1127 2165 qut

145 2188 250 2243 autem
269 2178 400 2264 singulis
419 2180 518 2244 victor
536 2190 590 2244 aut
611 2179 715 2244 ademi
737 2189 791 2244 aut
812 2179 899 2256 dedi,
927 2200 1001 2243 cum
1017 2175 1128 2244 belliinc

94 2291 125 2337 10
144 2282 211 2336 tum
229 2295 269 2339 ex
287 2273 438 2356 cuiusque
456 2274 567 2339 merito
586 2274 661 2339 satis
682 2273 747 2338 scio
765 2296 816 2339 me
830 2272 956 2339 fecisse.
985 2296 1021 2338 ea
1032 2294 1080 2337 vos
1092 2276 1131 2333 nh

143 2367 299 2445 habeatis,
331 2379 436 2453 patres
468 2370 648 2454 conscripti,
685 2391 799 2446 necne,
830 2369 933 2454 magis
961 2369 1007 2433 rei
1031 2363 1133 2454 publicat

142 2462 270 2527 interest
292 2483 388 2546 quam
410 2485 489 2526 mea.
534 2463 651 2548 quippe
677 2484 748 2527 mea
773 2462 853 2527 fides
880 2463 1026 2528 exsoluta
1046 2472 1096 2527 est:
1113 2451 1147 2541 al¹

142 2556 384 2642 rempublicam
402 2556 549 2641 pertinet,
577 2579 616 2621 ne
639 2566 709 2621 acta
726 2579 797 2621 mea
819 2557 1028 2622 rescindendo
1048 2549 1145 2629 alost,

93 2668 122 2713 11
142 2659 303 2735 posterum
322 2652 483 2736 segniores
506 2651 601 2714 duces
625 2649 757 2714 faciatis.
802 2659 833 2714 et
851 2651 1003 2735 quoniam
1025 2650 1138 2716 corant

145 2741 324 2807 Siculorum
342 2755 373 2808 et
390 2765 461 2808 mea
478 2743 576 2808 verba
594 2744 741 2822 audistis,
760 2753 865 2829 patres
884 2745 1062 2831 conscripti,
1079 2733 1140 2808 sind

143 2836 260 2921 templo
279 2838 481 2915 excedemus,
501 2848 535 2902 ut
553 2861 603 2902 me
622 2837 751 2904 absente
769 2838 898 2904 liberius
913 2841 1037 2905 consuli
1050 2844 1141 2903 senatu

142 2930 265 3015 possit'.
309 2931 353 2995 ita
375 2932 498 2997 dimissi
517 2931 630 3012 Siculi,
659 2945 691 2997 et
713 2934 781 3018 ipse
802 2933 836 2996 in
855 2931 1052 3018 Capitolium
1071 2926 1144 2997 addi

146 3022 261 3088 lectum
280 3025 436 3090 discessit.

110 3137 123 3182 1
206 3118 363 3184 XXXII.
419 3118 540 3185 Consul
567 3121 644 3184 alter
670 3121 709 3184 de
735 3119 901 3205 postulatis
931 3111 1147 3187 Siculorumd

141 3223 245 3298 patres
268 3213 395 3279 rettulit.
440 3214 484 3279 ibi
507 3236 578 3279 cum
601 3215 655 3279 diu
672 3216 713 3279 de
731 3215 894 3280 sententiis
918 3227 1071 3282 certatum
1089 3216 1147 3277 eset

143 3318 174 3371 et
191 3331 307 3395 magna
323 3330 397 3395 pars
417 3317 558 3384 senatus,
577 3309 715 3394 principe
734 3309 801 3373 eius
820 3310 999 3376 sententiae
1008 3302 1147 3376 munh

108 3398 318 3484 aTorquato,
354 3424 425 3467 cum
453 3403 592 3488 tyrannis
625 3402 741 3468 bellum
772 3403 948 3489 gerendum
981 3405 1079 3470 fuisse
1100 3420 1147 3466 cen

144 3505 260 3574 serent,
287 3497 431 3562 hostibus
455 3508 486 3561 et
505 3495 777 3582 Syracusanorum
795 3507 825 3561 et
843 3498 954 3582 populi
972 3496 1113 3573 Romani,
1130 3500 1147 3557 d

141 3590 252 3656 urbem
277 3592 388 3676 recipi,
416 3614 480 3655 non
498 3592 581 3676 capi,
610 3602 640 3656 ot
657 3603 815 3677 receptam
833 3591 959 3677 legibus
987 3591 1147 3677 antiquisel

141 3683 284 3749 libertate
312 3684 457 3759 stabiliri,
485 3708 548 3750 non
574 3686 692 3751 fessam
719 3687 898 3750 miseranda
921 3687 1072 3752 servitute
1091 3680 1147 3748 bell

108 3777 263 3864 aadfligi:
299 3780 380 3845 inter
414 3790 617 3866 tyrannorum
652 3791 684 3844 et
718 3780 807 3845 ducis
833 3779 973 3845 Romani
1010 3776 1147 3847 certamin

142 3872 314 3954 praemium
334 3874 460 3939 victoris
479 3873 512 3938 in
530 3873 633 3938 medio
650 3874 787 3959 positam
804 3874 915 3940 urbem
933 3874 1147 3961 pulcherrima

143 3984 181 4027 ac
202 3964 427 4033 nobilissimam
450 3990 584 4054 pensae,
612 3969 758 4033 horreum
781 3979 875 4052 atque
898 3970 1056 4034 aerarium
1076 3985 1147 4052 quon
