2528 4514
360 209 713 283 munmmme
733 208 908 285 [acercjf
1100 198 1145 287 95

95 374 144 443 ita
160 371 286 452 evenit,
310 380 361 451 ut,
384 393 457 437 cum
473 369 583 435 referri
600 369 692 455 signa
708 369 742 434 in
760 378 863 434 castra
879 367 999 434 iubenti
1022 369 1145 437 consuli

98 468 216 535 militen
233 490 304 534 non
320 475 480 554 parerent,
500 465 583 531 servi
601 463 678 543 duo,
696 463 859 530 Formiani
875 486 975 543 unus,
992 464 1072 532 alter
1091 463 1143 533 Si·
1161 487 1193 536 11

109 562 198 629 dicini
218 561 355 647 equitis,
380 561 436 646 qui
459 557 594 626 Servilio
617 568 711 643 atque
731 556 832 624 Atilio
854 558 1037 625 consulibus
1062 560 1144 626 inter

110 654 307 745 pluentes
325 655 449 740 excepti
467 652 644 720 aNumidis
657 653 798 730 fuerant,
816 652 1023 740 profugerent
1036 676 1074 719 eo
1092 655 1157 722 die-

105 748 148 829 al
167 749 327 816 dominos.
371 747 561 831 deductique
588 747 629 812 ad
655 745 801 812 consules
827 747 986 826 nuntiant,
1016 740 1162 815 omnem'

95 844 276 953 {nucitum
302 842 494 909 Hannibalis
521 852 607 907 trans
633 840 795 927 proximos
822 850 945 908 montes
974 842 1084 908 sedere
1108 843 1143 909 in

95 936 235 1039 ¹{insidiis
271 937 387 1002 horum
403 945 600 1023 opportunus
617 937 773 1001 adventus
794 934 939 1003 consules
956 935 1069 1022 imperi
1084 959 1142 1023 po-
1161 959 1195 1007 12

95 1040 204 1099 tentm
221 1031 315 1110 fecit,
338 1053 412 1096 eum
430 1030 559 1097 ambitio
579 1030 707 1096 alterius
726 1053 817 1097 suam
833 1029 971 1117 primum
989 1042 1066 1117 aput
1088 1054 1143 1098 eos

111 1146 202 1213 {aava
216 1125 418 1211 indulgentia
433 1124 630 1190 maiestatem
648 1125 805 1190 solvisset

95 1228 102 1263 ='
172 1218 382 1290 XXXXIII.
426 1217 590 1284 Hannibal
606 1228 777 1304 postquam
792 1228 896 1283 motos
914 1218 1017 1305 magis
1035 1219 1176 1303 incon-,1

95 1276 194 1379 lale
207 1312 373 1379 Romanos
395 1333 492 1398 quam
517 1313 559 1377 ad
585 1311 730 1377 ultimum
755 1322 873 1377 temere
899 1321 1025 1378 evectos
1053 1313 1141 1392 vidit,

95 1406 293 1493 nquiqnam
313 1408 437 1473 detecta
454 1406 567 1472 fraude
583 1406 617 1471 in
634 1415 738 1473 castra
753 1405 855 1473 rediit
886 1405 932 1472 ibi
947 1406 1055 1494 plures
1073 1407 1141 1473 dies
1158 1431 1180 1483 2

102 1494 119 1589 Ἰ
243 1501 387 1588 inopiam
404 1500 555 1567 frumenti
571 1523 698 1567 manere
712 1502 834 1586 nequit,
853 1523 999 1586 novaque
1012 1500 1144 1567 consilia

116 1592 120 1619 ³
164 1594 221 1663 llice
235 1619 304 1663 non
321 1596 407 1682 apud
424 1595 539 1661 milites
557 1595 661 1661 solum
678 1596 795 1662 mixtos
813 1618 854 1661 ex
871 1595 1058 1661 conluvione
1076 1618 1144 1662 om-

209 1691 358 1779 gentium
363 1737 374 1769 ,
401 1691 458 1757 sed
481 1690 575 1755 etiam
592 1690 678 1777 apud
695 1691 809 1757 ducem
827 1691 932 1777 ipsum
950 1689 1159 1777 oriebantur„

120 1778 123 1785 ’
195 1806 267 1851 cum
283 1784 376 1850 initio
393 1784 552 1862 fremitus,
572 1784 686 1851 deinde
704 1795 812 1872 aperta
829 1783 1011 1851 vociferatio
1028 1784 1142 1851 fuisset
1159 1811 1177 1860 3

114 1960 117 1969 Ι
260 1879 341 1944 tium
355 1879 545 1965 stipendium
560 1878 701 1945 debitum
710 1879 971 1965 querentiumque
984 1902 1143 1947 annonam

110 1970 113 1975 ’
150 1970 159 1987 “
214 2020 225 2051 ,
239 1982 400 2059 postremo
417 1971 550 2051 famem,
573 1983 605 2038 et
621 1974 853 2041 mercennarios
870 1974 986 2041 milites
1004 1974 1142 2040 maxime

119 2059 246 2153 'lllrpani
271 2067 399 2157 generis
430 2068 471 2134 de
500 2069 683 2135 transitione
714 2071 837 2156 cepisse
863 2070 1030 2137 consilium
1055 2070 1143 2137 fama

95 2152 106 2235 l
126 2169 213 2237 noct,
233 2161 296 2247 ipse
319 2161 415 2228 etiam
437 2161 594 2228 interdum
611 2163 775 2231 Hannibal
797 2164 933 2251 defuga
950 2165 983 2229 in
1003 2162 1177 2235 Galliam

95 2248 230 2325 l'tl’ffl'tur
243 2256 386 2343 agitasse,
405 2256 450 2322 ita
465 2265 502 2321 ut
518 2256 627 2323 relicto
639 2258 781 2343 peditatu
796 2258 881 2323 omni
894 2281 967 2323 cum
981 2257 1139 2342 equitibus

95 2378 100 2413 :
131 2362 166 2413 Ιο
185 2346 345 2435 proilpcret.
383 2373 456 2416 cum
477 2351 558 2417 haee
579 2351 711 2418 consilia
733 2361 827 2435 atque
849 2351 902 2416 hic
924 2350 1051 2417 habitus
1074 2353 1178 2425 ani-5

130 2458 237 2507 mmo
254 2445 389 2511 oscetin
411 2446 537 2526 eastris,
563 2469 689 2513 movere
710 2447 784 2512 inde
808 2446 916 2513 statuit
938 2447 970 2510 in
993 2447 1154 2529 calidiora,-

114 2540 207 2621 φο
229 2560 263 2605 eo
282 2541 455 2607 maturiora
476 2541 635 2608 messibus
656 2541 795 2628 Apuliae
817 2541 901 2620 loca,
928 2540 1023 2607 simul
1044 2542 1140 2626 quod,

134 2626 205 2718 quo]
220 2631 343 2723 longius
363 2634 403 2701 ab
422 2635 513 2701 hoste
529 2636 729 2716 recessisset,
755 2635 933 2724 transfugia
953 2635 1141 2723 inpeditiora

109 2718 230 2793 lerion
244 2728 380 2816 ingeniis
399 2740 514 2796 essent.
553 2730 715 2819 profectus
732 2739 782 2797 est
798 2740 891 2797 nocte
907 2729 1036 2819 ignibus
1055 2730 1142 2797 simi·
1159 2753 1177 2801 o

115 2810 282 2889 litaretis
301 2823 576 2910 tabernaculisque
598 2825 708 2912 paucis
730 2826 765 2891 in
788 2827 925 2912 speciem
947 2825 1079 2905 relictis,
1105 2835 1141 2891 ut

114 2949 126 2957 -
147 2942 212 2969 tta
240 2946 277 2975 ..ι
305 2939 364 3004 par
380 2918 476 3004 priori
493 2929 597 2985 metus
615 2921 787 2986 contineret
799 2919 972 2987 Romanos.
1008 2921 1066 2987 sed
1082 2942 1140 3006 per
1158 2942 1173 2987 7

135 3035 230 3066 »Μυκη
258 3011 430 3077 Lucanum
454 3011 614 3079 Statilium
637 3014 784 3080 omnibus
806 3013 890 3081 ultra
911 3024 1014 3081 castra
1039 3023 1142 3080 bans·

116 3163 133 3192 ,,
149 3132 170 3154 1-
193 3104 308 3172 montis
331 3106 503 3193 exploratis
525 3130 598 3174 cum
619 3109 754 3174 relatum
777 3120 875 3188 esset,
901 3110 1006 3176 visum
1027 3107 1139 3196 procul

104 3197 135 3266 ÷.'
219 3232 233 3257 ι·
262 3223 396 3289 agmen,
423 3211 491 3268 tum
517 3203 557 3269 de
583 3203 779 3289 insequendo
804 3226 843 3270 eo
868 3203 1000 3270 consilia
1025 3201 1140 3290 agitari

95 3390 99 3465 f
173 3384 253 3455 cnm
270 3389 436 3477 utriusque
454 3391 594 3458 consulis
612 3392 723 3458 eadem
741 3415 822 3477 quae
837 3402 908 3458 ante
923 3413 1047 3478 semper
1060 3390 1140 3455 suis·
1157 3410 1174 3459 8

95 3488 159 3569 plot
175 3485 342 3565 sententia,
370 3496 510 3553 ceterum
527 3485 664 3553 Varroni
684 3488 752 3553 fere
775 3510 900 3567 omnes,
920 3485 1023 3554 Paulo
1045 3506 1139 3551 nemo

95 3578 224 3661 {preter
243 3576 414 3647 Servilium
430 3581 544 3667 prioris
561 3582 637 3646 anni
655 3583 817 3648 consulem
834 3580 1052 3659 adsentiretur,
1071 3602 1138 3643 ma-
1154 3596 1171 3645 9

104 3668 178 3739 loris
199 3674 301 3760 partis
323 3675 480 3741 sententia
498 3675 540 3740 ad
557 3675 767 3742 nobilitandas
785 3676 874 3742 clade
890 3675 1035 3742 Romana
1053 3672 1139 3739 Can-

107 3786 162 3835 nas
177 3777 311 3856 urgente
328 3768 396 3839 sato
412 3769 548 3856 profecti
566 3782 648 3836 sunt.
684 3794 782 3858 prope
800 3794 873 3837 eum
891 3771 997 3837 vicum
1013 3765 1139 3834 Hanni·
1158 3785 1193 3835 10

95 3854 155 3943 ,hl
174 3872 283 3929 castra
303 3873 453 3950 posuerat
476 3886 588 3930 aversa
604 3889 624 3930 a
640 3862 796 3931 Volturno
813 3874 923 3943 vento,
947 3863 1001 3949 qui
1019 3861 1138 3949 eampis

95 3957 226 4025 'torridis
245 3957 386 4025 siccitate
403 3957 505 4025 nubes
519 3957 657 4045 pulveris
672 3957 766 4025 vehit.
793 3960 827 4024 id
840 3982 911 4026 cnm
930 3958 1007 4047 ipsis
1026 3954 1136 4024 castris
1156 3973 1186 4021 11
