2528 4530
325 213 557 285 ursusxxv,
576 214 675 271 atas
694 215 849 288 [aomo]
1035 205 1102 273 247

88 374 218 453 iuberent,
253 372 322 460 ipse
358 370 500 439 Siciliam
534 383 767 460 praetervectus
803 374 976 442 Tarentum
1010 378 1098 465 petit.

85 468 223 558 Epicydes
250 490 270 532 a
295 476 382 533 tanta
407 476 536 553 repente
562 467 730 535 destitutus
757 490 828 555 epe,
856 492 896 536 ne
919 468 990 558 [ad]
1015 471 1150 540 obsi-18

82 563 189 629 dionem
206 585 324 649 magna
339 583 381 626 ex
398 570 486 646 parte
504 570 615 647 captae
632 561 720 628 urbis
737 562 866 642 rediret,
885 562 1100 652 Agrigentum
1197 571 1200 575 '

80 657 204 745 navigat,
237 663 457 743 expectaturus
484 655 587 741 magis
614 665 762 723 eventum
788 679 883 743 quam
909 659 984 724 inde
1010 659 1098 744 quic-

76 774 158 836 quam
175 759 330 816 moturus.

124 843 295 912 XXVIII.
339 842 433 927 Quae
459 843 515 910 nbi
540 846 574 910 in
595 854 699 911 castra
721 843 900 911 Siculorum
924 857 996 912 sunt
1018 870 1132 917 nun-1

72 941 150 1018 data,
169 939 338 1026 Epicyden
357 937 525 1025 Syracusis
544 940 734 1018 excessisse,
753 938 1098 1028 aCarthaginiensibus

68 1036 202 1102 relictam
223 1034 359 1100 insulam
382 1043 413 1099 et
434 1056 533 1120 prope
554 1035 668 1102 iterum
691 1034 838 1099 traditam
858 1035 1026 1116 Romanis,
1052 1037 1132 1107 le-2

10 1146 14 1161 ¹
67 1140 150 1217 gatos
173 1129 215 1195 de
238 1128 475 1195 condicionibus
499 1130 660 1195 dedendae
686 1127 787 1207 urbis,
824 1128 985 1216 explorata
1009 1131 1097 1217 prius

64 1247 115 1312 per
131 1224 301 1309 conloquia
317 1222 478 1289 voluntate
497 1246 606 1289 eorum
623 1224 678 1309 qui
695 1222 934 1302 obsidebantur,
956 1225 999 1290 ad
1009 1223 1099 1290 Mar-

64 1319 175 1385 cellum
192 1319 329 1383 mittunt
375 1340 448 1384 cum
466 1318 552 1383 haud
568 1318 668 1384 ferme
691 1318 895 1404 discreparet,
921 1319 1098 1403 quinquae
1116 1343 1132 1390 a

63 1413 177 1499 ubique
195 1435 307 1499 regum
325 1412 468 1491 fuissent,
487 1413 704 1479 Romanorum
722 1422 838 1492 essent,
858 1411 976 1480 Siculis
995 1422 1098 1479 cetera

65 1530 131 1575 orm
156 1505 303 1572 libertate
329 1529 366 1572 ac
392 1507 517 1593 legibus
545 1507 611 1573 suis
643 1516 855 1586 servarentur,
892 1508 1029 1573 evocatis
1057 1508 1098 1573 ad

63 1602 263 1687 conloquium
287 1602 341 1680 iis,
377 1601 493 1686 quibus
520 1601 559 1667 ab
587 1602 732 1689 Epicyde
757 1602 895 1668 creditae
920 1624 971 1666 res
998 1612 1096 1681 erant,

57 1697 174 1763 missos
193 1717 229 1761 se
247 1695 341 1760 simul
358 1696 399 1761 ad
416 1695 618 1777 Marcellum,
647 1695 741 1762 simul
762 1696 805 1762 ad
821 1717 876 1762 eos
898 1695 939 1761 ab
957 1696 1097 1762 exercitu
1115 1720 1132 1766 4

57 1788 243 1857 Siculorum
260 1791 361 1868 aiunt,
388 1800 423 1854 ut
445 1813 509 1856 una
529 1791 684 1869 omnium,
712 1791 767 1875 qui
789 1788 1007 1857 obsiderentur
1028 1792 1097 1876 qui-

53 1906 120 1970 que
142 1894 233 1950 extra
256 1884 453 1951 obsidionem
475 1885 624 1964 fuissent,
652 1885 779 1951 fortuna
800 1895 885 1951 esset
906 1907 987 1951 neve
1008 1885 1097 1951 alteri

54 1978 185 2066 proprie
212 1978 272 2044 sibi
297 1980 530 2065 paciscerentur
556 1980 734 2065 quicquam.
779 1981 897 2067 recepti
919 1981 1032 2047 deinde
1055 1979 1131 2051 aba

54 2074 110 2152 iis,
140 2082 177 2137 ut
203 2075 398 2138 necessarios
424 2074 628 2159 hospitesque
655 2075 910 2159 adloquerentur,
943 2074 1095 2162 expositis

54 2189 141 2252 quae
158 2176 252 2252 pacta
269 2168 332 2233 iam
350 2190 423 2233 cunn
430 2168 584 2234 Marcello
602 2167 769 2246 haberent,
787 2168 892 2235 oblata
910 2192 966 2255 spe
986 2169 1095 2236 salutis

54 2261 224 2349 perpulere
247 2283 314 2340 eos,
342 2271 377 2326 ut
399 2285 507 2328 secum
529 2261 706 2348 praefectos
729 2261 883 2348 Epicydis
905 2262 1096 2348 Polyclitum

54 2365 88 2421 et
104 2354 329 2421 Philistionem
346 2367 377 2422 et
394 2355 576 2443 Epicyden,
604 2357 656 2421 cui
675 2354 797 2421 Sindon
819 2377 994 2442 cognomen
1019 2366 1094 2436 erat,

53 2449 313 2537 adgrederentur.
349 2451 521 2517 interfectis
540 2452 579 2516 iis
597 2460 629 2516 et
646 2449 845 2515 multitudine
863 2449 904 2515 ad
918 2449 1096 2515 contionem
1115 2475 1130 2523 6

53 2554 184 2623 vocata,
210 2541 357 2632 [famem]
376 2546 592 2631 inopiamque,
619 2566 701 2630 quae
718 2544 780 2630 ipsi
802 2544 883 2609 inter
904 2565 939 2609 se
962 2542 1096 2609 fremere

54 2638 173 2705 occulti
194 2639 280 2705 soliti
301 2649 403 2718 erant,
432 2640 614 2724 conquesti,
651 2660 844 2723 quamquam
865 2646 912 2704 tot
934 2637 1018 2703 mala
1043 2660 1096 2704 ur-

55 2741 181 2819 gerent,
209 2743 379 2820 negarunt,
410 2734 569 2799 fortunam
596 2732 807 2798 accusandam
832 2754 917 2812 esse,
951 2732 1036 2817 quod
1062 2731 1096 2797 in

53 2826 199 2913 ipsorum
217 2837 301 2892 esset
317 2836 487 2914 potestate,
506 2828 657 2913 quamdiu
675 2849 713 2893 ea
729 2836 924 2913 paterentur:
942 2825 1094 2893 Romanis
1115 2851 1130 2898 r

51 2941 189 2985 causam
214 2921 419 3008 oppugnandi
442 2919 619 3008 Syracusas
646 2921 747 2987 fuisse
773 2921 935 2987 caritatem
958 2919 1097 3008 Syracu-

52 3036 222 3092 sanum,
249 3037 312 3081 non
329 3016 452 3095 odium;
483 3039 556 3082 nam
578 3026 614 3081 nt
635 3025 804 3103 occupatas
821 3039 873 3082 res
896 3015 937 3081 ab
956 3015 1097 3081 satelliti·

52 3109 117 3176 bus
144 3108 355 3189 Hannibalis,
393 3111 506 3177 deinde
532 3111 738 3198 Hieronymi,
774 3110 970 3198 Hippocrate
1001 3119 1095 3192 atque

54 3203 222 3291 Epicyde,
258 3206 429 3283 audierint,
466 3217 533 3271 tum
567 3204 686 3272 bellum
715 3205 854 3271 movisse
885 3213 915 3268 et
950 3202 1096 3269 obsidere

59 3298 170 3365 urbem
188 3300 344 3386 coepisse,
372 3310 407 3365 ut
425 3301 559 3366 crudelis
577 3310 726 3385 tyrannos
745 3299 828 3377 eius,
854 3320 919 3364 non
940 3306 976 3361 nt
992 3297 1096 3383 ipsam

57 3392 170 3461 urbem
197 3404 421 3482 expugnarent.
466 3394 661 3482 Hippocrate
687 3415 762 3459 vero
787 3388 998 3479 interempto,
1015 3390 1128 3478 Epi-s

54 3488 139 3574 cyde
165 3488 335 3554 intercluso
363 3489 403 3556 ab
427 3487 596 3575 Syracusis
623 3498 655 3555 et
680 3486 847 3574 praefectis
876 3486 943 3551 eius
970 3486 1094 3564 occisis,

58 3580 378 3670 Cmthaginiensibus
405 3584 491 3649 omni
515 3583 717 3670 possessione
740 3579 868 3649 Siciliae
894 3590 976 3646 terra
1001 3578 1095 3644 mari-

56 3696 120 3761 que
137 3676 240 3764 pulsis
260 3713 302 3726 —-
319 3700 414 3763 quarn
433 3699 600 3765 superesse
617 3700 746 3744 causam
762 3674 930 3755 Romanis,
958 3697 1014 3740 cur
1031 3696 1094 3739 non

52 3772 189 3862 perinde
205 3796 244 3840 ac
262 3775 290 3841 si
306 3774 407 3841 Hiero
424 3775 493 3861 ipse
510 3776 644 3855 viveret,
671 3774 784 3841 unicus
801 3774 964 3841 Romanae
986 3772 1095 3840 amici-

53 3869 120 3935 tiae
137 3867 253 3950 cultor,
279 3870 445 3937 incolumis
465 3868 642 3957 Syracusas
665 3891 736 3936 esse
752 3868 870 3935 velint?
911 3869 1018 3954 itaque
1035 3889 1094 3935 nec
1112 3889 1128 3938 9

52 3962 129 4032 urbi
146 3985 206 4031 nec
222 3963 402 4032 hominibus
421 3964 507 4032 aliud
527 3963 701 4051 periculum
723 3986 818 4051 quarn
839 3962 880 4031 ab
899 3972 998 4032 semet
1014 3961 1093 4050 ipsis
