2528 4530
327 254 444 310 ursus
461 218 588 326 xxvn,
606 253 648 308 35.
661 255 703 309 ac.
723 258 760 323 [a.
773 255 801 309 o.
812 255 875 324 aas]
1053 243 1117 311 365

84 425 118 480 et
139 414 179 478 Τ.
197 412 340 477 Manlius
368 422 454 476 trans
476 434 563 476 mare
585 411 708 498 legatus
735 411 808 490 iret,
836 412 1013 499 viseretque
1036 376 1152 498 quaes

84 509 131 573 ibi
147 517 347 594 gererenturz
370 506 464 571 simul
483 507 568 590 quod
579 504 749 592 Olympiae
768 507 923 573 ludicrum
941 532 979 575 ea
997 521 1117 577 aestate

85 603 228 667 futurum
255 612 335 678 erat,
363 601 449 684 quod
474 600 612 666 maximo
640 612 732 666 coetu
759 602 982 682 celebraretur,
1013 614 1062 683 ut,
1090 603 1119 668 si

85 706 155 761 tuto
172 717 230 782 per
247 695 373 760 hostem
389 705 513 781 posset,
533 695 632 760 adiret
649 696 683 760 id
700 697 881 775 concilium,
900 709 937 762 ut
950 698 1004 783 qui
1019 695 1119 764 Siculi
1137 721 1153 766 4

87 781 171 848 bello
193 781 239 845 ibi
259 780 387 868 profugi
414 791 468 845 aut
485 781 649 845 Tarentini
671 781 756 846 cives
779 782 912 869 relegati
935 785 975 850 ab
993 785 1119 849 Hanni-

87 875 158 940 bale
191 885 318 953 essent,
363 876 474 939 domos
509 875 648 939 redirent
683 875 879 960 scirentque,
921 901 979 944 sua
1013 879 1120 945 omnia

88 969 145 1046 iis,
181 990 261 1052 quae
298 979 370 1033 ante
406 967 524 1033 bellum
558 959 764 1046 habuissent,
799 970 932 1035 reddere
966 972 1120 1058 populum

91 1063 278 1130 Romanum.

152 1157 239 1240 Quia
264 1156 549 1244 periculosissimus
577 1181 678 1222 annus
700 1156 853 1223 inminere
875 1157 1041 1223 videbatur
1063 1183 1118 1225 ne·
1138 1184 1153 1230 5

92 1275 151 1336 que
168 1253 315 1318 consules
333 1252 366 1316 in
383 1259 418 1317 re
435 1251 564 1339 publica
581 1264 684 1331 erant,
710 1253 743 1316 in
765 1253 911 1319 consules
934 1253 1118 1340 designatos

92 1370 199 1412 omnes
217 1346 316 1424 versi,
335 1369 430 1431 quam
447 1347 585 1435 primum
603 1371 658 1413 eos
674 1347 778 1412 sortiri
790 1348 967 1434 provincias
982 1359 1014 1413 et
1027 1373 1120 1436 prae·

95 1441 239 1518 sciscere,
259 1462 353 1524 quam
372 1441 505 1525 quisque
523 1465 633 1506 eorum
650 1441 858 1527 provinciam,
881 1464 976 1527 quem
993 1442 1119 1508 hostem

93 1535 232 1613 haberet,
252 1535 410 1601 volebant.
438 1537 477 1600 de
494 1535 748 1602 reconciliatione
766 1536 861 1600 ctiam
875 1536 996 1623 gratiae
1009 1560 1118 1603 eorum
1137 1561 1152 1607 o

91 1629 123 1694 in
140 1641 251 1695 senatu
270 1641 375 1694 actum
393 1641 442 1694 est
464 1630 618 1716 principio
640 1630 725 1695 facto
748 1654 767 1695 a
784 1629 825 1712 Q.
843 1630 946 1697 Fabio
962 1631 1117 1698 Maximo

94 1725 270 1791 inimicitiae
298 1737 403 1790 autem
430 1726 552 1791 nobiles
579 1727 661 1791 inter
689 1749 743 1791 eos
772 1736 862 1791 erant
887 1736 920 1791 et
941 1727 1151 1795 acerbioresr

92 1842 143 1885 eas
168 1819 426 1906 indignioresque
452 1820 548 1885 Livio
580 1844 639 1885 sua
669 1820 831 1886 calamitas
863 1820 998 1899 fecerat,
1035 1822 1120 1906 quod

93 1928 231 2003 spretum
254 1938 289 1980 se
309 1915 343 1979 in
365 1938 403 1981 ea
424 1915 551 1980 fortuna
572 1917 731 1983 credebat
775 1916 882 2001 itaque
904 1916 932 1982 is
949 1918 1053 2004 magis
1071 1917 1120 1983 in-
1138 1937 1153 1986 8

91 2009 253 2096 placabilis
280 2021 348 2075 erat
370 2021 402 2075 et
426 2010 505 2075 nihil
527 2033 607 2098 opus
630 2035 702 2077 esse
723 2012 978 2078 reconciliatione
1000 2012 1119 2079 aiebat:

90 2105 192 2170 acrius
210 2116 244 2170 et
259 2104 410 2169 intentius
429 2105 535 2171 omnia
553 2117 700 2192 gesturos
720 2105 876 2183 timentis,
898 2130 938 2170 ne
958 2107 1120 2172 crescendi

89 2223 129 2266 cx
147 2223 182 2266 se
200 2198 327 2268 inimico
346 2201 497 2288 conlegae
515 2212 657 2287 potestas
675 2202 775 2265 fieret.
804 2201 879 2265 vicit
892 2211 998 2266 tamen
1012 2214 1120 2269 aucto·
1138 2221 1152 2267 a

88 2295 164 2360 ritas
193 2305 340 2372 senatus,
376 2305 411 2359 ut
439 2295 552 2381 positis
586 2295 797 2360 simultatibus
829 2295 988 2360 communi
1015 2296 1119 2361 animo

89 2389 283 2473 consilioque
302 2388 557 2454 administrarent
578 2411 647 2454 rem
668 2388 837 2476 publicam.
881 2387 1062 2474 provinciae
1079 2388 1118 2453 iis
1139 2409 1171 2456 10

87 2506 152 2549 non
168 2482 345 2570 permixtae
362 2483 560 2569 regionibus,
589 2483 670 2548 sicut
692 2481 905 2568 superioribus
929 2482 1034 2559 annis,
1063 2483 1121 2546 sed

88 2578 234 2643 diversae
253 2577 401 2642 extremis
419 2577 531 2643 Italiae
552 2577 684 2654 finibus,
713 2575 803 2641 alteri
825 2576 977 2640 adversus
996 2575 1121 2640 Hanni-

87 2670 195 2737 balem
220 2671 340 2748 Brutti,
371 2670 511 2748 Lucani,
547 2670 637 2735 alteri
665 2669 772 2736 Gallia
798 2670 951 2735 adversus
973 2669 1121 2735 Hasdru-

87 2766 209 2844 balem,
233 2787 327 2849 quem
344 2765 408 2830 iam
425 2766 564 2851 Alpibus
583 2764 835 2852 adpropinquare
854 2764 941 2830 fama
958 2776 1039 2843 erat,
1067 2765 1123 2831 de·

87 2872 186 2927 creta.
240 2860 413 2926 exercitum
440 2884 457 2926 e
484 2861 627 2937 duobus,
664 2860 720 2945 qui
748 2860 781 2923 in
809 2859 916 2926 Gallia
946 2860 1061 2945 quique
1087 2860 1121 2925 in
1142 2879 1172 2925 11

86 2954 220 3022 Etruria
237 2966 336 3032 esset,
365 2955 472 3020 addito
490 2957 625 3033 urbano,
653 2955 784 3041 eligeret
807 2977 902 3039 quem
918 2955 1040 3033 mallet,
1069 2955 1122 3040 qui

88 3049 231 3117 Galliam
257 3061 343 3115 esset
370 3051 508 3116 sortitus.
554 3050 605 3115 cui
630 3050 736 3115 Brutti
762 3049 926 3136 provincia
952 3050 1120 3127 evenisset,
1141 3067 1172 3114 12

86 3144 183 3211 novis
200 3143 379 3230 legIonihus
397 3144 525 3209 urbanis
545 3144 688 3231 scriptis,
711 3144 812 3209 utrius
830 3143 939 3208 mallet
957 3142 1122 3208 consulum

87 3237 204 3328 prioris
224 3239 297 3304 anni
315 3239 487 3305 exercitum
506 3250 657 3316 sumeret3
683 3239 828 3303 relictum
845 3261 865 3302 a
882 3236 1011 3302 consule
1032 3259 1122 3301 exer·
1142 3253 1173 3301 13

87 3335 190 3400 citum
203 3333 245 3416 Q
254 3333 388 3399 Fulvius
406 3335 576 3421 proconsul
594 3333 751 3420 acciperet
768 3332 859 3415 eique
877 3331 911 3395 in
929 3353 1046 3396 annum
1063 3331 1122 3395 im-

87 3428 215 3516 perium
233 3439 327 3493 essct.
372 3440 403 3493 et
423 3426 462 3494 C.
480 3430 635 3506 Hostilio,
658 3427 709 3492 cui
726 3450 784 3513 pro
801 3425 931 3491 Etruria
948 3425 1123 3491 Tarentum
1142 3446 1174 3492 14

88 3533 292 3589 mutaverant
308 3523 512 3610 provinciam,
530 3547 588 3610 pro
598 3524 736 3588 Tarento
749 3519 895 3608 Capuam
910 3531 1120 3587 mutaverunt.

88 3619 175 3705 legio
193 3641 259 3681 una
276 3618 350 3682 data
369 3629 431 3695 est,
450 3618 501 3682 cui
518 3618 649 3683 Fulvius
668 3615 812 3704 proximo
831 3638 914 3680 anno
931 3615 1121 3701 praefuerat.

155 3710 329 3780 XXXVI.
372 3711 425 3778 De
443 3712 656 3778 Hasdrubalis
680 3712 817 3777 adventu
840 3710 873 3774 in
894 3709 1021 3775 Italiam
1048 3731 1154 3777 cura1

90 3806 124 3871 in
141 3805 211 3872 dies
230 3807 402 3871 crescebat.
446 3806 699 3872 Massiliensium
720 3805 858 3892 primum
879 3803 977 3892 legati
998 3802 1123 3868 nuntia-

92 3910 207 3966 verunt
229 3922 303 3965 eum
318 3899 352 3964 in
371 3899 509 3966 Galliam
526 3912 760 3987 transgressum
782 3911 966 3984 erectosque
985 3898 1123 3964 adventu
1143 3914 1158 3962 2

94 3994 174 4074 cius,
209 3995 284 4079 quia
308 4018 460 4083 magnum
485 3996 610 4083 pondus
638 3995 705 4060 auri
732 3995 875 4061 attulisse
902 3994 1057 4060 diceretur
1083 3993 1125 4058 ad
