2528 4514
244 243 363 300 LIBER
381 245 523 316 XXVIII,
542 244 584 301 15.
600 246 641 301 16.
661 250 698 316 [a.
709 246 740 302 C.
751 248 813 318 206]
976 237 1039 303 401

85 403 234 470 tantibus
252 403 286 467 in
303 403 472 468 adversum
489 403 602 468 collem
619 403 740 490 erigere
759 404 859 471 aciem
871 407 1024 475 Romanis
1029 434 1039 488 3

85 500 138 576 le,
167 509 205 563 ut
221 495 330 562 inferri
346 496 470 583 inpigre
488 498 581 583 signa
602 498 762 577 videnmt,
788 499 946 587 integrata
962 502 1042 589 fuga

85 605 166 659 ‚stra
183 589 291 678 pavidi
308 591 548 676 compelluntur.
578 613 639 657 nec
655 593 766 678 procul
783 593 866 660 vallo
874 595 1039 663 Romanus
1060 619 1090 667 ιι

85 699 130 765 st,
151 686 374 772 cepissentque
393 697 480 751 tanto
498 686 618 772 impetu
637 697 755 766 castra,
781 687 816 753 ni
833 711 868 754 se
887 711 927 754 ex
945 690 1040 757 vehe-

85 782 102 846 i
131 781 222 859 sole,
258 780 359 864 qualis
389 779 471 846 inter
500 781 608 867 gravis
638 780 739 847 imbre
765 783 867 849 nubes
898 784 1040 872 effulget,

85 923 89 941 .
111 876 164 943 vis
184 898 284 961 aquae
302 875 483 953 deiecisset,
501 886 537 940 ut
554 876 608 940 vix
625 875 659 940 in
676 887 780 943 castra
793 901 853 944 sua
865 880 1041 966 receperint

85 983 228 1047 utores„
242 969 398 1055 quosdam
419 969 515 1034 etiam
534 969 646 1055 religio
658 970 783 1056 ceperit
799 972 930 1038 ulterius
953 974 1040 1058 quic·

85 1089 100 1129 1
120 1087 161 1130 eo
182 1064 233 1129 die
247 1063 392 1129 conandi.
420 1061 712 1150 Carthaginienses,
731 1087 922 1149 quamquam
935 1067 1039 1133 fessos
1060 1087 1091 1136 lt

85 1182 114 1224 re
128 1180 169 1223 ac
182 1157 364 1223 vulneribus
378 1180 443 1223 nox
454 1157 617 1242 imberque
628 1159 669 1223 ad
681 1159 894 1224 necessariam
902 1159 1041 1244 quietem

85 1254 158 1331 bat,
186 1264 307 1329 tamen,
335 1251 411 1335 quia
430 1262 534 1316 metus
558 1262 591 1316 et
611 1251 787 1338 periculum
808 1253 954 1319 cessandi
975 1277 1040 1320 non
1060 1276 1091 1324 ιι

85 1360 103 1412 t
127 1360 268 1434 tempus,
295 1346 397 1433 prima
417 1346 488 1411 luce
511 1348 740 1434 oppugnaturis
758 1348 903 1415 hostibus
926 1363 1038 1430 castra,

85 1467 92 1507 ι
112 1442 254 1526 undique
276 1442 360 1505 circa
382 1463 423 1507 ex
443 1441 627 1527 propinquis
651 1442 786 1508 vallibus
804 1444 964 1530 congestis
983 1468 1039 1511 au-

110 1537 243 1614 vallum,
271 1535 466 1600 munimento
493 1558 578 1614 sese,
606 1535 732 1620 quando
754 1536 788 1601 in
810 1538 1040 1624 armis'parum

87 1630 147 1695 sidi
164 1632 261 1709 foret,
283 1631 455 1696 defensuri.
498 1632 556 1696 sed
573 1630 716 1696 transitio
735 1631 893 1698 sociorum
909 1632 988 1720 fuga
1004 1646 1040 1699 ut
1059 1653 1091 1701 14

85 1749 105 1789 r
131 1750 219 1792 mora
245 1726 418 1804 videretur,
445 1725 530 1791 fecit.
573 1724 763 1812 principium
789 1726 975 1794 defectionis
998 1729 1039 1794 ab

85 1841 130 1885 ane
145 1821 257 1908 regulo
275 1820 529 1887 Turdetanorum
551 1819 671 1885 factum
691 1831 755 1887 est:
781 1820 901 1887 iseum
921 1846 1040 1910 magna
1059 1844 1089 1892 15

85 1912 209 1980 ularium
234 1939 332 1981 manu
357 1915 547 2002 transfugit,
581 1914 656 1980 inde
682 1915 746 1981 duo
776 1916 898 1982 munita
922 1917 1041 2004 oppida

85 2011 263 2094 rpraesidiis
283 2010 397 2075 tradita
415 2033 434 2075 a
450 2009 619 2096 praefectis
636 2010 794 2083 Romano.
838 2022 870 2077 et
887 2034 927 2077 ne
945 2011 1039 2076 latius
1060 2031 1090 2080 16

85 2097 165 2170 luatis
189 2105 288 2170 semel
310 2105 351 2170 ad
372 2103 582 2170 defectionem
604 2103 716 2169 animis
741 2117 882 2190 serperet
903 2129 969 2184 res,
997 2106 1039 2171 si-

85 2192 114 2258 lio
128 2199 286 2283 proximae
304 2199 405 2266 noctis
424 2197 610 2263 Hasdrubal
627 2210 732 2264 castra
748 2211 865 2264 movet.

90 2285 171 2360 XVI.
216 2295 339 2381 Scipio,
358 2305 397 2358 'ut
414 2294 517 2380 prima
533 2293 604 2358 luce
622 2293 675 2377 qui
692 2294 725 2357 in
744 2293 931 2360 stationibus
949 2305 1071 2361 erantr
1188 2284 1192 2291 ’

85 2381 196 2483 derunt
225 2389 386 2476 profectos
413 2388 532 2466 hostis,
567 2387 743 2475 praemisso
775 2384 916 2471 equitatu
947 2387 1039 2476 signa

85 2475 206 2562 ¹iubet3
235 2483 377 2567 adeoque
399 2482 494 2547 citato
517 2481 643 2568 agmine
666 2481 751 2545 ducti
775 2491 862 2559 sunt,
888 2491 924 2546 ut
942 2480 969 2545 si
987 2481 1039 2546 via
1057 2502 1072 2550 ι

85 2585 96 2627 2
125 2578 256 2663 vestigia
283 2576 450 2661 sequentes
476 2577 590 2654 issent,
626 2574 833 2640 hauddubie
859 2574 1039 2640 adsecuturi

84 2673 135 2763 fll-
174 2672 308 2737 ducibus
326 2682 376 2736 est
393 2671 561 2749 creditum,
580 2670 707 2736 brevius
726 2669 901 2735 aliudesse
919 2668 978 2734 iter
996 2669 1038 2735 ad

85 2772 129 2822 tm
150 2766 293 2844 fluvium,
312 2777 348 2830 ut
361 2766 553 2831 transeuntis
569 2765 826 2852 adgrederentur.
852 2764 1072 2832 Hasdrubale

85 2867 108 2910 0
129 2854 269 2928 transitu
290 2861 428 2927 fluminis
450 2862 491 2926 ad
509 2860 676 2927 Oceanum
692 2858 803 2938 flectit,
831 2869 864 2925 et
883 2859 948 2924 iam
965 2858 1038 2925 inde

85 2953 197 3023 stium
223 2958 318 3023 modo
348 2955 442 3022 effusi
468 2955 607 3020 abibant.
660 2955 767 3038 itaque
793 2954 834 3019 ab
859 2953 1038 3041 legionibus

85 3048 160 3118 aar,
190 3053 385 3137 aliquantum
410 3049 567 3117 intervalli
588 3048 677 3127 fecit,
705 3070 803 3132 eques
824 3047 967 3132 levisque
990 3069 1073 3115 ιιι-4

85 3151 118 3199 ’ἃ
148 3168 234 3212 nunc
251 3148 291 3211 ab
310 3156 414 3232 tergo,
441 3167 525 3210 nunc
547 3146 588 3208 ab
610 3142 761 3208 lateribus
779 3141 972 3208 occurrendo
991 3141 1039 3205 fa·

85 3238 118 3293 tt
147 3243 404 3325 morabaturque3
424 3241 481 3306 sed
498 3262 571 3305 cum
584 3239 626 3304 ad
639 3239 765 3304 crebros
780 3237 932 3301 tumultus
948 3234 1039 3320 signa
1057 3257 1072 3304 o

90 3332 219 3401 terent
236 3347 270 3401 et
281 3357 366 3400 nunc
379 3335 547 3419 equestria,
565 3355 649 3398 nuno
662 3355 734 3396 cum
749 3330 896 3396 velitibus
910 3328 1039 3394 auxilla-

85 3429 231 3495 editum
247 3431 368 3519 proelia
385 3440 600 3507 consererent,
620 3435 870 3514 supervenerunt
885 3423 1037 3511 legiones.

85 3528 167 3590 ιῡιι
183 3526 246 3592 iam
264 3551 387 3614 pugna,
416 3527 475 3592 sed
495 3525 661 3590 trucidatio
684 3523 770 3588 velut
791 3543 941 3609 pecorum
957 3519 1036 3598 fieri,
1055 3541 1070 3588 6

113 3613 197 3706 ipse
215 3622 281 3686 dux
302 3623 398 3708 fugae
420 3632 529 3686 auctor
549 3620 582 3684 in
600 3618 761 3705 proximos
784 3616 872 3682 collis
891 3637 964 3679 cum
981 3635 1038 3679 sex

85 3717 137 3773 ¹8
166 3715 265 3782 ferme
292 3715 494 3782 semermium
515 3715 630 3792 evasit;
657 3711 753 3778 ceteri
775 3710 859 3776 caesi
882 3709 1036 3795 captique.

85 3834 89 3849 ·
138 3811 339 3878 tumultuaria
359 3812 474 3899 raptim
495 3811 597 3876 Poeni
619 3808 738 3873 tumulo
761 3805 935 3872 editissimo
953 3824 1070 3871 com-r

85 3906 213 3972 'erunt
238 3919 333 3992 atque
358 3907 447 3986 inde,
482 3929 555 3972 cum
579 3903 680 3970 hostis
711 3901 902 3986 nequiquam
932 3898 1038 3965 subire

85 3999 109 4120 ἰ)
146 4021 274 4069 ascensu
291 4013 422 4069 conatus
442 4012 540 4080 esset,
568 3999 653 4065 haud
671 3996 838 4062 difficulter
857 4017 928 4061 sese
947 3994 1039 4060 tutati

127 4100 170 4142 ool.
179 4102 205 4148 11.
833 4096 868 4150 26
