2528 4514
222 244 287 309 324
481 253 598 309 LIBER
616 251 747 320 XXVII,
765 251 791 305 1.
811 254 850 320 [a.
859 251 998 321 mcdld]

221 435 339 500 paucos
371 411 438 476 dies
473 419 603 496 accepta
633 419 682 475 est
711 408 796 473 haud
826 406 937 492 procul
964 407 1118 474 Herdonea
1138 407 1188 473 ube
1228 472 1230 483 Α

185 529 204 576 4
222 516 324 572 castra
341 504 385 570 ibi
404 503 464 570 On.
481 503 615 569 Fulvius
633 499 802 590 proconsul
824 499 963 567 habebat
985 525 1041 588 spe
1055 501 1188 588 recipienda

221 601 424 677 Herdoneae,
451 620 532 682 quae
558 608 631 685 post
657 596 858 662 Cannensem
885 595 1010 661 cladem
1035 596 1073 662 ab
1093 595 1187 662 Ronan't

222 693 393 771 defecerat,
411 715 470 757 nec
486 693 556 757 loco
575 692 650 757 satis
669 700 737 756 tuto
753 690 858 776 posita
870 712 931 755 nee
943 690 1186 776 praesidiisfirmt
1228 728 1230 735 ·

188 811 204 857 5
222 787 454 874 neglegentiam
472 786 598 852 insitam
615 785 742 872 ingenio
761 784 851 849 ducis
863 783 1004 871 augebat
1017 806 1085 872 spes
1095 806 1130 861 co,
1141 778 1185 867 qul
1215 794 1220 809 '

222 883 328 949 labare
354 882 393 946 iis
420 881 572 949 adversus
589 879 735 949 Poenum
760 879 856 943 fidem
882 889 1060 958 senserant,
1081 887 1184 966 potum
1221 914 1230 954 a

224 974 353 1061 Salapia
370 975 487 1040 amissa
503 974 679 1040 excessisse
696 973 736 1038 iis
752 973 831 1038 locis
847 969 1184 1040 inBruttiosHannilsl!
1215 1004 1230 1066 g

190 1070 364 1140 cauditum
382 1078 439 1135 est.
476 1091 514 1133 ea
531 1068 636 1134 omnia
653 1067 694 1133 ab
707 1066 880 1133 Herdonea
895 1089 955 1154 per
971 1062 1182 1133 occultoannd'u
1228 1082 1230 1092 ·

222 1163 326 1229 delata
342 1161 517 1229 Hannibali
538 1161 632 1229 simul
654 1184 762 1228 curam
784 1160 889 1226 sociae
910 1162 1087 1231 retinendae
1103 1157 1183 1225 aaut
1212 1210 1230 1247 .·

224 1279 313 1343 spem
331 1258 435 1323 fecere
456 1257 617 1323 incautum
637 1255 762 1323 hostem
784 1254 1000 1342 adgrediendi.
1044 1252 1184 1323 exercitus⁸

223 1352 343 1437 pedito,
361 1352 407 1416 ita
422 1361 458 1415 ut
475 1351 593 1416 samam
609 1370 708 1436 prope
725 1349 931 1436 praeveniret,
948 1350 1072 1438 magnis
1084 1341 1184 1415 iuml·
1223 1362 1230 1422 ᾗ

223 1447 264 1511 ad
281 1444 486 1511 Herdoneam
508 1445 667 1510 contendit
688 1453 734 1523 et,
761 1466 824 1528 quo
841 1442 913 1529 plus
937 1445 1061 1510 terroris
1079 1434 1184 1508 boniol·
1211 1454 1214 1463 ’

191 1562 205 1607 ⁷
225 1549 321 1619 ceret,
341 1541 407 1605 acie
425 1539 578 1605 instructa
595 1539 738 1604 accessit.
765 1538 833 1627 pari
847 1538 980 1605 audacia
989 1539 1136 1615 Romanus,
1170 1532 1181 1609 ,’

225 1634 294 1699 silio
321 1644 352 1700 et
377 1633 496 1699 viribus
526 1634 647 1720 impar,
681 1632 779 1721 copiis
809 1632 924 1719 raptim
954 1632 1072 1701 eductis
1096 1620 1184 1696 condi

190 1746 206 1794 8
224 1729 333 1812 quinta
350 1727 433 1814 legio
451 1736 483 1792 et
500 1727 626 1795 sinistra
642 1727 692 1792 ala
708 1727 820 1793 acriter
837 1749 980 1814 pugnam
992 1727 1121 1797 micon
1142 1724 1186 1801 οὐ,

223 1844 294 1886 rum
311 1820 474 1886 Hannibal
500 1822 592 1907 signo
618 1820 776 1905 equitibus
802 1821 890 1899 dato,
918 1830 968 1898 ut,
995 1843 1066 1887 curn
1175 1902 1178 1911 Ι

224 1915 308 1981 acies
331 1926 538 2001 occupassent
559 1914 716 2002 praesenti
738 1915 907 1981 certamine
929 1915 1038 1982 oculos
1058 1914 1184 1991 stimat!
1222 1923 1230 1935 '

225 2009 424 2075 circumvecti
441 2032 514 2097 pars
528 2019 631 2075 castra
642 2009 795 2089 hostium,
812 2031 886 2095 pars
899 2017 990 2097 terga
1002 1998 1185 2095 necopinat-
1208 2078 1227 2093 Η

192 2123 206 2171 9
225 2102 421 2182 invaderent,
439 2103 507 2189 ipse
525 2102 558 2167 in
571 2101 666 2169 Fulvi
684 2102 919 2169 similitudinem
936 2104 1082 2183 nominis,
1096 2086 1184 2198 quial*
1209 2180 1212 2187 Ι

224 2196 373 2262 Fulvium
390 2207 566 2282 praetorem
583 2196 710 2263 biennio
728 2206 799 2262 ante
820 2197 854 2261 in
870 2198 973 2262 isdem
992 2188 1184 2264 deviceratltfl·
1218 2206 1230 2266 i

175 2311 207 2358 10
224 2293 404 2377 increpans,
425 2291 559 2356 similem
577 2303 724 2356 eventum
740 2313 866 2378 pugnae
884 2291 953 2357 fore
971 2289 1139 2357 adfirmabat
1157 2294 1186 2342 st
1210 2372 1217 2382 λ

225 2408 286 2470 que
305 2409 342 2451 ea
360 2408 433 2471 spes
451 2409 534 2451 vana
551 2385 610 2449 mit
616 2410 626 2464 3
653 2409 726 2452 nam
745 2408 817 2451 cum
836 2387 1012 2453 comminus
1035 2387 1094 2452 acie
1109 2366 1185 2462 etp*
1213 2446 1220 2455 ,

224 2491 291 2545 tum
322 2480 491 2545 certamine
522 2479 612 2545 multi
643 2479 829 2545 cecidissent
858 2478 1088 2559 Romanorum,
1121 2462 1186 2541 affl
1218 2512 1230 2550 -r

174 2592 204 2640 11
226 2585 332 2640 tamen
348 2575 473 2639 ordines
488 2574 654 2660 signaque,
674 2575 828 2658 equestris
841 2575 994 2643 tumultus
1008 2599 1028 2641 a
1040 2587 1125 2660 tergo,
1136 2548 1186 2631 fid
1210 2583 1230 2644 n?

225 2692 244 2733 a
265 2670 376 2734 castris
402 2669 521 2734 clamor
546 2669 669 2734 hostilis
696 2670 821 2734 audrtus
849 2680 971 2735 sextam
994 2681 1064 2736 ante
1082 2664 1184 2752 legino
1213 2676 1219 2685 “

224 2783 305 2842 quae
331 2763 363 2824 in
392 2763 530 2827 secunda
555 2763 622 2827 acie
647 2763 750 2847 posita
775 2763 860 2847 prior
888 2762 928 2828 ab
954 2763 1094 2828 Numidis
1117 2748 1186 2821 llll*
1217 2841 1223 2849 Ι

225 2862 287 2930 est,
313 2854 454 2937 quintam
477 2857 589 2920 deinde
612 2866 706 2939 atque
728 2878 783 2921 eos
805 2857 860 2941 qui
881 2857 922 2921 ad
939 2858 1043 2943 prima
1059 2840 1187 2943 signari,
1226 2868 1230 2877 ·

174 2969 205 3017 12
225 2949 344 3012 avertit.
388 2971 461 3034 pars
483 2950 516 3013 in
538 2951 648 3037 fugam
671 2950 779 3028 effusi,
805 2972 879 3036 pars
901 2952 935 3014 in
953 2953 1057 3018 medic
1073 2926 1188 3019 caesis*

225 3051 256 3106 et
272 3041 341 3127 ipse
352 3041 411 3107 Cn.
421 3042 554 3108 Fulvius
573 3067 645 3108 cum
663 3044 810 3108 undecim
828 3044 961 3110 tribrmia
980 3046 1107 3110 militum
1121 3022 1188 3104 effi
1225 3053 1230 3064 ‘

174 3155 204 3204 13
223 3136 437 3202 Romanorum
462 3138 679 3222 sociorumque
701 3148 777 3222 quot
800 3159 892 3205 caesa
912 3139 947 3203 in
969 3162 1008 3206 eo
1029 3114 1190 3228 proelium?
1214 3144 1219 3155 ’

226 3231 302 3308 sint,
329 3231 400 3315 quia
422 3255 479 3318 pro
502 3241 586 3297 certo
609 3233 764 3309 adfirmet,
793 3254 864 3297 cum
887 3235 1038 3299 tredecim
1059 3232 1133 3299 milia
1147 3212 1190 3288 ὣ
1215 3235 1230 3293 i

173 3337 206 3384 14
224 3324 299 3389 alibi
316 3324 379 3388 hau
395 3325 467 3410 plus
486 3347 582 3409 quam
600 3335 720 3411 septem
737 3326 914 3391 inveniam?
946 3328 1059 3394 castris
1074 3318 1191 3414 praed?
1218 3354 1230 3395 s

223 3418 323 3482 victor
339 3420 466 3503 potitur.
510 3420 714 3485 Herdoneam
736 3421 812 3504 quia
833 3430 864 3487 et
886 3420 1080 3489 defecturam
1095 3392 1193 3486 fuitttd

223 3512 384 3578 Romanos
403 3515 554 3600 comperit
571 3536 630 3579 nec
647 3538 828 3581 mansuram
845 3517 879 3580 in
894 3516 973 3594 fide,
993 3518 1021 3584 si
1038 3517 1107 3582 inde
1121 3510 1194 3579 siff

225 3608 331 3686 sisset,
350 3609 547 3674 multitudine
565 3610 650 3674 omui
663 3610 884 3696 Metapontum
902 3634 941 3676 ac
958 3598 1195 3677 Tamicensis*

223 3703 374 3782 incendit3
400 3705 515 3769 occidit
531 3705 702 3790 principes,
720 3706 776 3789 qui
795 3728 867 3771 cum
885 3706 1002 3772 Fuluio
1018 3700 1196 3788 contoque

175 3816 206 3862 15
225 3796 309 3862 culta
332 3797 482 3864 habuisse
512 3800 663 3885 comperti
694 3809 777 3864 sunt.
831 3799 987 3879 Romani,
1022 3800 1076 3886 qui
1098 3822 1133 3864 ex
1150 3788 1198 3855 θ’

224 3889 313 3955 clade
339 3904 515 3972 evaserant,
551 3894 684 3959 dirersis
710 3895 876 3961 itineribus
902 3918 1071 3961 semermes
1094 3893 1130 3959 ad
1147 3880 1198 3951 llw

225 3983 337 4050 cellum
355 3989 515 4054 considam
533 3988 565 4052 in
586 3985 750 4053 Samnium
767 3990 984 4077 perfugerant
