2528 4514
144 253 210 322 384
379 262 496 319 LIBER
513 261 654 332 XXVIII,
672 262 698 317 1.
711 263 738 317 2.
757 263 944 333 [anam]

143 434 270 510 partum
286 432 350 499 est,
373 441 447 485 cum
463 420 574 485 decem
591 419 716 485 circiter
731 418 821 485 milia
837 420 881 485 ab
903 419 996 487 hoste
1016 421 1137 500 abesses,

145 519 220 584 bina
237 527 342 582 castra
362 516 446 580 eirca
466 514 552 580 viam
573 537 636 599 qua
655 515 739 580 irem
759 537 847 580 esser
873 515 970 582 laeva
987 515 1139 595 celtibera

147 635 266 678 novum
287 608 476 689 exercitum,
504 632 600 696 supra
621 632 738 675 novem
758 608 847 675 milia
863 609 1044 691 hominum,
1063 612 1141 679 dext!

111 725 129 773 8
145 706 269 772 Punica
286 716 393 771 tenere
410 714 524 770 castra.
560 726 599 769 ea
616 703 820 783 stationibus,
838 703 976 791 vigiliis,
994 705 1075 772 omni
1086 705 1142 771 un

146 799 274 867 militari
295 797 440 864 custodia
456 809 525 863 tuta
542 809 575 863 et
590 797 683 863 firma
699 820 787 875 esse,
809 797 867 863 illa
884 799 989 865 altera
1005 800 1143 866 munus

145 895 326 978 gleotaque,
344 904 380 957 ut
391 892 599 957 barbarorum
610 900 644 956 et
660 891 799 957 tironum
816 902 848 957 et
864 892 976 958 minus
993 893 1140 969 timentim

111 1006 127 1054 a
147 989 232 1073 quod
247 988 283 1053 in
300 1010 358 1053 sua
375 996 458 1052 terra
475 998 593 1052 essent.
628 1008 668 1051 ea
682 986 771 1074 prius
790 986 1012 1073 adgredienda
1027 982 1141 1055 ratusffi·

144 1085 237 1149 lanus
256 1082 349 1169 signa
366 1103 462 1165 quam
482 1079 620 1147 maxime
637 1079 680 1144 ad
695 1080 821 1146 laevam
836 1080 974 1149 iubebat
990 1080 1074 1160 ferri,
1092 1099 1141 1145 nst·

145 1178 230 1244 unde
248 1179 289 1243 ab
307 1175 494 1242 stationibus
511 1173 643 1239 Punicis
661 1174 912 1260 conspiceretnr3
939 1175 1013 1262 ipse
1027 1170 1141 1262 praesit·

148 1272 192 1337 sis
211 1269 460 1357 speculatoribus
479 1268 574 1335 citato
591 1267 719 1354 agmine
736 1267 778 1332 ad
795 1268 924 1334 hostem
940 1269 1053 1358 pergit

112 1384 126 1428 1
209 1366 257 1431 H.
288 1363 366 1429 Tria
382 1363 470 1427 milia
487 1363 587 1428 ferme
606 1363 728 1440 aberat,
747 1383 820 1427 curn
833 1363 1002 1428 hauddum
1014 1363 1139 1449 quisqu!

146 1459 285 1526 hostium
299 1468 456 1525 senserat:
475 1457 666 1543 confragosa
678 1455 750 1522 loca
763 1467 795 1521 et
812 1456 910 1522 obsiti
927 1456 1067 1544 virgultis

111 1568 127 1615 2
145 1555 224 1620 bant
244 1553 351 1619 colles.
394 1551 441 1617 ibi
460 1550 494 1615 in
512 1573 592 1616 cava
612 1550 694 1617 valle
718 1562 813 1635 atque
834 1551 878 1616 ob
901 1551 936 1616 id
959 1551 1074 1619 occulta
1087 1568 1133 1613 cte
1158 1570 1161 1578 ·

146 1649 249 1713 sidere
266 1646 400 1711 militem
416 1656 449 1711 et
466 1645 573 1710 cibum
594 1666 708 1731 capere
728 1644 827 1711 iubet.
874 1643 941 1733 [ut]
966 1670 983 1713 s

111 1759 128 1805 3
148 1742 385 1827 transfugarum
402 1739 487 1804 dicta
505 1739 708 1804 adfirmantes
722 1752 892 1819 venerunt,
911 1751 982 1805 turn
998 1733 1118 1806 sarcinis

146 1835 286 1900 medium
308 1833 459 1900 coniectis
483 1856 571 1897 arma
586 1831 725 1898 Romani
746 1833 876 1920 capiunt
898 1835 1028 1919 acieque
1041 1826 1116 1897 iura·
1148 1869 1161 1881 η

144 1951 287 2016 pugnam
313 1928 442 1992 vadunt.
487 1927 573 1993 mille
598 1931 731 2013 passum
755 1927 903 2005 aberant,
930 1950 1005 1993 oum
1024 1928 1059 1993 ab
1148 1922 1161 1951 ³

146 2022 307 2108 conspecti
330 2032 418 2098 sunt,
441 2020 653 2106 trepidarique
674 2032 804 2107 repente
823 2032 985 2108 coeptum.
1026 2018 1161 2103 ethin

146 2141 186 2181 ex
208 2116 320 2181 eastris
343 2116 438 2181 citato
458 2138 539 2198 equo
558 2116 599 2180 ad
615 2116 752 2202 primum
769 2116 944 2183 clamorem
962 2129 995 2183 et
1010 2113 1125 2183 tunultu
1145 2124 1148 2133 ’

109 2227 128 2272 4
146 2210 320 2276 advehitur.
366 2221 455 2275 erant
485 2210 519 2274 in
546 2206 707 2276 Celtibero
739 2210 880 2275 exercitu
912 2223 1054 2295 quattuor
1077 2202 1127 2273 nd·
1151 2223 1153 2231 '

146 2316 268 2370 scutata
286 2315 318 2370 et
335 2304 463 2369 ducenti
481 2304 602 2388 equites
608 2330 617 2382 3
641 2303 723 2368 hanc
740 2304 858 2369 iustam
875 2305 1036 2392 legionem
1049 2343 1070 2353 -
1083 2294 1128 2367 eti
1156 2320 1161 2382 ζ

144 2401 245 2464 ferme
265 2399 388 2464 roboris
407 2409 517 2463 erat-
534 2399 568 2462 in
584 2399 689 2486 prima
705 2398 771 2464 acie
789 2399 890 2478 locat,
914 2412 1050 2479 ceteros,
1067 2399 1130 2464 lea

108 2510 126 2556 5
146 2506 351 2571 armaturam,
368 2494 403 2559 in
416 2493 555 2559 subsidis
569 2494 685 2579 posuit.
721 2515 793 2559 eum
809 2494 855 2559 ita
871 2494 1046 2563 instructos
1061 2493 1132 2561 editt
1155 2574 1157 2579 Ι

144 2600 194 2655 ret
214 2612 232 2654 e
256 2588 382 2666 castris,
409 2589 540 2652 vixdum
562 2587 596 2652 in
613 2611 761 2676 egressos
780 2589 864 2655 vaIIo
884 2613 943 2657 eos
961 2584 1135 2674 Romania}
1157 2622 1161 2659 .·

111 2698 127 2744 6
147 2685 358 2749 coniecerunt.
403 2678 728 2770 subsidunfflispani
746 2685 901 2751 adversus
920 2690 1042 2755 emissa
1056 2679 1137 2753 tels&

145 2777 252 2854 hoste,
274 2777 348 2841 inde
371 2778 412 2841 ad
433 2778 587 2842 mittenda
603 2778 666 2864 ipsi
683 2791 894 2866 consurgunt:
922 2802 1010 2866 quae
1027 2776 1139 2848 cumb

146 2870 231 2934 mani
249 2870 396 2948 conferti,
414 2882 450 2937 ut
464 2871 580 2949 solent,
599 2873 739 2937 densatis
759 2873 967 2959 excepissent
986 2879 1141 2954 sentiatur

145 2985 203 3048 pes
234 2985 307 3028 curn
337 2965 419 3050 pede
445 2966 588 3030 conlatus
615 2977 647 3031 et
673 2966 776 3055 gladis
802 2968 872 3053 geri
897 2992 955 3036 res
986 2982 1090 3058 coepta
1107 2974 1141 3031 at

111 3068 286 3123 coeterum
309 3058 463 3144 asperitas
485 3060 627 3125 locorum
651 3056 833 3137 Celtiberis,
863 3062 986 3146 quibus
1007 3067 1041 3131 in
1060 3058 1142 3152 proti·

146 3174 333 3217 concursare
346 3176 415 3218 mos
430 3165 494 3231 est,
512 3154 710 3219 velocitatem
724 3155 868 3219 inutilem
887 3157 1032 3227 faciebat
1047 3171 1076 3226 et
1088 3148 1143 3221 hat

112 3259 128 3307 8
146 3247 254 3331 iniqua
271 3248 383 3312 eadem
400 3259 468 3314 erat
484 3248 638 3315 Romanis
661 3248 765 3313 stabili
786 3272 916 3336 pugnae
942 3254 1091 3331 adsuetis,
1106 3242 1143 3315 u'uf

147 3341 232 3424 quod
258 3341 423 3427 angustiae
446 3353 478 3407 et
499 3343 656 3408 internata
676 3343 813 3432 virgulta
835 3345 971 3414 ordines
995 3347 1144 3415 difimebn

146 3446 179 3499 et
200 3435 316 3522 singuli
338 3435 467 3520 binique
490 3437 578 3502 velut
600 3459 672 3502 cum
693 3438 822 3524 paribus
845 3460 1022 3510 conserere
1041 3456 1144 3531 pugnat

112 3544 126 3591 9
147 3530 349 3615 cogebantur.
395 3531 480 3615 quod
503 3532 544 3596 ad
561 3532 671 3618 sugam
688 3532 917 3618 impedimento
938 3536 1081 3604 hostibus
1094 3542 1144 3601 etti

95 3639 127 3686 10
145 3623 179 3687 id
196 3623 237 3687 ad
255 3625 385 3688 caedem
403 3648 457 3690 eos
476 3625 563 3690 velut
581 3626 703 3692 vinctos
721 3627 906 3712 praebebat.
950 3629 1144 3697 etiamtum

145 3717 290 3782 omnibus
314 3719 444 3783 scutatis
463 3717 696 3786 Celtiberorum
717 3721 894 3787 interfectis
916 3722 1003 3792 levis
1024 3730 1145 3790 armam

145 3825 176 3876 et
195 3808 490 3899 Carthaginienses,
514 3815 626 3899 quiex
648 3815 755 3880 alteris
779 3816 893 3882 castris
916 3819 1062 3885 subsidio
1080 3830 1144 3880 rme

94 3920 125 3967 11
144 3916 228 3982 rant,
251 3907 389 3991 perculsi
407 3908 629 3974 caedebantur.
674 3910 736 3974 duo
759 3907 845 3974 haud
863 3912 1005 3997 amplias
1021 3911 1098 3978 milia
1108 3924 1144 3991 pt

146 3996 244 4063 ditum
266 4012 298 4065 et
319 4002 477 4084 equitatus
500 4003 604 4069 omnis
627 4003 682 4069 vix
703 4003 781 4069 inito
803 4005 925 4091 proelio
946 4029 1021 4073 eum
1034 4005 1142 4088 Mago¹⁰
