2528 4530
268 216 387 276 amsa
402 217 654 290 xxmr,1o.11.
674 223 712 290 [a
722 218 753 277 c.
761 219 820 277 215.
830 221 895 292 arr]
1040 213 1105 280 175

83 393 219 469 stagnum
236 378 374 445 effusum
382 376 503 443 Mincio
518 377 603 443 amni
616 388 779 444 cruentum
792 379 912 461 visum3
930 391 961 446 et
971 380 1103 450 Calibus

85 487 155 543 creta
172 485 204 542 et
220 474 344 540 Romae
365 473 400 538 in
419 473 489 540 foro
506 471 636 540 bovario
659 473 812 562 sanguine
834 473 989 561 pluvisse3
1015 488 1047 544 et
1069 478 1103 546 in
1120 497 1136 545 8

86 573 141 637 rico
154 571 277 638 Insteio
294 569 415 635 fontem
433 566 493 634 sub
511 579 625 634 terram
642 577 730 635 tanta
747 570 779 635 vi
796 591 949 654 aquarum
962 571 1102 651 fluxisse,

88 678 113 731 rt
126 667 221 732 serias
239 664 400 748 doliaque,
418 686 499 749 quae
517 663 550 727 in
567 686 605 729 eo
622 664 693 730 loco
710 675 813 743 erant,
835 665 1001 752 provoluta
1018 669 1105 735 velut

89 761 206 847 impetus
224 757 370 825 torrentis
393 758 511 837 tulerit3
538 767 622 824 tacta
639 757 679 824 dc
701 758 788 824 caelo
811 759 925 825 atrium
941 761 1103 847 publicum
1122 778 1137 826 9

88 855 293 942 inOapitolio,
321 854 432 920 aedem
453 854 486 918 in
509 875 621 941 campo
638 853 788 931 Vulcani,
815 853 967 923 Vacunae
988 857 1022 924 in
1045 855 1105 925 Sa-

89 949 165 1029 binis,
191 949 416 1036 publicamque
433 948 518 1014 viam
536 971 660 1014 murum
679 971 716 1015 ac
732 957 856 1034 portam
874 947 997 1018 Gabiis.
1040 952 1104 1021 iam
1123 968 1157 1015 10

89 1045 135 1112 lia
149 1045 279 1132 vulgata
295 1043 448 1109 miracula
465 1053 567 1110 erant:
586 1043 711 1109 hastam
727 1042 843 1109 Martis
855 1043 1028 1113 Praeneste
1046 1072 1105 1117 sua

89 1149 184 1226 sponte
200 1148 392 1226 promotam3
410 1137 525 1204 bovem
542 1139 576 1203 in
595 1135 704 1204 Sicilia
719 1136 875 1217 locutum3
901 1139 1055 1208 infantem
1071 1143 1104 1208 in

87 1245 159 1300 utero
183 1233 293 1299 matris
320 1232 354 1298 in
379 1231 569 1298 Marrucinis
594 1232 638 1298 ‘io
665 1232 834 1319 triumphe’
860 1232 1029 1315 clamasse3
1065 1258 1106 1304 ex

87 1329 198 1395 muliere
208 1326 333 1415 Spoleti
350 1327 453 1392 virum
470 1326 605 1406 factum3
622 1326 764 1394 Hadriae
782 1350 869 1393 aram
886 1327 920 1393 in
933 1327 1020 1395 caelo
1034 1353 1105 1416 spe-

88 1425 196 1510 ciesque
222 1423 386 1488 hominum
412 1423 530 1488 circum
558 1445 628 1488 eam
655 1445 727 1487 cum
749 1422 884 1488 candida
905 1433 993 1488 veste
1019 1425 1105 1492 visas

66 1558 70 1567 ·
89 1540 152 1584 esse.
186 1519 264 1603 quin
281 1517 403 1582 Romae
421 1539 546 1601 quoque
564 1517 597 1581 in
614 1517 684 1603 ipsa
701 1515 792 1595 urbe,
816 1517 990 1584 secundum
1007 1542 1105 1606 apum
1124 1535 1153 1582 11

91 1634 203 1678 examen
216 1612 250 1676 in
263 1610 333 1677 foro
346 1611 451 1676 visum
465 1610 565 1694 (quod
578 1610 719 1677 mirabile
732 1619 781 1678 est
785 1659 795 1690 ,
814 1611 889 1695 quia
901 1613 1031 1699 rarum),
1050 1614 1105 1680 ad·

66 1710 70 1785 l
91 1705 229 1773 &mantes
248 1706 390 1789 quidam,
412 1705 555 1793 legiones
574 1727 608 1771 se
626 1716 761 1772 armatas
778 1706 811 1770 in
828 1706 970 1773 Ianiculo
988 1708 1104 1788 videre,

66 1792 306 1868 'arctaverunt
332 1801 491 1866 civitatem
517 1800 557 1865 ad
584 1823 688 1879 arma,
725 1823 797 1866 cum
823 1801 878 1888 qui
903 1802 936 1866 in
962 1802 1105 1868 Ianiculo

73 1908 177 1963 'essent
201 1905 371 1984 negarent,
407 1917 597 1980 quemquam
623 1895 668 1962 ibi
687 1906 816 1982 praeter
840 1896 989 1964 adsuetos
1016 1897 1104 1964 collis

94 1990 143 2058 eius
159 1992 292 2057 cultores
310 1989 503 2076 adparuisse.
544 1989 623 2056 haec
639 1990 785 2078 prodigia
801 1989 914 2057 hostiis
932 1990 1103 2058 maioribus
1123 2005 1156 2052 12

95 2096 236 2170 procurata
267 2095 341 2151 sunt
371 2106 412 2150 ex
444 2083 647 2170 haruspicum
673 2107 827 2172 responso
859 2095 890 2151 et
918 2085 1104 2172 supplicatio

96 2180 217 2246 unibus
254 2179 336 2256 deis,
372 2200 506 2262 quorum
539 2178 715 2264 pulvinaria
744 2178 867 2244 Romae
902 2189 1022 2257 essent,
1057 2179 1106 2244 in-

98 2271 159 2339 dicta
174 2284 230 2339 est.

140 2367 198 2433 XI.
234 2367 428 2453 Perpetratis
446 2388 527 2451 quae
545 2365 586 2431 ad
603 2387 715 2453 pacem
733 2364 828 2432 deum
839 2364 1046 2451 pertinebant,
1065 2366 1105 2432 de
1125 2382 1138 2428 1

98 2461 248 2548 republica
266 2460 411 2545 belloque
432 2459 572 2546 gerendo
596 2469 627 2525 et
649 2467 801 2543 quantum
819 2458 980 2545 copiarum
1002 2467 1034 2523 et
1050 2458 1106 2525 ubi

66 2586 73 2653 ιΙ
98 2572 214 2642 quaeque
232 2566 353 2634 essent,
372 2555 517 2621 consules
535 2554 576 2619 ad
596 2563 739 2620 senatum
756 2553 950 2619 rettulerunt.
987 2552 1106 2619 duode-
1124 2567 1140 2614 2
1232 2549 1237 2557 ’

66 2662 70 2723 ὲ
98 2647 183 2735 dginti
199 2648 378 2738 legionibus
396 2649 514 2715 bellum
531 2647 599 2735 geri
617 2647 748 2734 placuit:
771 2647 861 2714 binas
881 2647 1026 2713 consules
1045 2647 1106 2714 sibi

66 2748 73 2805 ἓ
98 2761 209 2825 umere,
227 2744 311 2810 binis
331 2740 468 2811 Galbam
488 2740 692 2828 Siciliamque
710 2764 747 2808 ao
766 2739 945 2809 Sardiniam
963 2742 1105 2822 obtineri,

99 2832 194 2906 duabus
214 2837 255 2922 Q.
274 2838 411 2905 Fabium
432 2847 609 2924 praetorem
630 2836 782 2924 Apuliae,
809 2836 933 2904 duabus
955 2836 1106 2904 volonum

66 2934 70 2955 '
100 2925 131 2996 tl
147 2930 322 3001 Gracchum
345 2933 429 2999 circa
444 2932 615 2998 Luceriam
636 2953 797 3019 praeesse,
825 2932 966 3020 singulas
985 2931 1025 3000 O.
1043 2932 1140 2999 Te-tr

66 3052 69 3057 ·
99 3027 172 3095 rato
195 3027 377 3116 proconsuli
403 3027 444 3093 ad
465 3026 620 3094 Picenum
641 3035 674 3093 et
693 3025 741 3092 M.
759 3024 887 3093 Valerio
909 3027 951 3092 ad
972 3025 1107 3094 classem

101 3116 160 3188 drea
173 3122 380 3190 Brundisium
396 3120 544 3206 relinqui,
567 3121 648 3187 duas
666 3119 737 3186 urbi
753 3120 911 3206 praesidio
929 3142 1009 3186 esse.
1054 3118 1142 3185 hics

66 3270 68 3275 -
104 3221 273 3286 dumerus
291 3218 453 3306 legionum
467 3217 653 3304 expleretur,
673 3239 729 3282 sex
742 3238 842 3282 novae
859 3216 1001 3303 legiones
1019 3225 1107 3280 erant

107 3309 266 3380 madae.
303 3337 356 3378 eas
374 3313 476 3400 primo
493 3334 620 3398 quoque
637 3320 778 3398 tempore
800 3311 946 3377 consules
970 3308 1107 3377 scribere

66 3422 68 3433 ·
104 3395 158 3471 insi
175 3419 206 3474 et
226 3409 362 3474 classem
383 3431 508 3495 parare,
540 3417 576 3474 ut
597 3430 670 3473 oum
692 3406 737 3472 eis
760 3405 911 3483 navibus,
943 3426 1023 3489 quae
1049 3420 1142 3493 proo
1210 3447 1211 3450 =

105 3490 240 3571 dabbriae
266 3503 410 3570 litoribus
436 3504 469 3570 in
496 3502 629 3569 statione
657 3510 775 3581 essent,
803 3510 927 3567 centum
953 3499 1107 3584 quinqua
1205 3574 1208 3578 ⁴

104 3589 167 3674 ginta
180 3598 346 3688 longarum
360 3599 471 3665 classis
489 3599 617 3664 navium
631 3620 669 3664 eo
682 3619 764 3663 anno
779 3595 963 3682 expleretur.
990 3594 1107 3659 dilectu
1126 3611 1142 3658 e

104 3678 185 3757 blito
201 3703 232 3758 et
249 3703 375 3760 centum
392 3694 526 3760 navibus
539 3693 630 3760 novis
645 3690 786 3758 deductis
796 3689 837 3772 Q.
847 3688 966 3756 Fabius
981 3687 1107 3754 comitia
1219 3722 1220 3726 ¹

106 3787 257 3855 omnbus
275 3788 417 3855 creandis
440 3788 565 3855 habuit:
593 3787 689 3854 creati
710 3784 758 3850 M.
776 3783 896 3850 Atilius
913 3783 1057 3870 Regulus
1076 3791 1107 3848 et

66 3890 71 3945 t
106 3863 250 3950 Pierius
268 3883 390 3949 Philus.

153 3961 226 4034 (lum
250 3969 495 4038 increbresceret
519 3992 643 4049 rumor,
680 3968 798 4035 bellum
829 3968 862 4032 in
889 3963 998 4033 Sicilia
1025 3985 1140 4044 esser
