2528 4530
304 109 686 181 nrssnaxxv1r,4a4r.
706 111 857 181 [assor]
1035 102 1098 166 377

79 270 159 348 dies,
195 278 321 356 tompus
350 290 478 355 pugnae
510 264 706 346 differretur3
750 268 835 334 Nero
869 291 934 335 non
966 271 1133 340 suaderes

76 365 180 443 modo,
200 365 258 429 sed
276 386 401 429 summa
418 384 478 449 ope
496 384 586 429 orare
603 361 730 441 institit,
752 386 794 429 ne
813 363 978 430 consilium
996 389 1098 444 suum,

75 456 158 543 quod
181 468 286 522 tutum
307 455 450 522 celeritas
478 455 620 535 fecisset,
652 457 853 522 temerarium
877 460 1030 526 morando
1052 460 1100 524 fa

74 562 194 618 carent:
229 573 349 629 errore,
375 551 430 635 qui
456 572 521 616 non
544 550 709 616 diuturnus
736 550 861 617 futurus
887 564 986 632 esset,
1013 554 1134 623 veluto

73 657 248 734 torpentem
265 644 480 710 Hannibalem
505 666 565 710 neo
591 656 696 710 castra
718 667 776 709 sua
798 646 866 711 sine
889 647 969 713 duce
991 647 1101 713 relicta

73 740 204 828 adgredi
219 761 280 805 nec
298 739 339 804 ad
357 739 552 823 sequendum
570 761 605 803 se
624 739 683 802 itcr
700 738 885 805 intendisse.
931 752 1100 826 antequam

74 856 107 900 se
123 844 266 912 moveat,
293 833 391 898 deleri
409 831 581 898 exercitum
597 832 811 897 Hasdrubalis
829 856 925 919 posse
941 836 1100 920 redirique

73 927 106 994 in
120 928 285 1018 Apuliam.
330 927 384 1010 qui
405 927 591 1012 prolatando
615 926 751 1013 spatium
772 927 857 992 hosti
879 928 946 1004 det,
974 951 1047 993 eum
1069 941 1101 995 et
1120 952 1154 999 10

74 1021 127 1087 illa
147 1031 254 1087 castra
275 1021 408 1108 prodere
426 1020 601 1085 Hannibali
624 1031 656 1085 et
677 1020 799 1106 aperire
820 1020 854 1085 in
872 1019 1010 1087 Galliam
1031 1023 1099 1102 itar,

74 1126 108 1181 nt
129 1138 189 1202 per
213 1115 326 1192 otium,
353 1113 409 1178 ubi
434 1112 524 1192 uelit,
551 1111 748 1179 Hasdrubali
774 1114 992 1202 coniungatur.
1045 1137 1100 1181 ex·
1119 1140 1149 1187 11

75 1210 190 1297 templo
208 1208 336 1296 signum
353 1208 492 1273 dandum
510 1218 542 1272 et
559 1209 698 1273 eundum
715 1208 748 1272 in
771 1209 870 1274 aciem
893 1210 1102 1275 abutendum-

75 1326 133 1390 que
150 1326 255 1369 errore
274 1301 412 1368 hostiurn
434 1300 613 1367 absentium
633 1303 924 1389 praesentiumque,
952 1304 1028 1368 dum
1044 1327 1102 1371 ne-

75 1420 133 1483 qne
157 1397 205 1462 illi
227 1396 329 1462 sciant
355 1417 427 1461 curn
448 1394 649 1482 paucioribus
672 1417 732 1462 neo
754 1395 787 1460 hi
813 1417 887 1461 cum
907 1398 1051 1484 pluribus
1069 1409 1102 1464 et

74 1491 277 1558 validioribus
298 1512 366 1555 rem
388 1511 470 1555 csse.
515 1488 646 1554 consilio
671 1489 801 1555 dimisso
824 1490 951 1577 signum
973 1514 1100 1578 pugnae
1121 1513 1153 1560 12

73 1585 271 1673 proponitur,
289 1583 520 1668 confestimque
537 1583 571 1647 in
589 1583 689 1648 aciem
705 1585 891 1671 procedunt.

133 1676 362 1746 XXXXVII.
388 1679 458 1743 Iam
475 1680 583 1744 hostes
603 1689 675 1743 ante
689 1690 794 1744 castra
806 1679 950 1744 instructi
965 1680 1100 1746 stabant.
1121 1703 1134 1749 1

72 1796 193 1841 moram
213 1794 340 1860 pugnae
363 1772 480 1850 attulit,
507 1773 593 1856 quod
610 1773 811 1852 Hasdrubal,
837 1785 1006 1861 provectus
1029 1786 1102 1840 ante

72 1867 164 1955 signa
181 1888 254 1932 oum
270 1866 379 1953 paucis
398 1865 570 1950 equitibus,
590 1878 681 1932 scuta
697 1878 806 1934 vetera
818 1866 956 1935 hostium
971 1868 1101 1947 notavit,

71 1982 152 2047 qnae
175 1971 248 2026 ante
268 1982 333 2026 uon
355 1960 492 2038 viderat,
520 1971 553 2026 et
571 1961 771 2047 strigosiores
794 1984 907 2045 equos,
934 1963 1101 2029 multitudo

71 2076 198 2141 quoquo
219 2054 320 2120 maior
341 2054 434 2121 solita
456 2054 525 2120 visa
547 2066 605 2120 est.
650 2055 829 2142 suspicatus
853 2057 937 2121 enim
962 2057 997 2121 id
1018 2059 1137 2141 quoda

70 2160 139 2217 erat
162 2147 304 2235 receptui
329 2171 463 2235 propere
489 2149 603 2214 cecinit
629 2171 666 2213 ac
692 2148 779 2214 misit
805 2150 845 2213 ad
874 2150 993 2215 flumen
1018 2152 1103 2216 unde

70 2244 283 2330 aquabantur,
308 2243 365 2308 ubi
381 2255 414 2308 et
431 2243 534 2331 excipi
552 2244 648 2327 aliqui
665 2253 798 2330 possent
819 2251 852 2307 et
867 2242 970 2309 notari
990 2243 1101 2322 oculis,

70 2338 194 2424 siquid
215 2338 296 2403 forte
318 2337 487 2403 adustioris
511 2338 624 2405 coloris
647 2348 684 2402 ut
705 2359 746 2402 ex
766 2336 886 2401 recenti
907 2336 960 2402 via
980 2347 1101 2414 essent3

70 2430 168 2499 simul
184 2430 377 2497 circumvehi
397 2433 507 2519 procul
531 2442 636 2496 castra
657 2431 745 2496 iubet
766 2428 999 2517 specularique,
1025 2450 1139 2496 numa

70 2537 201 2592 ancmm
221 2523 328 2610 aliqua
349 2536 437 2613 parte
461 2525 503 2590 sit
524 2525 657 2602 vallum,
684 2536 717 2590 et
738 2534 774 2588 ut
795 2525 977 2603 attendant,
1005 2525 1104 2590 semel

70 2619 164 2685 bisne
182 2618 309 2705 signum
326 2632 419 2685 canat
439 2619 473 2683 in
495 2618 617 2684 eastris.
654 2640 692 2684 ea
710 2640 783 2683 oum
799 2616 909 2684 ordine
932 2618 1038 2685 omnia
1054 2641 1104 2684 re-
1121 2639 1141 2686 4

68 2714 137 2780 lata
159 2724 281 2791 essent,
308 2724 413 2779 castra
434 2712 513 2778 nihil
534 2723 628 2778 aucta
648 2735 787 2779 errorem
812 2710 982 2781 faciebant.
1029 2713 1105 2779 bina

70 2816 177 2885 crant,
196 2805 278 2871 siout
295 2817 368 2872 ante
386 2807 557 2873 adventum
574 2807 714 2873 consulis
733 2804 861 2874 alterius
879 2807 1018 2886 fixerant,
1040 2830 1105 2872 una

68 2900 121 2968 M.
139 2900 242 2979 Livii,
264 2902 364 2967 altera
380 2902 422 2967 L.
439 2902 550 2980 Porci,
577 2902 698 2967 neutris
717 2901 901 2986 quicquam,
928 2924 991 2986 quo
1008 2900 1103 2966 latius

70 2997 268 3074 tenderetur,
295 2997 338 3060 ad
359 2995 554 3062 munimenta
576 2997 743 3062 adiectum.
788 2995 866 3060 illud
888 3006 1028 3060 veterem
1046 2994 1141 3062 du-t>

70 3112 146 3157 cem
170 3090 399 3175 adsuetumque
420 3090 566 3156 Romano
593 3090 678 3156 hosti
701 3088 815 3166 movit,
843 3090 929 3172 quod
952 3087 1050 3153 semel
1071 3089 1104 3153 in

69 3182 229 3273 praetoris
251 3184 363 3249 castris
385 3184 525 3270 signum,
553 3184 602 3250 bis
624 3183 658 3247 in
679 3181 898 3248 consularibus
924 3181 1105 3247 referebant

70 3276 238 3345 cecinisse.
274 3276 353 3343 duos
371 3279 514 3364 profecto
532 3277 679 3343 consules
699 3298 785 3353 esse,
804 3286 837 3340 et
854 3297 992 3359 quonam
1008 3276 1104 3342 modo

71 3370 155 3437 altar
172 3371 214 3436 ab
230 3370 413 3436 Hannibale
435 3370 660 3449 abscessisset,
687 3391 763 3436 cura
785 3370 931 3456 angebat.
975 3367 1104 3434 minime
1124 3389 1142 3437 o

69 3464 107 3531 id
133 3464 312 3549 quoderat
338 3464 492 3551 suspicari
518 3475 661 3552 poterat,
697 3474 803 3529 tantae
829 3462 875 3529 rei
901 3462 1104 3529 frustratione

71 3558 290 3625 Hannibalem
316 3560 454 3638 elusum,
481 3571 529 3638 ut,
555 3558 612 3625 ubi
638 3561 717 3636 dux,
743 3558 799 3624 ubi
827 3556 983 3624 exercitus
1009 3568 1105 3635 esset,

72 3674 148 3719 cum
173 3672 237 3737 quo
262 3664 368 3719 castra
397 3654 522 3719 conlata
547 3653 706 3731 habuerit,
737 3651 916 3739 ignoraret:
961 3651 1140 3739 profecto?

72 3746 161 3813 baud
191 3747 341 3813 mediocri
372 3748 462 3813 clade
497 3746 697 3815 absterritum
727 3745 852 3831 insequi
881 3768 946 3812 non
981 3766 1105 3812 ausum.

72 3866 193 3931 magno
214 3864 309 3931 opere
331 3842 447 3923 vereri,
474 3866 514 3909 ne
535 3842 667 3931 perditis
687 3843 783 3908 rebus
807 3864 913 3908 serum
929 3839 999 3930 ipse
1017 3840 1106 3909 auxi-
