<?xml version="1.0" encoding="UTF-8"?>
<!DOCTYPE html PUBLIC "-//W3C//DTD XHTML 1.0 Transitional//EN"
    "http://www.w3.org/TR/xhtml1/DTD/xhtml1-transitional.dtd">
<html xmlns="http://www.w3.org/1999/xhtml" xml:lang="en" lang="en">
 <head>
  <title>
</title>
<meta http-equiv="Content-Type" content="text/html;charset=utf-8" />
  <meta name='ocr-system' content='tesseract 3.04.00' />
  <meta name='ocr-capabilities' content='ocr_page ocr_carea ocr_par ocr_line ocrx_word'/>
</head>
<body>
  <div class='ocr_page' id='page_1' title='image "./titiliviaburbec00weisgoog_0149.png"; bbox 0 0 2528 4514; ppageno 0'>
   <div class='ocr_carea' id='block_1_1' title="bbox 354 235 1132 316">
    <p class='ocr_par' dir='ltr' id='par_1_1' title="bbox 354 235 1132 316">
     <span class='ocr_line' id='line_1_1' title="bbox 354 235 1132 316; baseline -0.003 -14"><span class='ocrx_word' id='word_1_1' title='bbox 354 245 473 302; x_wconf 72' lang='lat' dir='ltr'>LIBER</span> <span class='ocrx_word' id='word_1_2' title='bbox 491 244 575 315; x_wconf 79' lang='lat' dir='ltr'>xxl,</span> <span class='ocrx_word' id='word_1_3' title='bbox 595 244 696 302; x_wconf 74' lang='lat' dir='ltr'>eaeo.</span> <span class='ocrx_word' id='word_1_4' title='bbox 716 249 754 315; x_wconf 78' lang='lat' dir='ltr'>[a.</span> <span class='ocrx_word' id='word_1_5' title='bbox 765 244 795 301; x_wconf 88' lang='lat' dir='ltr'>c.</span> <span class='ocrx_word' id='word_1_6' title='bbox 806 245 869 316; x_wconf 83' lang='grc' dir='ltr'>ιιι]</span> <span class='ocrx_word' id='word_1_7' title='bbox 1087 235 1132 303; x_wconf 83' lang='grc'>29</span> 
     </span>
    </p>
   </div>
   <div class='ocr_carea' id='block_1_2' title="bbox 96 401 1132 496">
    <p class='ocr_par' dir='ltr' id='par_1_2' title="bbox 96 401 1132 496">
     <span class='ocr_line' id='line_1_2' title="bbox 96 401 1132 496; baseline 0.001 -25"><span class='ocrx_word' id='word_1_8' title='bbox 96 408 186 496; x_wconf 85' lang='lat' dir='ltr'>quin,</span> <span class='ocrx_word' id='word_1_9' title='bbox 206 403 271 470; x_wconf 84' lang='lat' dir='ltr'>nisi</span> <span class='ocrx_word' id='word_1_10' title='bbox 288 403 413 468; x_wconf 87' lang='lat' dir='ltr'>firmata</span> <span class='ocrx_word' id='word_1_11' title='bbox 430 410 571 466; x_wconf 83' lang='lat' dir='ltr'>extrema</span> <span class='ocrx_word' id='word_1_12' title='bbox 588 401 723 489; x_wconf 88' lang='lat' dir='ltr'>agminis</span> <span class='ocrx_word' id='word_1_13' title='bbox 741 401 890 480; x_wconf 83' lang='lat' dir='ltr'>fuissent,</span> <span class='ocrx_word' id='word_1_14' title='bbox 914 401 1026 489; x_wconf 85' lang='lat' dir='ltr'>ingens</span> <span class='ocrx_word' id='word_1_15' title='bbox 1044 406 1076 469; x_wconf 90' lang='lat' dir='ltr'>in</span> <span class='ocrx_word' id='word_1_16' title='bbox 1094 427 1132 472; x_wconf 84' lang='lat' dir='ltr'>eo</span> 
     </span>
    </p>
   </div>
   <div class='ocr_carea' id='block_1_3' title="bbox 85 495 1253 4080">
    <p class='ocr_par' dir='ltr' id='par_1_3' title="bbox 89 495 1253 2097">
     <span class='ocr_line' id='line_1_3' title="bbox 89 495 1165 585; baseline 0 -19"><span class='ocrx_word' id='word_1_17' title='bbox 89 501 186 583; x_wconf 41' lang='lat' dir='ltr'>,saltu</span> <span class='ocrx_word' id='word_1_18' title='bbox 200 497 383 585; x_wconf 87' lang='lat' dir='ltr'>accipienda</span> <span class='ocrx_word' id='word_1_19' title='bbox 400 496 506 562; x_wconf 88' lang='lat' dir='ltr'>clades</span> <span class='ocrx_word' id='word_1_20' title='bbox 524 495 629 561; x_wconf 86' lang='lat' dir='ltr'>fuerit.</span> <span class='ocrx_word' id='word_1_21' title='bbox 661 505 736 562; x_wconf 90' lang='lat' dir='ltr'>tunc</span> <span class='ocrx_word' id='word_1_22' title='bbox 753 517 880 581; x_wconf 89' lang='lat' dir='ltr'>quoque</span> <span class='ocrx_word' id='word_1_23' title='bbox 898 498 939 563; x_wconf 95' lang='lat' dir='ltr'>ad</span> <span class='ocrx_word' id='word_1_24' title='bbox 957 508 1131 564; x_wconf 84' lang='lat' dir='ltr'>extremum</span> <span class='ocrx_word' id='word_1_25' title='bbox 1149 521 1165 567; x_wconf 80' lang='lat' dir='ltr'>a</span> 
     </span>
     <span class='ocr_line' id='line_1_4' title="bbox 89 588 1132 685; baseline 0 -27"><span class='ocrx_word' id='word_1_26' title='bbox 89 616 93 663; x_wconf 72' lang='grc' dir='ltr'>ι</span> <span class='ocrx_word' id='word_1_27' title='bbox 107 593 228 685; x_wconf 89' lang='lat' dir='ltr'>periculi</span> <span class='ocrx_word' id='word_1_28' title='bbox 244 614 282 657; x_wconf 91' lang='lat' dir='ltr'>ac</span> <span class='ocrx_word' id='word_1_29' title='bbox 300 612 400 678; x_wconf 84' lang='lat' dir='ltr'>prope</span> <span class='ocrx_word' id='word_1_30' title='bbox 416 588 588 676; x_wconf 89' lang='lat' dir='ltr'>perniciem</span> <span class='ocrx_word' id='word_1_31' title='bbox 601 598 730 654; x_wconf 88' lang='lat' dir='ltr'>ventum</span> <span class='ocrx_word' id='word_1_32' title='bbox 743 597 801 655; x_wconf 90' lang='lat' dir='ltr'>est.</span> <span class='ocrx_word' id='word_1_33' title='bbox 827 613 902 656; x_wconf 88' lang='lat' dir='ltr'>nam</span> <span class='ocrx_word' id='word_1_34' title='bbox 914 591 990 657; x_wconf 93' lang='lat' dir='ltr'>dum</span> <span class='ocrx_word' id='word_1_35' title='bbox 1005 604 1132 658; x_wconf 72' lang='lat' dir='ltr'>cuncta</span> 
     </span>
     <span class='ocr_line' id='line_1_5' title="bbox 109 682 1133 779; baseline -0.001 -25"><span class='ocrx_word' id='word_1_36' title='bbox 109 698 156 779; x_wconf 82' lang='lat' dir='ltr'>tur</span> <span class='ocrx_word' id='word_1_37' title='bbox 167 685 329 754; x_wconf 81' lang='lat' dir='ltr'><strong>Hannibal</strong></span> <span class='ocrx_word' id='word_1_38' title='bbox 347 684 511 751; x_wconf 81' lang='lat' dir='ltr'>demittere</span> <span class='ocrx_word' id='word_1_39' title='bbox 529 704 643 770; x_wconf 85' lang='lat' dir='ltr'>agmen</span> <span class='ocrx_word' id='word_1_40' title='bbox 661 682 695 748; x_wconf 90' lang='lat' dir='ltr'>in</span> <span class='ocrx_word' id='word_1_41' title='bbox 712 684 888 770; x_wconf 71' lang='lat' dir='ltr'><strong>angustias,</strong></span> <span class='ocrx_word' id='word_1_42' title='bbox 912 686 1079 769; x_wconf 90' lang='lat' dir='ltr'>quianon,</span> <span class='ocrx_word' id='word_1_43' title='bbox 1098 697 1133 753; x_wconf 93' lang='lat' dir='ltr'>ut</span> 
     </span>
     <span class='ocr_line' id='line_1_6' title="bbox 98 777 1132 873; baseline 0 -25"><span class='ocrx_word' id='word_1_44' title='bbox 98 804 168 873; x_wconf 80' lang='lat' dir='ltr'>rpse</span> <span class='ocrx_word' id='word_1_45' title='bbox 188 780 347 866; x_wconf 89' lang='lat' dir='ltr'>equitibus</span> <span class='ocrx_word' id='word_1_46' title='bbox 368 778 527 865; x_wconf 89' lang='lat' dir='ltr'>praesidio</span> <span class='ocrx_word' id='word_1_47' title='bbox 549 787 631 857; x_wconf 88' lang='lat' dir='ltr'>erat,</span> <span class='ocrx_word' id='word_1_48' title='bbox 659 777 703 843; x_wconf 89' lang='lat' dir='ltr'>ita</span> <span class='ocrx_word' id='word_1_49' title='bbox 723 777 882 863; x_wconf 82' lang='lat' dir='ltr'><strong>peditibus</strong></span> <span class='ocrx_word' id='word_1_50' title='bbox 905 779 1074 865; x_wconf 90' lang='lat' dir='ltr'>quicquam</span> <span class='ocrx_word' id='word_1_51' title='bbox 1091 782 1132 848; x_wconf 90' lang='lat' dir='ltr'>ab</span> 
     </span>
     <span class='ocr_line' id='line_1_7' title="bbox 105 871 1166 964; baseline 0.001 -23"><span class='ocrx_word' id='word_1_52' title='bbox 105 907 181 964; x_wconf 50' lang='grc' dir='ltr'>,ιιςι</span> <span class='ocrx_word' id='word_1_53' title='bbox 208 875 318 941; x_wconf 82' lang='lat' dir='ltr'>auxilii</span> <span class='ocrx_word' id='word_1_54' title='bbox 339 873 521 959; x_wconf 84' lang='lat' dir='ltr'>reliquerat,</span> <span class='ocrx_word' id='word_1_55' title='bbox 550 882 752 939; x_wconf 83' lang='lat' dir='ltr'><strong>occursantes</strong></span> <span class='ocrx_word' id='word_1_56' title='bbox 775 893 832 958; x_wconf 91' lang='lat' dir='ltr'>per</span> <span class='ocrx_word' id='word_1_57' title='bbox 848 871 976 958; x_wconf 88' lang='lat' dir='ltr'>obliqua</span> <span class='ocrx_word' id='word_1_58' title='bbox 993 877 1166 942; x_wconf 82' lang='lat' dir='ltr'>montania</span> 
     </span>
     <span class='ocr_line' id='line_1_8' title="bbox 107 966 1133 1057; baseline 0.009 -29"><span class='ocrx_word' id='word_1_59' title='bbox 107 972 165 1029; x_wconf 96' lang='grc' dir='ltr'>ιι</span> <span class='ocrx_word' id='word_1_60' title='bbox 194 980 269 1057; x_wconf 87' lang='lat' dir='ltr'>upto</span> <span class='ocrx_word' id='word_1_61' title='bbox 305 968 410 1034; x_wconf 92' lang='lat' dir='ltr'>medio</span> <span class='ocrx_word' id='word_1_62' title='bbox 445 966 571 1054; x_wconf 78' lang='lat' dir='ltr'>agmine</span> <span class='ocrx_word' id='word_1_63' title='bbox 606 966 690 1032; x_wconf 89' lang='lat' dir='ltr'>viam</span> <span class='ocrx_word' id='word_1_64' title='bbox 720 967 879 1045; x_wconf 89' lang='lat' dir='ltr'>insedere,</span> <span class='ocrx_word' id='word_1_65' title='bbox 914 991 1040 1054; x_wconf 84' lang='lat' dir='ltr'>noxque</span> <span class='ocrx_word' id='word_1_66' title='bbox 1069 993 1133 1037; x_wconf 90' lang='lat' dir='ltr'>uua</span> 
     </span>
     <span class='ocr_line' id='line_1_9' title="bbox 122 1060 1050 1147; baseline 0.005 -23.941"><span class='ocrx_word' id='word_1_67' title='bbox 122 1075 129 1120; x_wconf 73' lang='grc' dir='ltr'>ι</span> <span class='ocrx_word' id='word_1_68' title='bbox 163 1098 167 1119; x_wconf 86' lang='grc' dir='ltr'>ι</span> <span class='ocrx_word' id='word_1_69' title='bbox 183 1064 317 1132; x_wconf 86' lang='lat' dir='ltr'>&#39;bah</span> <span class='ocrx_word' id='word_1_70' title='bbox 293 1085 360 1128; x_wconf 88' lang='lat' dir='ltr'>eme</span> <span class='ocrx_word' id='word_1_71' title='bbox 378 1060 537 1147; x_wconf 90' lang='lat' dir='ltr'>equitibus</span> <span class='ocrx_word' id='word_1_72' title='bbox 555 1069 650 1145; x_wconf 90' lang='lat' dir='ltr'>atque</span> <span class='ocrx_word' id='word_1_73' title='bbox 667 1060 889 1147; x_wconf 80' lang='lat' dir='ltr'>inpedimentis</span> <span class='ocrx_word' id='word_1_74' title='bbox 906 1071 977 1128; x_wconf 90' lang='lat' dir='ltr'>acta</span> <span class='ocrx_word' id='word_1_75' title='bbox 993 1073 1050 1130; x_wconf 87' lang='lat' dir='ltr'>est.</span> 
     </span>
     <span class='ocr_line' id='line_1_10' title="bbox 113 1154 1164 1240; baseline 0.007 -21"><span class='ocrx_word' id='word_1_76' title='bbox 113 1156 120 1219; x_wconf 76' lang='grc' dir='ltr'>ἶ</span> <span class='ocrx_word' id='word_1_77' title='bbox 162 1156 317 1225; x_wconf 82' lang='lat' dir='ltr'>XXXV.</span> <span class='ocrx_word' id='word_1_78' title='bbox 361 1156 496 1222; x_wconf 90' lang='lat' dir='ltr'>Postero</span> <span class='ocrx_word' id='word_1_79' title='bbox 524 1154 575 1220; x_wconf 92' lang='lat' dir='ltr'>die</span> <span class='ocrx_word' id='word_1_80' title='bbox 600 1155 665 1220; x_wconf 93' lang='lat' dir='ltr'>iam</span> <span class='ocrx_word' id='word_1_81' title='bbox 692 1155 822 1240; x_wconf 90' lang='lat' dir='ltr'>segnius</span> <span class='ocrx_word' id='word_1_82' title='bbox 853 1155 1164 1227; x_wconf 88' lang='lat' dir='ltr'>intercursantibus1</span> 
     </span>
     <span class='ocr_line' id='line_1_11' title="bbox 143 1249 1253 1338; baseline -0.003 -18"><span class='ocrx_word' id='word_1_83' title='bbox 143 1286 146 1302; x_wconf 86' lang='lat'><strong>·</strong></span> <span class='ocrx_word' id='word_1_84' title='bbox 165 1254 238 1320; x_wconf 88' lang='lat' dir='ltr'>·aris</span> <span class='ocrx_word' id='word_1_85' title='bbox 256 1254 382 1318; x_wconf 88' lang='lat' dir='ltr'>iunctae</span> <span class='ocrx_word' id='word_1_86' title='bbox 401 1251 509 1338; x_wconf 91' lang='lat' dir='ltr'>copiae</span> <span class='ocrx_word' id='word_1_87' title='bbox 528 1249 690 1334; x_wconf 87' lang='lat' dir='ltr'>saltusque</span> <span class='ocrx_word' id='word_1_88' title='bbox 707 1249 795 1314; x_wconf 89' lang='lat' dir='ltr'>haud</span> <span class='ocrx_word' id='word_1_89' title='bbox 812 1250 880 1315; x_wconf 92' lang='lat' dir='ltr'>sine</span> <span class='ocrx_word' id='word_1_90' title='bbox 894 1250 997 1327; x_wconf 90' lang='lat' dir='ltr'>clade,</span> <span class='ocrx_word' id='word_1_91' title='bbox 1015 1253 1132 1317; x_wconf 90' lang='lat' dir='ltr'>maiore</span> <span class='ocrx_word' id='word_1_92' title='bbox 1250 1283 1253 1289; x_wconf 95' lang='lat'>·</span> 
     </span>
     <span class='ocr_line' id='line_1_12' title="bbox 117 1343 1131 1430; baseline -0.004 -17"><span class='ocrx_word' id='word_1_93' title='bbox 117 1370 203 1420; x_wconf 57' lang='lat' dir='ltr'>suen</span> <span class='ocrx_word' id='word_1_94' title='bbox 229 1347 442 1412; x_wconf 88' lang='lat' dir='ltr'>iumentorum</span> <span class='ocrx_word' id='word_1_95' title='bbox 467 1365 562 1428; x_wconf 94' lang='lat' dir='ltr'>quam</span> <span class='ocrx_word' id='word_1_96' title='bbox 588 1343 753 1411; x_wconf 92' lang='lat' dir='ltr'>hominum</span> <span class='ocrx_word' id='word_1_97' title='bbox 778 1344 929 1430; x_wconf 88' lang='lat' dir='ltr'>pernicie,</span> <span class='ocrx_word' id='word_1_98' title='bbox 958 1354 1131 1430; x_wconf 88' lang='lat' dir='ltr'>superatus.</span> 
     </span>
     <span class='ocr_line' id='line_1_13' title="bbox 116 1438 1166 1533; baseline -0.003 -23"><span class='ocrx_word' id='word_1_99' title='bbox 116 1461 120 1533; x_wconf 70' lang='lat' dir='ltr'><strong><em>J</em></strong></span> <span class='ocrx_word' id='word_1_100' title='bbox 144 1465 173 1510; x_wconf 59' lang='lat' dir='ltr'>*a</span> <span class='ocrx_word' id='word_1_101' title='bbox 188 1441 331 1508; x_wconf 89' lang='lat' dir='ltr'>montani</span> <span class='ocrx_word' id='word_1_102' title='bbox 347 1439 511 1527; x_wconf 89' lang='lat' dir='ltr'>pauciores</span> <span class='ocrx_word' id='word_1_103' title='bbox 529 1439 593 1504; x_wconf 91' lang='lat' dir='ltr'>iam</span> <span class='ocrx_word' id='word_1_104' title='bbox 610 1447 642 1504; x_wconf 88' lang='lat' dir='ltr'>et</span> <span class='ocrx_word' id='word_1_105' title='bbox 658 1438 811 1504; x_wconf 90' lang='lat' dir='ltr'>latrocinii</span> <span class='ocrx_word' id='word_1_106' title='bbox 829 1440 931 1527; x_wconf 86' lang='lat' dir='ltr'>magis</span> <span class='ocrx_word' id='word_1_107' title='bbox 949 1460 1045 1523; x_wconf 88' lang='lat' dir='ltr'>quam</span> <span class='ocrx_word' id='word_1_108' title='bbox 1060 1439 1132 1505; x_wconf 93' lang='lat' dir='ltr'>belli</span> <span class='ocrx_word' id='word_1_109' title='bbox 1152 1462 1166 1508; x_wconf 84' lang='grc' dir='ltr'>ι</span> 
     </span>
     <span class='ocr_line' id='line_1_14' title="bbox 145 1534 1131 1620; baseline -0.003 -17"><span class='ocrx_word' id='word_1_110' title='bbox 145 1565 156 1595; x_wconf 79' lang='grc' dir='ltr'>ι</span> <span class='ocrx_word' id='word_1_111' title='bbox 175 1568 182 1593; x_wconf 80' lang='lat'>··</span> <span class='ocrx_word' id='word_1_112' title='bbox 203 1535 435 1603; x_wconf 69' lang='lat' dir='ltr'>concursabant</span> <span class='ocrx_word' id='word_1_113' title='bbox 446 1535 542 1600; x_wconf 93' lang='lat' dir='ltr'>modo</span> <span class='ocrx_word' id='word_1_114' title='bbox 556 1534 590 1599; x_wconf 90' lang='lat' dir='ltr'>in</span> <span class='ocrx_word' id='word_1_115' title='bbox 602 1535 753 1620; x_wconf 90' lang='lat' dir='ltr'>primum,</span> <span class='ocrx_word' id='word_1_116' title='bbox 772 1535 867 1600; x_wconf 93' lang='lat' dir='ltr'>modo</span> <span class='ocrx_word' id='word_1_117' title='bbox 879 1535 913 1600; x_wconf 91' lang='lat' dir='ltr'>in</span> <span class='ocrx_word' id='word_1_118' title='bbox 926 1535 1131 1601; x_wconf 91' lang='lat' dir='ltr'>novissimum</span> 
     </span>
     <span class='ocr_line' id='line_1_15' title="bbox 115 1629 1133 1719; baseline 0.001 -24"><span class='ocrx_word' id='word_1_119' title='bbox 115 1655 226 1712; x_wconf 62' lang='lat' dir='ltr'>‚aem</span> <span class='ocrx_word' id='word_1_120' title='bbox 245 1641 418 1715; x_wconf 89' lang='lat' dir='ltr'>utcumque</span> <span class='ocrx_word' id='word_1_121' title='bbox 435 1639 491 1696; x_wconf 91' lang='lat' dir='ltr'>aut</span> <span class='ocrx_word' id='word_1_122' title='bbox 507 1629 597 1696; x_wconf 91' lang='lat' dir='ltr'>locus</span> <span class='ocrx_word' id='word_1_123' title='bbox 615 1629 879 1719; x_wconf 87' lang='lat' dir='ltr'>opportunitatem</span> <span class='ocrx_word' id='word_1_124' title='bbox 893 1630 981 1695; x_wconf 89' lang='lat' dir='ltr'>daret</span> <span class='ocrx_word' id='word_1_125' title='bbox 994 1641 1049 1695; x_wconf 88' lang='lat' dir='ltr'>aut</span> <span class='ocrx_word' id='word_1_126' title='bbox 1061 1653 1133 1718; x_wconf 94' lang='lat' dir='ltr'>pro-</span> 
     </span>
     <span class='ocr_line' id='line_1_16' title="bbox 122 1723 1166 1811; baseline 0 -19"><span class='ocrx_word' id='word_1_127' title='bbox 122 1770 132 1802; x_wconf 63' lang='grc' dir='ltr'>,ι</span> <span class='ocrx_word' id='word_1_128' title='bbox 148 1750 201 1792; x_wconf 64' lang='lat' dir='ltr'>›zsr</span> <span class='ocrx_word' id='word_1_129' title='bbox 216 1727 370 1792; x_wconf 89' lang='lat' dir='ltr'>morative</span> <span class='ocrx_word' id='word_1_130' title='bbox 388 1725 526 1810; x_wconf 87' lang='lat' dir='ltr'>aliquam</span> <span class='ocrx_word' id='word_1_131' title='bbox 543 1724 742 1790; x_wconf 87' lang='lat' dir='ltr'>occasionem</span> <span class='ocrx_word' id='word_1_132' title='bbox 759 1723 919 1791; x_wconf 81' lang='lat' dir='ltr'>fecissent.</span> <span class='ocrx_word' id='word_1_133' title='bbox 965 1725 1131 1811; x_wconf 88' lang='lat' dir='ltr'>elephanti,</span> <span class='ocrx_word' id='word_1_134' title='bbox 1151 1746 1166 1792; x_wconf 83' lang='lat'><strong>3</strong></span> 
     </span>
     <span class='ocr_line' id='line_1_17' title="bbox 111 1818 1131 1907; baseline -0.001 -22"><span class='ocrx_word' id='word_1_135' title='bbox 111 1818 184 1885; x_wconf 74' lang='lat' dir='ltr'>&#39;at</span> <span class='ocrx_word' id='word_1_136' title='bbox 203 1844 260 1907; x_wconf 90' lang='lat' dir='ltr'>per</span> <span class='ocrx_word' id='word_1_137' title='bbox 282 1830 367 1886; x_wconf 80' lang='lat' dir='ltr'>artas</span> <span class='ocrx_word' id='word_1_138' title='bbox 388 1819 575 1906; x_wconf 91' lang='lat' dir='ltr'>praecipites</span> <span class='ocrx_word' id='word_1_139' title='bbox 598 1819 666 1884; x_wconf 87' lang='lat' dir='ltr'>vias</span> <span class='ocrx_word' id='word_1_140' title='bbox 693 1841 810 1906; x_wconf 83' lang='lat' dir='ltr'>magna</span> <span class='ocrx_word' id='word_1_141' title='bbox 835 1840 923 1885; x_wconf 93' lang='lat' dir='ltr'>mora</span> <span class='ocrx_word' id='word_1_142' title='bbox 949 1819 1131 1907; x_wconf 86' lang='lat' dir='ltr'>agebantur,</span> 
     </span>
     <span class='ocr_line' id='line_1_18' title="bbox 165 1912 1133 1998; baseline 0.003 -22.839"><span class='ocrx_word' id='word_1_143' title='bbox 165 1924 263 1980; x_wconf 89' lang='lat' dir='ltr'>tutum</span> <span class='ocrx_word' id='word_1_144' title='bbox 282 1915 322 1980; x_wconf 88' lang='lat' dir='ltr'>ab</span> <span class='ocrx_word' id='word_1_145' title='bbox 341 1912 485 1980; x_wconf 90' lang='lat' dir='ltr'>hostibus</span> <span class='ocrx_word' id='word_1_146' title='bbox 504 1933 703 1998; x_wconf 91' lang='lat' dir='ltr'>quacumque</span> <span class='ocrx_word' id='word_1_147' title='bbox 721 1913 914 1991; x_wconf 88' lang='lat' dir='ltr'>incederent,</span> <span class='ocrx_word' id='word_1_148' title='bbox 937 1914 1011 1998; x_wconf 91' lang='lat' dir='ltr'>quia</span> <span class='ocrx_word' id='word_1_149' title='bbox 1028 1915 1133 1979; x_wconf 90' lang='lat' dir='ltr'>insue-</span> 
     </span>
     <span class='ocr_line' id='line_1_19' title="bbox 110 2003 1016 2097; baseline -0.002 -21"><span class='ocrx_word' id='word_1_150' title='bbox 110 2003 146 2066; x_wconf 57' lang='grc' dir='ltr'>Ὗ.</span> <span class='ocrx_word' id='word_1_151' title='bbox 165 2011 295 2076; x_wconf 87' lang='lat' dir='ltr'>adeundi</span> <span class='ocrx_word' id='word_1_152' title='bbox 312 2010 442 2097; x_wconf 88' lang='lat' dir='ltr'>propius</span> <span class='ocrx_word' id='word_1_153' title='bbox 460 2018 563 2075; x_wconf 91' lang='lat' dir='ltr'>metus</span> <span class='ocrx_word' id='word_1_154' title='bbox 583 2018 663 2086; x_wconf 88' lang='lat' dir='ltr'>erat,</span> <span class='ocrx_word' id='word_1_155' title='bbox 683 2031 798 2095; x_wconf 83' lang='lat' dir='ltr'>agmen</span> <span class='ocrx_word' id='word_1_156' title='bbox 815 2008 1016 2095; x_wconf 87' lang='lat' dir='ltr'>praebebant.</span> 
     </span>
    </p>

    <p class='ocr_par' dir='ltr' id='par_1_4' title="bbox 102 2102 1168 2360">
     <span class='ocr_line' id='line_1_20' title="bbox 171 2102 1168 2190; baseline -0.001 -21"><span class='ocrx_word' id='word_1_157' title='bbox 171 2103 255 2171; x_wconf 87' lang='lat' dir='ltr'>Nono</span> <span class='ocrx_word' id='word_1_158' title='bbox 278 2106 330 2170; x_wconf 94' lang='lat' dir='ltr'>die</span> <span class='ocrx_word' id='word_1_159' title='bbox 353 2105 387 2168; x_wconf 92' lang='lat' dir='ltr'>in</span> <span class='ocrx_word' id='word_1_160' title='bbox 407 2104 520 2190; x_wconf 85' lang='lat' dir='ltr'>iugum</span> <span class='ocrx_word' id='word_1_161' title='bbox 538 2102 669 2189; x_wconf 87' lang='lat' dir='ltr'>Alpium</span> <span class='ocrx_word' id='word_1_162' title='bbox 691 2113 876 2189; x_wconf 85' lang='lat' dir='ltr'>perventum</span> <span class='ocrx_word' id='word_1_163' title='bbox 900 2112 948 2168; x_wconf 88' lang='lat' dir='ltr'>est</span> <span class='ocrx_word' id='word_1_164' title='bbox 971 2125 1027 2189; x_wconf 90' lang='lat' dir='ltr'>per</span> <span class='ocrx_word' id='word_1_165' title='bbox 1048 2103 1134 2168; x_wconf 91' lang='lat' dir='ltr'>invia</span> <span class='ocrx_word' id='word_1_166' title='bbox 1152 2125 1168 2168; x_wconf 83' lang='grc' dir='ltr'>ι</span> 
     </span>
     <span class='ocr_line' id='line_1_21' title="bbox 102 2196 1133 2285; baseline -0.005 -20"><span class='ocrx_word' id='word_1_167' title='bbox 102 2196 247 2285; x_wconf 63' lang='lat' dir='ltr'>pleraque</span> <span class='ocrx_word' id='word_1_168' title='bbox 270 2210 302 2264; x_wconf 90' lang='lat' dir='ltr'>et</span> <span class='ocrx_word' id='word_1_169' title='bbox 326 2221 461 2276; x_wconf 87' lang='lat' dir='ltr'>errores,</span> <span class='ocrx_word' id='word_1_170' title='bbox 488 2219 569 2282; x_wconf 90' lang='lat' dir='ltr'>quos</span> <span class='ocrx_word' id='word_1_171' title='bbox 596 2207 651 2262; x_wconf 92' lang='lat' dir='ltr'>aut</span> <span class='ocrx_word' id='word_1_172' title='bbox 672 2197 852 2263; x_wconf 89' lang='lat' dir='ltr'>ducentium</span> <span class='ocrx_word' id='word_1_173' title='bbox 875 2197 962 2262; x_wconf 87' lang='lat' dir='ltr'>fraus</span> <span class='ocrx_word' id='word_1_174' title='bbox 985 2208 1051 2274; x_wconf 91' lang='lat' dir='ltr'>aut,</span> <span class='ocrx_word' id='word_1_175' title='bbox 1079 2196 1133 2263; x_wconf 91' lang='lat' dir='ltr'>ubi</span> 
     </span>
     <span class='ocr_line' id='line_1_22' title="bbox 107 2288 1133 2370; baseline 0 -13"><span class='ocrx_word' id='word_1_176' title='bbox 107 2288 191 2357; x_wconf 73' lang='lat' dir='ltr'>&#39;bles</span> <span class='ocrx_word' id='word_1_177' title='bbox 208 2292 240 2360; x_wconf 90' lang='lat' dir='ltr'>iis</span> <span class='ocrx_word' id='word_1_178' title='bbox 260 2316 325 2359; x_wconf 92' lang='lat' dir='ltr'>non</span> <span class='ocrx_word' id='word_1_179' title='bbox 349 2302 446 2370; x_wconf 91' lang='lat' dir='ltr'>esset,</span> <span class='ocrx_word' id='word_1_180' title='bbox 475 2301 591 2359; x_wconf 91' lang='lat' dir='ltr'>temere</span> <span class='ocrx_word' id='word_1_181' title='bbox 612 2293 708 2357; x_wconf 88' lang='lat' dir='ltr'>initae</span> <span class='ocrx_word' id='word_1_182' title='bbox 729 2292 827 2357; x_wconf 88' lang='lat' dir='ltr'>valles</span> <span class='ocrx_word' id='word_1_183' title='bbox 851 2316 870 2357; x_wconf 90' lang='lat' dir='ltr'>a</span> <span class='ocrx_word' id='word_1_184' title='bbox 887 2292 1133 2359; x_wconf 89' lang='lat' dir='ltr'>coniectantibus</span> 
     </span>
    </p>

    <p class='ocr_par' dir='ltr' id='par_1_5' title="bbox 107 2382 1169 3417">
     <span class='ocr_line' id='line_1_23' title="bbox 116 2382 1167 2473; baseline 0.001 -20.008"><span class='ocrx_word' id='word_1_185' title='bbox 116 2382 175 2453; x_wconf 70' lang='lat' dir='ltr'>diet</span> <span class='ocrx_word' id='word_1_186' title='bbox 188 2385 347 2454; x_wconf 80' lang='lat' dir='ltr'>faciebant.</span> <span class='ocrx_word' id='word_1_187' title='bbox 385 2387 546 2451; x_wconf 84' lang='lat' dir='ltr'>biduum·</span> <span class='ocrx_word' id='word_1_188' title='bbox 537 2410 570 2452; x_wconf 91' lang='grc' dir='ltr'>ιιι</span> <span class='ocrx_word' id='word_1_189' title='bbox 592 2387 669 2473; x_wconf 86' lang='lat' dir='ltr'>iugo</span> <span class='ocrx_word' id='word_1_190' title='bbox 693 2386 807 2450; x_wconf 89' lang='lat' dir='ltr'>stativa</span> <span class='ocrx_word' id='word_1_191' title='bbox 828 2384 949 2462; x_wconf 90' lang='lat' dir='ltr'>habita,</span> <span class='ocrx_word' id='word_1_192' title='bbox 976 2385 1167 2468; x_wconf 87' lang='lat' dir='ltr'>fessisque5</span> 
     </span>
     <span class='ocr_line' id='line_1_24' title="bbox 113 2474 1135 2590; baseline -0.006 -41.946"><span class='ocrx_word' id='word_1_193' title='bbox 113 2474 210 2549; x_wconf 68' lang='lat' dir='ltr'>chloe</span> <span class='ocrx_word' id='word_1_194' title='bbox 225 2504 262 2548; x_wconf 92' lang='lat' dir='ltr'>ac</span> <span class='ocrx_word' id='word_1_195' title='bbox 280 2481 454 2569; x_wconf 86' lang='lat' dir='ltr'>pugnando</span> <span class='ocrx_word' id='word_1_196' title='bbox 473 2481 563 2590; x_wconf 90' lang='lat' dir='ltr'>quies</span> <span class='ocrx_word' id='word_1_197' title='bbox 581 2481 655 2547; x_wconf 88' lang='lat' dir='ltr'>data</span> <span class='ocrx_word' id='word_1_198' title='bbox 671 2479 836 2557; x_wconf 86' lang='lat' dir='ltr'>militibus,</span> <span class='ocrx_word' id='word_1_199' title='bbox 860 2479 1061 2562; x_wconf 87' lang='lat' dir='ltr'>iumentaque</span> <span class='ocrx_word' id='word_1_200' title='bbox 1079 2478 1135 2543; x_wconf 89' lang='lat' dir='ltr'>ali-</span> 
     </span>
     <span class='ocr_line' id='line_1_25' title="bbox 112 2568 1135 2686; baseline -0.003 -47"><span class='ocrx_word' id='word_1_201' title='bbox 112 2568 196 2659; x_wconf 78' lang='lat' dir='ltr'>quot,</span> <span class='ocrx_word' id='word_1_202' title='bbox 212 2599 296 2686; x_wconf 78' lang='lat' dir='ltr'>quae</span> <span class='ocrx_word' id='word_1_203' title='bbox 313 2574 513 2662; x_wconf 88' lang='lat' dir='ltr'>prolapsam</span> <span class='ocrx_word' id='word_1_204' title='bbox 534 2574 665 2660; x_wconf 89' lang='lat' dir='ltr'>rupibus</span> <span class='ocrx_word' id='word_1_205' title='bbox 690 2583 790 2651; x_wconf 89' lang='lat' dir='ltr'>crant,</span> <span class='ocrx_word' id='word_1_206' title='bbox 819 2573 979 2657; x_wconf 90' lang='lat' dir='ltr'>sequendo</span> <span class='ocrx_word' id='word_1_207' title='bbox 1001 2571 1135 2657; x_wconf 85' lang='lat' dir='ltr'>vestigia</span> 
     </span>
     <span class='ocr_line' id='line_1_26' title="bbox 137 2667 1168 2780; baseline 0.002 -45.947"><span class='ocrx_word' id='word_1_208' title='bbox 137 2699 174 2780; x_wconf 28' lang='grc' dir='ltr'>χιιι</span> <span class='ocrx_word' id='word_1_209' title='bbox 198 2670 237 2735; x_wconf 91' lang='lat' dir='ltr'>is</span> <span class='ocrx_word' id='word_1_210' title='bbox 263 2672 297 2736; x_wconf 90' lang='lat' dir='ltr'>in</span> <span class='ocrx_word' id='word_1_211' title='bbox 323 2683 426 2736; x_wconf 89' lang='lat' dir='ltr'>castra</span> <span class='ocrx_word' id='word_1_212' title='bbox 451 2692 631 2757; x_wconf 88' lang='lat' dir='ltr'>pervenere</span> <span class='ocrx_word' id='word_1_213' title='bbox 671 2669 766 2735; x_wconf 86' lang='lat' dir='ltr'>fessis</span> <span class='ocrx_word' id='word_1_214' title='bbox 789 2668 892 2734; x_wconf 84' lang='lat' dir='ltr'>taedio</span> <span class='ocrx_word' id='word_1_215' title='bbox 915 2676 960 2735; x_wconf 93' lang='lat' dir='ltr'>tot</span> <span class='ocrx_word' id='word_1_216' title='bbox 981 2667 1168 2736; x_wconf 82' lang='lat' dir='ltr'>malorumo</span> 
     </span>
     <span class='ocr_line' id='line_1_27' title="bbox 109 2762 1136 2872; baseline -0.003 -42"><span class='ocrx_word' id='word_1_217' title='bbox 109 2776 187 2830; x_wconf 69' lang='lat' dir='ltr'>ntus</span> <span class='ocrx_word' id='word_1_218' title='bbox 163 2762 295 2831; x_wconf 86' lang='lat' dir='ltr'>etiam</span> <span class='ocrx_word' id='word_1_219' title='bbox 314 2787 408 2830; x_wconf 92' lang='lat' dir='ltr'>casus</span> <span class='ocrx_word' id='word_1_220' title='bbox 426 2763 614 2830; x_wconf 89' lang='lat' dir='ltr'>occidente</span> <span class='ocrx_word' id='word_1_221' title='bbox 605 2787 668 2829; x_wconf 83' lang='lat' dir='ltr'>ram</span> <span class='ocrx_word' id='word_1_222' title='bbox 687 2763 789 2829; x_wconf 90' lang='lat' dir='ltr'>sidere</span> <span class='ocrx_word' id='word_1_223' title='bbox 807 2762 1034 2850; x_wconf 85' lang='lat' dir='ltr'>vergiliarum&#39;</span> <span class='ocrx_word' id='word_1_224' title='bbox 1025 2784 1136 2872; x_wconf 79' lang='lat' dir='ltr'>mgen-</span> 
     </span>
     <span class='ocr_line' id='line_1_28' title="bbox 107 2858 1168 2968; baseline 0 -47"><span class='ocrx_word' id='word_1_225' title='bbox 107 2862 172 2922; x_wconf 87' lang='lat' dir='ltr'>&#39;tem</span> <span class='ocrx_word' id='word_1_226' title='bbox 187 2868 333 2925; x_wconf 88' lang='lat' dir='ltr'>terrorem</span> <span class='ocrx_word' id='word_1_227' title='bbox 351 2859 474 2925; x_wconf 89' lang='lat' dir='ltr'>adiecit.</span> <span class='ocrx_word' id='word_1_228' title='bbox 513 2880 571 2944; x_wconf 89' lang='lat' dir='ltr'>per</span> <span class='ocrx_word' id='word_1_229' title='bbox 587 2858 694 2924; x_wconf 87' lang='lat' dir='ltr'>omnia</span> <span class='ocrx_word' id='word_1_230' title='bbox 710 2858 783 2922; x_wconf 87' lang='lat' dir='ltr'>nive</span> <span class='ocrx_word' id='word_1_231' title='bbox 801 2859 927 2968; x_wconf 76' lang='lat' dir='ltr'>oppleta</span> <span class='ocrx_word' id='word_1_232' title='bbox 945 2879 1017 2924; x_wconf 91' lang='lat' dir='ltr'>cum</span> <span class='ocrx_word' id='word_1_233' title='bbox 1036 2858 1168 2944; x_wconf 82' lang='lat' dir='ltr'>signisr</span> 
     </span>
     <span class='ocr_line' id='line_1_29' title="bbox 109 2951 1135 3062; baseline -0.001 -45"><span class='ocrx_word' id='word_1_234' title='bbox 109 2951 205 3045; x_wconf 50' lang='lat' dir='ltr'>iprima</span> <span class='ocrx_word' id='word_1_235' title='bbox 219 2953 289 3018; x_wconf 89' lang='lat' dir='ltr'>luce</span> <span class='ocrx_word' id='word_1_236' title='bbox 307 2953 400 3019; x_wconf 87' lang='lat' dir='ltr'>motis</span> <span class='ocrx_word' id='word_1_237' title='bbox 420 2953 523 3039; x_wconf 88' lang='lat' dir='ltr'>segnit</span> <span class='ocrx_word' id='word_1_238' title='bbox 524 2976 558 3019; x_wconf 94' lang='grc' dir='ltr'>ιι</span> <span class='ocrx_word' id='word_1_239' title='bbox 580 2975 694 3062; x_wconf 81' lang='lat' dir='ltr'>agmen</span> <span class='ocrx_word' id='word_1_240' title='bbox 716 2952 925 3018; x_wconf 88' lang='lat' dir='ltr'>incederet</span> <span class='ocrx_word' id='word_1_241' title='bbox 894 2953 975 3040; x_wconf 78' lang='lat' dir='ltr'>pigri</span> <span class='ocrx_word' id='word_1_242' title='bbox 977 2953 1081 3037; x_wconf 87' lang='lat' dir='ltr'>tiaque</span> <span class='ocrx_word' id='word_1_243' title='bbox 1104 2963 1135 3016; x_wconf 93' lang='lat' dir='ltr'>et</span> 
     </span>
     <span class='ocr_line' id='line_1_30' title="bbox 109 3041 1169 3134; baseline 0.003 -24"><span class='ocrx_word' id='word_1_244' title='bbox 109 3041 278 3132; x_wconf 74' lang='lat' dir='ltr'>desperatio</span> <span class='ocrx_word' id='word_1_245' title='bbox 296 3048 330 3112; x_wconf 88' lang='lat' dir='ltr'>in</span> <span class='ocrx_word' id='word_1_246' title='bbox 349 3047 488 3112; x_wconf 92' lang='lat' dir='ltr'>omnium</span> <span class='ocrx_word' id='word_1_247' title='bbox 511 3048 578 3112; x_wconf 91' lang='lat' dir='ltr'>vult</span> <span class='ocrx_word' id='word_1_248' title='bbox 566 3057 602 3112; x_wconf 92' lang='lat' dir='ltr'>tu</span> <span class='ocrx_word' id='word_1_249' title='bbox 624 3047 788 3125; x_wconf 89' lang='lat' dir='ltr'>emineret,</span> <span class='ocrx_word' id='word_1_250' title='bbox 815 3069 1021 3134; x_wconf 84' lang='lat' dir='ltr'>praegressus</span> <span class='ocrx_word' id='word_1_251' title='bbox 1044 3069 1136 3131; x_wconf 84' lang='lat' dir='ltr'>ergna</span> <span class='ocrx_word' id='word_1_252' title='bbox 1154 3065 1169 3113; x_wconf 85' lang='lat'>8</span> 
     </span>
     <span class='ocr_line' id='line_1_31' title="bbox 120 3132 1135 3253; baseline -0.003 -48"><span class='ocrx_word' id='word_1_253' title='bbox 120 3132 299 3206; x_wconf 79' lang='lat' dir='ltr'>Hannibal</span> <span class='ocrx_word' id='word_1_254' title='bbox 290 3164 325 3206; x_wconf 91' lang='grc' dir='ltr'>ιιι</span> <span class='ocrx_word' id='word_1_255' title='bbox 350 3141 566 3227; x_wconf 83' lang='lat' dir='ltr'>promunturio</span> <span class='ocrx_word' id='word_1_256' title='bbox 593 3142 745 3253; x_wconf 80' lang='lat' dir='ltr'>quodam,</span> <span class='ocrx_word' id='word_1_257' title='bbox 781 3143 864 3206; x_wconf 93' lang='lat' dir='ltr'>unde</span> <span class='ocrx_word' id='word_1_258' title='bbox 890 3142 984 3226; x_wconf 88' lang='lat' dir='ltr'>longe</span> <span class='ocrx_word' id='word_1_259' title='bbox 1011 3139 1135 3204; x_wconf 87' lang='lat' dir='ltr'>aelate</span> 
     </span>
     <span class='ocr_line' id='line_1_32' title="bbox 120 3234 1136 3323; baseline -0.003 -24"><span class='ocrx_word' id='word_1_260' title='bbox 120 3248 287 3323; x_wconf 85' lang='lat' dir='ltr'>prospectus</span> <span class='ocrx_word' id='word_1_261' title='bbox 310 3246 390 3316; x_wconf 89' lang='lat' dir='ltr'>erat,</span> <span class='ocrx_word' id='word_1_262' title='bbox 415 3238 585 3303; x_wconf 87' lang='lat' dir='ltr'>consistere</span> <span class='ocrx_word' id='word_1_263' title='bbox 607 3237 702 3302; x_wconf 89' lang='lat' dir='ltr'>iussis</span> <span class='ocrx_word' id='word_1_264' title='bbox 720 3236 870 3302; x_wconf 89' lang='lat' dir='ltr'>militibus</span> <span class='ocrx_word' id='word_1_265' title='bbox 888 3234 1014 3300; x_wconf 90' lang='lat' dir='ltr'>Italiam</span> <span class='ocrx_word' id='word_1_266' title='bbox 1032 3241 1136 3298; x_wconf 89' lang='lat' dir='ltr'>osten-</span> 
     </span>
     <span class='ocr_line' id='line_1_33' title="bbox 119 3328 1137 3440; baseline -0.002 -46"><span class='ocrx_word' id='word_1_267' title='bbox 119 3334 155 3394; x_wconf 82' lang='grc' dir='ltr'>ιιι</span> <span class='ocrx_word' id='word_1_268' title='bbox 176 3331 395 3440; x_wconf 81' lang='lat' dir='ltr'>subiectosque</span> <span class='ocrx_word' id='word_1_269' title='bbox 422 3331 549 3417; x_wconf 86' lang='lat' dir='ltr'>Alpinis</span> <span class='ocrx_word' id='word_1_270' title='bbox 575 3331 735 3397; x_wconf 91' lang='lat' dir='ltr'>montibus</span> <span class='ocrx_word' id='word_1_271' title='bbox 763 3328 1020 3415; x_wconf 90' lang='lat' dir='ltr'>circumpadanos</span> <span class='ocrx_word' id='word_1_272' title='bbox 1052 3349 1137 3392; x_wconf 91' lang='lat' dir='ltr'>cam-</span> 
     </span>
    </p>

    <p class='ocr_par' dir='ltr' id='par_1_6' title="bbox 86 3421 1167 3513">
     <span class='ocr_line' id='line_1_34' title="bbox 91 3421 1167 3510; baseline 0 -22"><span class='ocrx_word' id='word_1_273' title='bbox 91 3443 92 3446; x_wconf 72' lang='grc'>’</span> <span class='ocrx_word' id='word_1_274' title='bbox 118 3440 178 3506; x_wconf 83' lang='lat' dir='ltr'>pos,</span> <span class='ocrx_word' id='word_1_275' title='bbox 203 3426 390 3510; x_wconf 90' lang='lat' dir='ltr'>moeniaque</span> <span class='ocrx_word' id='word_1_276' title='bbox 412 3448 466 3490; x_wconf 91' lang='lat' dir='ltr'>eos</span> <span class='ocrx_word' id='word_1_277' title='bbox 490 3436 557 3491; x_wconf 94' lang='lat' dir='ltr'>tum</span> <span class='ocrx_word' id='word_1_278' title='bbox 579 3425 800 3490; x_wconf 88' lang='lat' dir='ltr'>transcendere</span> <span class='ocrx_word' id='word_1_279' title='bbox 821 3446 885 3489; x_wconf 93' lang='lat' dir='ltr'>non</span> <span class='ocrx_word' id='word_1_280' title='bbox 902 3421 1012 3487; x_wconf 91' lang='lat' dir='ltr'>Italiae</span> <span class='ocrx_word' id='word_1_281' title='bbox 1030 3421 1133 3499; x_wconf 92' lang='lat' dir='ltr'>mod0‚</span> <span class='ocrx_word' id='word_1_282' title='bbox 1153 3442 1167 3488; x_wconf 88' lang='lat'><strong>9</strong></span> 
     </span>
    </p>

    <p class='ocr_par' dir='ltr' id='par_1_7' title="bbox 86 3515 1135 3606">
     <span class='ocr_line' id='line_1_35' title="bbox 86 3515 1135 3606; baseline -0.006 -22"><span class='ocrx_word' id='word_1_283' title='bbox 86 3518 97 3595; x_wconf 78' lang='grc' dir='ltr'>Ξ-</span> <span class='ocrx_word' id='word_1_284' title='bbox 117 3519 276 3586; x_wconf 86' lang='lat' dir='ltr'>sedetiam</span> <span class='ocrx_word' id='word_1_285' title='bbox 298 3520 386 3586; x_wconf 92' lang='lat' dir='ltr'>urbis</span> <span class='ocrx_word' id='word_1_286' title='bbox 408 3521 581 3586; x_wconf 85' lang='lat' dir='ltr'>Romanae.</span> <span class='ocrx_word' id='word_1_287' title='bbox 618 3520 721 3586; x_wconf 85' lang='lat' dir='ltr'>cetera</span> <span class='ocrx_word' id='word_1_288' title='bbox 747 3520 854 3606; x_wconf 90' lang='lat' dir='ltr'>plana,</span> <span class='ocrx_word' id='word_1_289' title='bbox 881 3516 1032 3604; x_wconf 88' lang='lat' dir='ltr'>proclivia</span> <span class='ocrx_word' id='word_1_290' title='bbox 1057 3515 1135 3591; x_wconf 86' lang='lat' dir='ltr'>fore,</span> 
     </span>
    </p>

    <p class='ocr_par' dir='ltr' id='par_1_8' title="bbox 85 3608 1136 3797">
     <span class='ocr_line' id='line_1_36' title="bbox 85 3608 1136 3701; baseline -0.005 -25"><span class='ocrx_word' id='word_1_291' title='bbox 85 3640 89 3689; x_wconf 77' lang='grc' dir='ltr'><strong><em>ς</em></strong></span> <span class='ocrx_word' id='word_1_292' title='bbox 117 3632 169 3678; x_wconf 91' lang='lat' dir='ltr'>uno</span> <span class='ocrx_word' id='word_1_293' title='bbox 184 3625 238 3680; x_wconf 90' lang='lat' dir='ltr'>aut</span> <span class='ocrx_word' id='word_1_294' title='bbox 256 3637 416 3680; x_wconf 92' lang='lat' dir='ltr'>summum</span> <span class='ocrx_word' id='word_1_295' title='bbox 434 3615 531 3679; x_wconf 88' lang='lat' dir='ltr'>altero</span> <span class='ocrx_word' id='word_1_296' title='bbox 549 3615 667 3701; x_wconf 90' lang='lat' dir='ltr'>proelio</span> <span class='ocrx_word' id='word_1_297' title='bbox 685 3636 790 3680; x_wconf 89' lang='lat' dir='ltr'>arcem</span> <span class='ocrx_word' id='word_1_298' title='bbox 808 3623 841 3679; x_wconf 88' lang='lat' dir='ltr'>et</span> <span class='ocrx_word' id='word_1_299' title='bbox 858 3620 952 3697; x_wconf 89' lang='lat' dir='ltr'>caput</span> <span class='ocrx_word' id='word_1_300' title='bbox 969 3609 1081 3674; x_wconf 90' lang='lat' dir='ltr'>Italiae</span> <span class='ocrx_word' id='word_1_301' title='bbox 1103 3608 1136 3672; x_wconf 94' lang='lat' dir='ltr'>in</span> 
     </span>
     <span class='ocr_line' id='line_1_37' title="bbox 110 3709 616 3797; baseline 0 -22"><span class='ocrx_word' id='word_1_302' title='bbox 110 3729 198 3775; x_wconf 88' lang='lat' dir='ltr'>manu</span> <span class='ocrx_word' id='word_1_303' title='bbox 215 3733 253 3776; x_wconf 88' lang='lat' dir='ltr'>ac</span> <span class='ocrx_word' id='word_1_304' title='bbox 271 3719 427 3797; x_wconf 88' lang='lat' dir='ltr'>potestate</span> <span class='ocrx_word' id='word_1_305' title='bbox 446 3709 616 3775; x_wconf 88' lang='lat' dir='ltr'>habituros.</span> 
     </span>
    </p>

    <p class='ocr_par' dir='ltr' id='par_1_9' title="bbox 104 3798 1187 4080">
     <span class='ocr_line' id='line_1_38' title="bbox 166 3798 1187 3891; baseline -0.004 -20"><span class='ocrx_word' id='word_1_306' title='bbox 166 3805 346 3871; x_wconf 91' lang='lat' dir='ltr'>Procedere</span> <span class='ocrx_word' id='word_1_307' title='bbox 367 3806 440 3870; x_wconf 91' lang='lat' dir='ltr'>inde</span> <span class='ocrx_word' id='word_1_308' title='bbox 463 3827 578 3891; x_wconf 86' lang='lat' dir='ltr'>agmen</span> <span class='ocrx_word' id='word_1_309' title='bbox 601 3804 717 3891; x_wconf 87' lang='lat' dir='ltr'>coepit,</span> <span class='ocrx_word' id='word_1_310' title='bbox 744 3805 807 3871; x_wconf 91' lang='lat' dir='ltr'>iam</span> <span class='ocrx_word' id='word_1_311' title='bbox 829 3801 908 3868; x_wconf 91' lang='lat' dir='ltr'>nihil</span> <span class='ocrx_word' id='word_1_312' title='bbox 929 3822 968 3866; x_wconf 91' lang='lat' dir='ltr'>ne</span> <span class='ocrx_word' id='word_1_313' title='bbox 991 3798 1134 3865; x_wconf 90' lang='lat' dir='ltr'>hostibus</span> <span class='ocrx_word' id='word_1_314' title='bbox 1157 3820 1187 3867; x_wconf 87' lang='lat'>10</span> 
     </span>
     <span class='ocr_line' id='line_1_39' title="bbox 105 3896 1133 3988; baseline -0.007 -22"><span class='ocrx_word' id='word_1_315' title='bbox 105 3901 228 3984; x_wconf 89' lang='lat' dir='ltr'>quidem</span> <span class='ocrx_word' id='word_1_316' title='bbox 247 3912 373 3986; x_wconf 84' lang='lat' dir='ltr'>praeter</span> <span class='ocrx_word' id='word_1_317' title='bbox 390 3924 487 3987; x_wconf 90' lang='lat' dir='ltr'>parva</span> <span class='ocrx_word' id='word_1_318' title='bbox 505 3900 588 3966; x_wconf 85' lang='lat' dir='ltr'>furta</span> <span class='ocrx_word' id='word_1_319' title='bbox 604 3924 661 3988; x_wconf 93' lang='lat' dir='ltr'>per</span> <span class='ocrx_word' id='word_1_320' title='bbox 679 3899 877 3965; x_wconf 87' lang='lat' dir='ltr'>occasionem</span> <span class='ocrx_word' id='word_1_321' title='bbox 900 3896 1133 3982; x_wconf 80' lang='lat' dir='ltr'>temptantibus</span> 
     </span>
     <span class='ocr_line' id='line_1_40' title="bbox 104 3991 1184 4080; baseline -0.006 -19"><span class='ocrx_word' id='word_1_322' title='bbox 104 4006 241 4061; x_wconf 86' lang='lat' dir='ltr'>ceterum</span> <span class='ocrx_word' id='word_1_323' title='bbox 259 3997 319 4061; x_wconf 88' lang='lat' dir='ltr'>iter</span> <span class='ocrx_word' id='word_1_324' title='bbox 336 3994 434 4061; x_wconf 89' lang='lat' dir='ltr'>multo</span> <span class='ocrx_word' id='word_1_325' title='bbox 457 4018 551 4080; x_wconf 90' lang='lat' dir='ltr'>quam</span> <span class='ocrx_word' id='word_1_326' title='bbox 573 3997 606 4060; x_wconf 91' lang='lat' dir='ltr'>in</span> <span class='ocrx_word' id='word_1_327' title='bbox 628 4017 762 4061; x_wconf 87' lang='lat' dir='ltr'>ascensu</span> <span class='ocrx_word' id='word_1_328' title='bbox 785 3994 901 4071; x_wconf 84' lang='lat' dir='ltr'>fuerat,</span> <span class='ocrx_word' id='word_1_329' title='bbox 928 4002 963 4057; x_wconf 89' lang='lat' dir='ltr'>ut</span> <span class='ocrx_word' id='word_1_330' title='bbox 983 3991 1132 4078; x_wconf 90' lang='lat' dir='ltr'>pleraque</span> <span class='ocrx_word' id='word_1_331' title='bbox 1154 4009 1184 4055; x_wconf 90' lang='grc' dir='ltr'>ιι</span> 
     </span>
    </p>
   </div>
   <div class='ocr_carea' id='block_1_4' title="bbox 0 0 1269 4514">
    <p class='ocr_par' dir='ltr' id='par_1_10' title="bbox 0 0 1269 4514">
     <span class='ocr_line' id='line_1_41' title="bbox 0 0 1269 4514; baseline 0 0"><span class='ocrx_word' id='word_1_332' title='bbox 0 0 1269 4514; x_wconf 95' lang='lat' dir='ltr'> </span> 
     </span>
    </p>
   </div>
  </div>
 </body>
</html>
