2528 4514
62 271 67 277 -
138 243 206 312 120
313 224 316 231 ’
384 251 927 325 n1ssuaxx111,7.8.[a.u.o.538]

140 415 315 483 concitatus
336 415 384 480 ira
401 413 530 481 Poenus
554 411 766 498 conprehendi
787 408 949 476 hominem
971 433 987 475 u

105 529 123 580 a
141 508 264 577 adtrahi
280 507 321 575 ad
340 529 411 576 sese
427 506 529 575 iussit.
573 506 691 573 veritus
710 504 837 584 deinde,
859 527 901 571 ne
918 504 987 589 quie*

11 670 18 676 .
141 603 295 670 tumultus
317 612 412 688 atque
434 624 475 668 ex
497 601 705 668 concitatione
728 600 903 665 animorum
920 599 987 664 incr

14 752 16 756 .
141 696 267 764 taminis
286 705 432 776 oreretur,
450 696 533 783 ipse,
551 694 726 782 praemisso
743 693 854 759 nuntio
871 693 913 758 ad
930 691 987 757 Ma

142 791 226 860 sium
242 799 419 878 praetorem
437 788 651 876 Campanum,
673 797 800 876 postero
817 787 869 853 die
888 809 924 853 se
943 785 987 854 Ca

108 906 124 956 a
141 909 226 966 rum,
245 884 452 973 proficiscitur
469 906 487 951 e
505 883 616 950 castris
634 905 707 949 oum
720 883 845 949 modico
857 882 987 969 praesid

143 980 288 1060 contione
305 978 458 1046 advocata
475 979 583 1058 edicit,
601 989 637 1045 ut
648 978 829 1064 frequentes
843 999 915 1043 cum
933 999 987 1043 con

142 1074 249 1143 liberis
267 1073 394 1141 obviam
411 1074 492 1139 irent
505 1072 690 1139 Hannibali.
718 1071 758 1139 ab
776 1071 933 1138 universis
949 1071 984 1136 id

143 1169 265 1236 dienter
289 1168 399 1247 modo,
426 1167 483 1234 sed
508 1167 614 1246 enixe,
645 1166 755 1232 favore
780 1165 876 1233 etiam
901 1165 987 1253 volgi

143 1262 266 1329 visendi
283 1270 330 1329 tot
345 1263 410 1328 iam
427 1262 566 1329 victoriis
585 1262 705 1327 clarum
721 1261 956 1347 imperatorem,
979 1265 987 1324 t

93 1378 126 1428 10
142 1356 264 1424 Decius
273 1355 405 1445 Magius
418 1377 478 1422 nec
491 1353 618 1422 obviam
632 1377 780 1443 egressus
798 1365 848 1421 est
863 1377 937 1433 nec,
956 1376 987 1440 qr

143 1451 281 1537 aliquem
302 1473 343 1518 ex
365 1451 557 1518 conscientia
574 1445 750 1540 significare
767 1460 890 1538 posset,
913 1451 987 1536 prin

143 1546 226 1612 nuite
252 1546 287 1612 in
307 1545 379 1611 foro
401 1567 474 1611 cum
495 1544 560 1610 fflio
583 1545 813 1630 clientibusque
830 1546 941 1632 paucis
960 1555 987 1611 ot

142 1640 264 1708 bulavit
285 1640 460 1727 trepidante
482 1648 548 1706 tota
572 1640 698 1706 civitate
724 1640 765 1706 ad
790 1639 987 1726 excipiendur

95 1757 127 1806 11
147 1734 386 1820 visendumque.
430 1732 594 1801 Hannibal
624 1735 788 1822 ingressus
814 1733 925 1799 urbem
953 1757 986 1800 se

144 1830 262 1916 templo
283 1829 437 1916 postulat,
459 1829 724 1916 precantibusque
740 1830 813 1896 inde
830 1829 987 1916 primoribi

143 1945 271 2002 norum,
293 1923 428 2008 nequid
446 1944 484 1990 eo
501 1922 553 1990 die
572 1923 671 1990 seriae
688 1924 735 1990 rei
751 1934 874 2012 gereret
892 1925 987 2008 diem<

94 2039 126 2087 12
145 2018 283 2084 adventu
300 2038 359 2084 suo
372 2017 488 2084 festum
501 2017 602 2085 laetus
616 2041 655 2085 ac
666 2018 768 2086 libens
783 2016 968 2096 celebraret,

143 2134 294 2200 praeceps
312 2111 440 2200 iugenio
455 2113 490 2178 in
506 2113 586 2179 iram
599 2123 679 2192 erat,
698 2122 817 2192 tamen,
835 2135 875 2178 ue
889 2113 967 2198 quid
980 2113 988 2177 i

144 2217 287 2294 negaret,
306 2207 438 2273 visenda
454 2206 533 2273 urbe
550 2230 699 2295 magnam
716 2217 838 2295 partem
856 2207 919 2272 diei
937 2230 987 2273 cor

112 2323 125 2369 1
209 2300 304 2367 VIII.
331 2300 529 2369 Deversatus
543 2312 592 2369 est
605 2302 690 2388 apud
703 2302 835 2368 Ninnios
850 2300 987 2382 Celeres,

110 2415 126 2463 a
144 2394 397 2480 Pacuviumque,
415 2396 550 2462 inclutos
567 2395 729 2462 nobilitate
747 2418 785 2462 ac
802 2396 929 2462 divitiis.
966 2419 987 2462 e«

146 2488 311 2568 Calavius,
330 2491 370 2556 de
388 2511 451 2576 quo
469 2499 541 2555 autc
559 2490 678 2555 dictum
696 2499 758 2568 est,
776 2490 921 2576 princeps
935 2490 987 2557 fac

111 2605 226 2668 aquae
253 2592 391 2649 traxerat
415 2605 483 2648 rem
509 2584 550 2649 ad
571 2583 713 2664 Poenos,
739 2584 839 2649 lilium
864 2585 987 2651 iuveue1

145 2675 339 2743 abstractum
361 2676 418 2742 abs
440 2676 524 2743 Deci
540 2676 644 2766 Magii
665 2677 775 2757 latere,
803 2701 875 2745 cum
897 2700 961 2764 quo
983 2703 987 2744 :

144 2792 203 2855 pro
220 2769 366 2837 Romana
389 2771 538 2838 societate
559 2773 712 2840 adversus
730 2772 888 2839 Punicum
905 2773 987 2838 foedi

145 2885 205 2930 nec
222 2885 295 2930 eum
313 2873 367 2931 aut
384 2865 533 2933 inclinata
549 2866 583 2932 in
599 2877 722 2954 partem
739 2868 868 2934 alteram
886 2867 987 2932 civitat

29 2969 32 2975 '
110 2979 128 3026 4
146 2957 294 3024 maiestas
314 2961 467 3027 sententia
484 2962 655 3048 depulerat.
686 2963 760 3028 huic
777 2971 844 3027 tum
861 2963 987 3048 paterii

145 3051 283 3119 nibalem
305 3053 502 3140 deprecando
524 3057 626 3144 magis
644 3079 740 3142 quam
756 3055 922 3144 purgando
939 3056 987 3142 pla

144 3155 260 3233 tuaque
281 3148 379 3235 patris
400 3150 547 3237 precibus
568 3150 768 3236 lacrimisque
785 3152 879 3216 etiam
896 3151 938 3216 ad
956 3172 987 3216 cs

111 3262 127 3310 5
145 3264 218 3308 oum
235 3252 324 3328 patre
341 3245 448 3311 vocari
464 3245 569 3323 iussit,
589 3246 640 3311 cui
654 3245 797 3311 convivio
810 3245 987 3311 nemiuem<

145 3345 364 3423 praeterquam
389 3339 530 3426 hospites
556 3338 791 3424 Vibelliumque
817 3338 987 3418 Tauream,

90 3464 92 3468 ·
112 3449 127 3497 6
145 3429 229 3496 bello
249 3432 367 3510 virum,
394 3432 590 3521 adhibiturus
613 3444 688 3501 erat.
734 3433 852 3519 epulari
871 3455 987 3518 coeper

146 3533 177 3590 et
200 3526 379 3591 convivium
400 3549 464 3593 non
488 3550 528 3593 ex
549 3551 635 3595 more
652 3527 775 3594 Punico
797 3537 852 3593 aut
868 3527 987 3592 militar]

146 3641 230 3698 esse,
259 3629 321 3698 set,
349 3622 438 3687 utin
460 3622 584 3688 civitate
606 3633 700 3707 atque
722 3623 816 3687 etiam
839 3621 933 3686 domo
952 3622 987 3686 di

113 3732 128 3779 t
147 3714 288 3779 omnium
305 3713 513 3801 voluptatium
530 3716 695 3782 inlecebris
713 3717 873 3782 instructa.
909 3737 987 3780 unus

146 3828 258 3872 norum
275 3808 458 3877 invitatione
474 3833 535 3876 nec
546 3812 646 3896 ipsius
660 3811 815 3876 interdum
824 3809 987 3875 Hannibal

146 3899 230 3967 filius
243 3902 374 3989 perpelli
387 3905 428 3970 ad
441 3905 550 3970 vinum
562 3905 672 3991 potuit,
691 3906 760 3991 ipse
777 3905 987 3970 valetudinem

78 4038 80 4042 -
126 4003 235 4080 patra
257 3997 354 4063 animi
375 4021 500 4084 quoque
522 3999 589 4065 eius
612 3998 697 4064 haud
719 3999 893 4065 mhabilem
909 4009 987 4085 perti
