2528 4514
139 243 203 310 508
342 250 458 307 ursan
475 249 573 318 xxx,
591 247 634 303 25.
648 248 690 304 aa
711 251 749 318 [a
758 264 787 303 u.
797 263 821 303 ο.
831 247 893 302 551.
903 247 970 318 aaa]

142 412 397 500 superlabentem
414 418 560 496 poterant
581 426 685 491 neque
702 405 861 471 transilire
884 405 1001 471 armati
1019 429 1059 472 ex
1075 405 1160 472 humi·

108 505 272 576 tlioribus
303 504 338 569 in
369 503 512 569 altiorem
542 524 675 580 navem,
711 510 743 565 et
775 499 1010 566 defendebatur
1040 500 1158 589 egregie,

142 600 248 686 quoad
274 599 337 665 tela
366 595 615 684 suppeditarunt
661 594 731 680 quis
759 594 980 661 deficientibus
1008 595 1071 661 iam
1090 595 1158 660 nulla

23 690 27 696 ⁵
144 696 206 761 alia
230 718 282 760 res
309 717 380 760 eam
406 714 503 777 quam
528 690 746 779 propinquitas
774 701 877 756 terrae
903 689 1159 776 multitudoquea

109 808 125 856 8
144 789 256 854 castris
273 788 308 853 in
324 787 399 852 litus
418 786 521 852 effusa
537 785 618 850 tueri
631 784 743 872 potuit.
779 783 971 852 concitatam
985 784 1070 850 euim
1080 775 1158 850 remis

145 894 262 968 quanto
284 881 423 947 maximo
445 880 565 968 impetu
586 889 733 967 poterant
753 879 788 944 in
810 889 929 945 terram
951 902 1025 945 cum
1041 879 1158 945 inmisis-

145 989 229 1056 seut,
256 976 347 1043 navis
371 985 494 1041 tantum
514 974 635 1039 iactura
656 973 755 1053 facta,
785 973 961 1040 incolumes
984 974 1048 1063 ipsi
1068 996 1187 1065 evase·q

111 1090 125 1138 9
144 1083 228 1138 runt.
272 1071 318 1136 ita
335 1071 397 1136 alio
416 1092 511 1156 super
533 1068 619 1133 aliud
641 1069 760 1134 scelere
779 1089 852 1134 cum
869 1068 957 1134 haud
975 1069 1068 1138 dubie
1083 1068 1156 1134 indu-
1178 1068 1187 1105 ²·

145 1167 208 1232 tiae
224 1176 337 1252 ruptae
355 1175 476 1242 essent,
496 1163 628 1229 Laelius
645 1163 843 1248 Fulviusque
861 1164 903 1228 ab
920 1164 1028 1230 Roma
1045 1186 1109 1229 cum
1120 1162 1157 1228 le-

93 1279 126 1327 10
145 1261 227 1348 gatis
255 1258 573 1346 Carthaginiensibus
600 1268 860 1344 supervenerunt
915 1258 1033 1343 quibus
1059 1256 1154 1346 Scipio,

145 1356 206 1421 etsi
222 1377 288 1420 nou
304 1353 497 1420 indutiarum
513 1353 593 1420 fides
611 1353 706 1419 modo
725 1377 745 1418 a
762 1351 1094 1440 Carthaginiensibus,
1111 1350 1154 1418 scd

144 1450 195 1514 ius
222 1448 318 1515 etiam
343 1448 486 1536 gentium
511 1448 544 1512 in
570 1448 684 1534 legatis
712 1448 864 1514 violatum
886 1458 989 1528 esset,
1016 1459 1112 1514 tamen
1127 1468 1153 1512 sc

144 1543 223 1609 nihil
244 1565 304 1610 uec
326 1543 477 1609 institutis
500 1543 610 1630 populi
626 1543 764 1609 Romani
791 1564 851 1609 nec
879 1543 945 1609 suis
967 1543 1101 1610 moribus
1117 1541 1151 1605 in-

146 1639 278 1726 dignum
293 1638 383 1704 iniis
401 1639 559 1704 facturum
577 1661 649 1704 esse
668 1659 740 1704 cum
757 1637 905 1715 dixisset,
933 1637 1071 1705 dimissis
1086 1638 1153 1723 lege·
1182 1648 1187 1655 '

145 1734 186 1800 tis
204 1733 324 1800 bellum
341 1735 484 1820 parabat.

93 1843 124 1890 11
209 1827 383 1892 Hannibali
408 1827 473 1892 iam
503 1839 605 1894 terrae
631 1826 897 1915 adpropinquanti
921 1828 1030 1895 iussus
1056 1851 1072 1893 e
1093 1847 1149 1892 nau·

144 1919 215 1985 ticis
241 1943 324 1986 unus
351 1923 522 1987 escendere
544 1922 578 1987 in
599 1922 731 2001 malum,
762 1933 799 1988 ut
821 1922 1051 2009 specularetur,
1080 1940 1148 2006 qum

146 2025 290 2080 tenerent
314 2015 491 2103 regionem,
527 2038 600 2082 cum
626 2016 772 2096 dixisset,
809 2017 1016 2104 sepulchrum
1041 2017 1148 2083 dirutum

94 2123 125 2172 12
144 2131 272 2194 proram
299 2120 456 2196 spectare,
493 2112 691 2178 abominatus
718 2112 918 2198 praetervehi
947 2112 1037 2179 iusso
1062 2109 1150 2199 guber·

144 2214 253 2270 natare
281 2204 322 2269 ad
343 2204 474 2291 Leptim
501 2207 623 2292 adpulit
648 2207 782 2272 classem
808 2218 903 2291 atque
925 2206 972 2271 ibi
994 2206 1095 2294 copias
1113 2226 1150 2269 er·

144 2299 261 2385 posuit.
444 2299 446 2303 ’

111 2412 124 2458 1
209 2392 343 2462 XXVI.
388 2395 481 2459 Haec
499 2417 536 2460 eo
555 2417 638 2460 anno
660 2395 694 2460 in
710 2395 824 2460 Africa
845 2406 953 2482 gestat
980 2393 1151 2480 insequentia

144 2489 302 2553 excedunt
319 2488 353 2552 in
371 2512 444 2553 eum
462 2513 594 2567 annum,
614 2512 676 2573 quo
693 2489 742 2555 M.
764 2487 933 2569 Servilius,
954 2492 1010 2576 qui
1027 2501 1091 2556 tum
1104 2510 1151 2552 me

143 2581 242 2668 gister
264 2583 405 2667 equitum
428 2594 508 2661 erat,
536 2594 567 2648 et
585 2584 635 2648 Ti.
656 2581 808 2650 Claudius
826 2585 912 2651 Nero
935 2583 1113 2652 consulesf
1144 2579 1149 2593 ’

109 2693 124 2740 2
144 2688 227 2743 sunt.
269 2689 409 2743 ceterum
427 2677 513 2742 exitu
531 2678 701 2764 superioris
721 2679 795 2744 anni
813 2701 885 2744 cum
902 2679 1003 2767 legati
1021 2680 1151 2746 sociarum

142 2770 268 2834 urbium
286 2795 326 2836 ex
340 2770 477 2837 Graecia
494 2772 597 2856 questi
615 2783 731 2852 esseut,
751 2785 891 2841 vastatos
907 2798 1004 2862 agros
1023 2777 1063 2841 ab
1078 2770 1151 2860 regit

142 2864 308 2947 praesidiis
326 2865 549 2950 profectosque
567 2868 600 2931 in
613 2867 838 2934 Macedoniam
854 2869 981 2956 legatos
1000 2869 1042 2935 ad
1057 2891 1105 2936 res
1119 2887 1153 2931 rc·

108 2977 123 3024 3
142 2959 296 3045 petendas
314 2982 379 3024 non
397 2960 553 3027 admissos
573 2963 614 3026 ad
629 2963 814 3050 Philippum
831 2988 957 3051 regem,
986 2965 1080 3030 simul
1093 2985 1154 3028 nun-

142 3052 289 3132 tiassent,
318 3064 465 3137 quattuor
488 3056 574 3121 milia
600 3056 734 3122 militurn
757 3080 829 3123 cum
848 3056 989 3145 Sopatro
1012 3061 1091 3126 duce
1109 3070 1154 3122 ta·

140 3146 224 3213 iecta
244 3148 278 3213 in
300 3149 445 3214 Africam
463 3150 538 3228 dici,
566 3161 601 3216 ut
619 3164 726 3217 essent
745 3151 1067 3239 Carthaginiensibus
1084 3171 1154 3240 prac-

106 3242 236 3322 4sidi0,
266 3254 298 3308 et
319 3244 472 3330 pecuniae
495 3245 690 3329 aliquantum
715 3271 780 3312 una
802 3247 952 3313 missum:
988 3242 1154 3337 legatosad

139 3360 263 3423 regem,
291 3339 345 3423 qui
371 3340 451 3406 haec
477 3341 630 3407 adversus
656 3341 770 3409 foedus
796 3342 882 3408 facta
904 3344 1009 3410 videri
1034 3343 1154 3432 patribus
1185 3346 1187 3353 '

139 3432 333 3511 nuntiarent,
361 3435 532 3502 mittendos
555 3437 679 3502 censuit
701 3448 840 3504 senatus.
884 3438 978 3504 missi
997 3437 1038 3506 C.
1057 3439 1156 3504 Teren

141 3523 201 3587 tius
220 3526 337 3606 Varro,
358 3526 397 3594 C.
415 3528 593 3609 Mamilius,
611 3531 661 3596 M.
680 3532 842 3598 Aurelius.
878 3531 917 3597 iis
937 3544 1004 3599 tres
1024 3533 1157 3618 quinque

140 3639 243 3684 remes
263 3621 366 3687 datae.
474 3688 479 3703 ,

104 3731 120 3778 5
203 3713 319 3781 Annus
337 3717 472 3805 insignis
490 3719 635 3786 inccndio
654 3721 789 3808 ingenti,
809 3743 871 3806 quo
889 3721 992 3788 clivus
1010 3719 1157 3788 Publicius

138 3806 180 3869 ad
198 3808 300 3873 solum
319 3824 464 3892 exustus,
484 3825 515 3880 et
533 3837 686 3899 aquarum
703 3816 933 3903 magnitudine,
954 3819 1014 3883 sed
1033 3832 1157 3882 annonae

136 3898 256 3967 vilitate
283 3904 357 3984 fuit,
388 3918 609 3993 praeterquam
636 3911 722 3994 quod
747 3933 827 3998 pace
854 3911 959 3978 omnis
987 3913 1083 3979 Italia
1107 3916 1160 3975 erat

102 4005 258 4078 seperta,
287 4000 382 4065 etiam
405 4004 490 4086 quod
510 4027 659 4092 magnam
681 4005 746 4070 vim
769 4005 920 4072 frumeuti
948 4029 990 4073 cx
1016 4002 1163 4096 Hispanis
