2528 4530
127 194 131 202 ¹
201 220 265 289 154
428 230 547 285 ursas
564 229 680 300 xxm,
698 230 740 284 aa
754 229 797 283 ιο.
819 227 1003 298 [suasae]

199 401 277 468 erat,
301 399 333 456 et
347 388 435 456 Crito
448 388 602 454 Boeotius
619 397 651 453 et
665 385 831 453 Sositheus
849 385 998 473 Magnes.
1033 386 1068 451 hi
1084 408 1235 474 prospers

162 487 337 557 stulsrunt
359 504 397 548 ac
419 481 591 548 retulerunt
613 482 770 547 mandata
815 490 864 546 set
883 481 971 566 prius
994 503 1030 546 sc
1052 492 1159 547 aestas
1177 481 1252 573 cir-⁴

200 580 338 666 cumegit
364 599 460 661 quam
486 598 612 642 movere
638 597 676 641 ac
701 574 804 640 moliri
829 575 998 659 quicquam
1027 597 1085 641 rex
1111 585 1234 662 posset:

200 682 322 738 tantum
347 671 439 736 navis
463 693 527 735 una
550 680 641 756 capta
666 692 739 735 cum
765 669 878 756 legatis
908 669 1060 735 momenti
1089 669 1167 736 fecit
1196 669 1233 735 ad

201 767 385 833 dilationem
399 764 579 832 inminentis
596 764 750 831 Bouiania
766 762 850 829 belli.

166 877 183 925 c
264 861 309 926 Et
327 861 409 926 circa
427 858 586 945 Capuam,
613 868 811 944 transgresso
827 856 1019 925 Volturnum
1040 857 1144 926 Fabio
1165 870 1232 946 pust

201 957 326 1043 expiata
352 954 478 1022 uadem
504 953 662 1039 prodigia,
691 951 785 1018 ambo
812 953 957 1019 consules
979 976 1047 1019 rem
1072 953 1227 1041 gerebant

167 1064 183 1111 c
204 1049 451 1117 Combulteriam
469 1057 500 1112 et
513 1045 685 1113 Trebulam
703 1057 734 1111 et
746 1047 948 1113 Austiculam
965 1047 1075 1127 urbes,
1095 1071 1176 1135 quae
1191 1049 1230 1115 ad

201 1145 346 1211 Poenum
364 1142 558 1219 defecerant,
585 1141 705 1207 Fabius
723 1141 756 1207 vi
774 1144 872 1228 oepit3
897 1143 1119 1229 praesidiaque
1134 1145 1169 1211 in
1182 1144 1231 1211 hia

169 1238 392 1306 aHannibalis
417 1236 634 1323 Campanique
660 1237 807 1322 permulti
833 1238 925 1323 capti.
970 1249 1002 1306 et
1027 1238 1129 1306 Nolae
1154 1240 1227 1307 sicut

200 1335 303 1420 priore
329 1353 413 1398 anno
435 1341 562 1397 senatus
580 1331 809 1409 Romanorum,
836 1332 930 1417 plebs·
945 1331 1136 1400 Hannibalis
1158 1344 1223 1415 crat,

202 1428 394 1512 consiliaque
412 1426 536 1493 occulta
553 1426 592 1490 dc
610 1426 706 1491 caede
719 1426 895 1512 principum
909 1436 941 1492 et
958 1427 1134 1512 proditione
1148 1426 1219 1495 uta
1259 1512 1263 1517 Ι

166 1535 183 1582 8
201 1523 369 1589 inibantur.
414 1520 529 1606 quibus
548 1543 588 1586 ne
605 1521 730 1606 incepta
747 1521 965 1606 precederent,
991 1521 1073 1587 iuter
1091 1519 1217 1608 Capuan
1245 1556 1264 1599 ,-

202 1626 367 1700 oestroque
392 1614 601 1692 Hannibalis,
637 1636 719 1698 quae
744 1614 779 1679 in
804 1614 918 1680 Tifatis
951 1625 1056 1694 erant,
1093 1616 1216 1681 uaductc
1251 1660 1259 1667 -

203 1711 342 1777 exercitu
367 1709 487 1777 Fabius
515 1731 609 1795 super
637 1706 822 1775 Suessulam
848 1710 883 1774 in
913 1711 1035 1775 castris
1052 1708 1213 1777 Claudianis
1227 1739 1254 1782 --τ

203 1805 358 1881 consedit,
377 1804 450 1868 inde
467 1802 515 1867 M.
533 1803 725 1869 Marcellum·
738 1813 970 1889 propraetorem
988 1825 1061 1869 cum
1077 1804 1118 1869 iis
1136 1802 1212 1889 copi·
1227 1848 1242 1867 -.

203 1920 281 1984 quas
299 1896 437 1962 habebat
453 1896 566 1963 Nolam
585 1898 618 1961 in
635 1898 826 1983 praesidium
844 1899 938 1963 misit.
1242 1915 1251 1920 “

169 2007 183 2053 1
267 1991 425 2057 XXXX.
469 1990 545 2056 Ει
502 2001 570 2056 tm
592 1989 739 2058 Sardinia
759 2015 809 2058 res
831 1992 947 2078 perT.
967 1992 1126 2062 Manlium
1144 2012 1255 2079 praa-..-

203 2098 303 2152 torem
316 2085 525 2151 administrari
539 2095 681 2172 coeptae,
700 2108 781 2171 quae
794 2087 931 2153 omissae
948 2098 1037 2153 erant
1040 2097 1213 2175 ,postqum
1225 2152 1231 2165 ,

169 2180 246 2263 aQ
270 2180 400 2245 Mucius
421 2189 547 2266 praetor
568 2180 658 2267 gravi
679 2181 789 2246 morbo
812 2191 860 2246 est
882 2182 1049 2267 inplicitus.
1096 2179 1213 2247 Madia
1238 2175 1255 2239 .'·

203 2274 337 2340 navibus
362 2275 466 2361 longis
493 2275 534 2340 ad
553 2274 675 2340 Caralis
703 2274 847 2340 subduct
826 2285 866 2340 trs
889 2275 1119 2361 navalibusque
1139 2270 1213 2343 acciit
1241 2323 1245 2326 -

204 2370 395 2446 armatis,u
373 2379 409 2434 ut
430 2379 511 2435 terra
533 2392 601 2435 rem
618 2380 755 2455 gereret,
782 2379 813 2434 e
815 2394 850 2436 a
866 2392 941 2456 prae
943 2380 1009 2435 tore
1028 2370 1164 2437 exercitu
1177 2386 1214 2433 ac·
1235 2366 1246 2377 “

204 2475 295 2549 cepto
313 2464 376 2528 duo
395 2473 425 2529 et
443 2465 555 2550 viginti
572 2463 659 2528 milia
675 2464 826 2549 peditum,
845 2464 930 2531 mille
948 2465 1102 2531 ducentos
1116 2462 1215 2548 equitat

166 2579 186 2626 a
205 2558 349 2625 confecit
393 2580 466 2625 cum
488 2558 537 2623 his
564 2558 704 2642 equitum
725 2559 929 2644 peditumque
951 2560 1050 2645 copiis
1077 2558 1214 2646 profau
1238 2589 1242 2644 j

203 2655 238 2720 in
264 2677 374 2740 agrum
400 2654 539 2719 hostium
565 2653 642 2718 haut
667 2653 776 2740 procul
802 2655 843 2721 ab
869 2654 1103 2741 Ηοιιιριίοοιοι
1126 2648 1238 2721 (ιιι)

206 2756 309 2812 castra
332 2749 446 2833 posuit.
492 2748 704 2834 Hampsicora
729 2759 797 2814 tum
823 2748 903 2816 forte
874 2747 1098 2835 tprcfectus
1114 2755 1175 2816 crat
1191 2741 1234 2807 it·

205 2840 336 2905 Pellitos
365 2838 483 2907 Sardos
510 2843 551 2907 ad
576 2843 771 2908 iuventutem
802 2843 1004 2921 armandam,
1040 2865 1106 2928 qua
1130 2837 1213 2927 calfit!

170 2944 349 3020 113arrgeret
376 2935 457 3002 filius
484 2937 609 3004 nomine
626 2936 713 3003 Ηοιι
700 2946 752 3003 tus
779 2938 890 3005 castris
916 2948 1072 3024 praeerat.
1112 2938 1142 3005 is
1158 2932 1213 3003 atlt-

206 3029 357 3095 lescentia
374 3029 462 3096 ferox
480 3041 596 3099 temere
613 3031 759 3117 proelio
750 3032 828 3099 mito
794 3032 938 3099 tfusus
955 3032 1155 3127 fugatusque.
1185 3020 1213 3091 tl
1234 3068 1238 3073 ·

206 3125 266 3191 tria
290 3126 377 3191 milia
404 3123 575 3194 Sardorum
601 3150 640 3193 eo
664 3127 784 3214 proelio
807 3151 914 3207 caesa,
942 3129 1115 3217 octingenti
1138 3127 1212 3195 fem
1231 3176 1242 3213 ·.

159 3241 188 3296 a
206 3222 272 3287 vivi
289 3222 381 3308 eapti.
409 3223 488 3288 alius
506 3224 661 3290 exercitus
679 3225 780 3311 primo
797 3247 855 3310 per
871 3248 966 3313 agros
984 3226 1142 3310 silvasque
1156 3221 1212 3305 su·

206 3317 291 3401 palat
293 3339 345 3395 us,
374 3317 460 3395 dein,
488 3341 549 3403 quc
572 3319 682 3384 ducem
707 3318 830 3407 fugisse
852 3320 940 3386 fama
961 3330 1048 3399 erat„
1015 3320 1112 3387 tad
1127 3316 1212 3384 urbm

173 3410 333 3478 onomine
353 3410 507 3490 Cornum,
529 3423 624 3523 caput
641 3413 709 3481 eius
726 3414 879 3501 regionis,
906 3369 1059 3526 confugii
1103 3406 1211 3481 atet·

207 3513 337 3591 tumque
363 3529 401 3573 ec
426 3506 578 3592 proelio
568 3531 604 3573 m
631 3505 778 3575 Sardinia
804 3519 900 3588 esset,
928 3510 961 3577 ni
987 3508 1099 3577 classis
1116 3501 1211 3577 Punic

208 3621 280 3665 cum
298 3601 378 3666 duce
387 3599 602 3680 Hasdrubale
621 3625 702 3687 quae
716 3612 902 3689 tempestate
916 3589 1211 3671 deiectaastliatl'

172 3703 288 3774 terat,
306 3695 340 3761 in
357 3700 497 3782 tempore
514 3697 556 3761 ad
572 3719 665 3783 spera
679 3696 853 3764 rebellandi
868 3697 1064 3767 advenisset.
1097 3688 1212 3763 Manlissl

207 3798 279 3874 post
300 3788 419 3856 famam
441 3790 592 3876 adpulsae
608 3790 748 3857 Punicae
771 3791 880 3859 classis
905 3789 1030 3861 Caralis
1051 3814 1089 3861 ιι
1106 3778 1214 3871 W‘

171 3898 189 3947 8
208 3903 246 3946 ca
263 3882 626 3995 occasioHampsiccras
644 3886 718 3951 data
731 3895 780 3951 est
767 3885 897 3953 tPoenc
912 3908 953 3953 ιο.
960 3885 1121 3974 irmgeudi.
1148 3878 1220 3947 HV

208 3973 332 4056 drubal,
360 3978 458 4064 copiis
480 3980 514 4044 in
535 3989 649 4049 terram
670 3980 819 4066 expositis
839 3990 870 4046 et
892 3980 995 4047 classe
1010 3981 1141 4049 remissa
1155 3972 1224 4043 ΟΝ·
1259 4055 1262 4061 ,
