2528 4514
136 217 203 293 200
344 228 463 285 mena
480 226 727 295 ricemerem.
747 226 936 302 [anemo]

134 411 210 476 que,
242 397 277 454 ut
298 386 413 472 quibus
435 407 635 471 nequaquam
657 385 702 451 eis
725 384 824 471 copiis
847 405 928 469 quas
951 382 1113 477 habebatq

135 491 234 563 esset,
266 504 362 567 quam
387 488 509 567 poterat
530 479 667 551 maxime
693 479 832 545 intentus
855 488 953 564 atquc
978 478 1097 566 agmine

47 570 50 575 ’
136 598 248 645 omnes
266 597 359 641 casus
378 574 552 661 composito
570 573 645 641 ibat.

102 693 117 742 1
200 667 371 735 XXXVI.
400 667 496 739 Forte
514 689 552 733 ea
569 688 658 745 cura,
677 687 758 751 quae
776 664 930 737 adversus
938 664 1064 733 Poenos
1076 688 1113 755 με

136 773 247 853 parata
264 759 376 850 [erat],
393 762 546 828 adversus
557 757 683 827 Siculos
699 759 773 831 usui
789 757 859 825 fuit
892 759 1006 831 castris
1018 760 1113 847 ponenl

137 856 361 944 incompositos
388 876 426 929 ac
452 854 613 940 dispersos
639 863 773 921 nanctus
799 874 854 919 eoa
882 861 914 918 et
934 850 1113 940 plerosquei

138 973 255 1030 ermes,
282 950 368 1035 quod
388 949 531 1036 peditum
552 946 626 1026 fuit,
655 945 873 1026 circumvenit3
900 968 1000 1033 eques
1021 947 1113 1015 levia

139 1045 256 1111 tamine
272 1044 351 1110 inito
369 1065 442 1110 cum
459 1041 656 1128 Hippocrate
673 1045 777 1107 Acras
794 1039 944 1127 perfugit.

104 1159 120 1207 a
201 1138 253 1204 Ea
277 1160 386 1224 pugna
416 1137 596 1202 deficientes
626 1135 667 1201 ab
693 1133 846 1202 Romanis
876 1155 951 1200 cum
977 1133 1113 1201 cohibuiu

139 1230 265 1300 Siculos
283 1230 455 1297 Marcellus
475 1228 651 1316 Syracusas
677 1229 772 1309 redit3
806 1240 838 1294 et
864 1239 938 1315 post
963 1226 1113 1316 pauooed

137 1326 280 1394 Himilco
305 1326 454 1391 adiuncto
479 1324 675 1411 Hippocrate
701 1324 743 1389 ad
768 1323 886 1389 flumen
907 1321 1113 1411 Anapum

104 1443 120 1492 a
138 1421 238 1488 ferme
255 1421 329 1487 inde
347 1419 447 1498 milia,
475 1429 578 1485 castra
599 1418 714 1506 posuit.
759 1417 819 1484 sub
841 1417 927 1487 idem
948 1416 1030 1485 forte
1045 1429 1113 1509 temp

139 1527 171 1581 et
196 1537 293 1581 naves
319 1514 435 1600 longae
460 1514 598 1598 quinque
625 1523 656 1578 et
682 1512 911 1601 quinquaginta
932 1510 1113 1601 Carthaginis

138 1611 221 1677 sium
248 1630 321 1675 cum
346 1607 524 1673 Bomilcare
549 1605 661 1674 classis
686 1607 721 1673 in
746 1629 897 1693 magnum
922 1617 1045 1694 portum
1067 1602 1113 1693 Sp

101 1721 233 1775 acusas
251 1724 292 1768 ex
313 1701 375 1768 alto
393 1701 558 1767 decurrere
580 1711 612 1766 et
628 1700 773 1766 Romana
794 1700 870 1766 item
891 1699 1017 1781 classis,
1042 1709 1113 1787 tngp

139 1796 393 1881 quinqueremes,
429 1793 586 1881 legionem
616 1793 751 1881 primam
780 1792 955 1861 Panhormi
989 1814 1113 1882 expoeuq

139 1911 329 1974 versumque
354 1888 394 1955 ab
412 1887 506 1955 Italia
530 1885 650 1954 bellum
665 1925 693 1937 -
713 1888 794 1955 adeo
819 1898 952 1974 uterque
978 1886 1102 1976 populus

105 1974 283 2053 cSiciliam
304 1983 487 2049 intentus-
503 1980 603 2048 fuisse
625 1982 725 2048 videri
746 1991 877 2069 poterat.
930 1983 1070 2073 legionem
1091 1978 1113 2061 lg

139 2100 280 2156 manem,
306 2098 389 2162 quae
415 2075 558 2163 exposita
582 2075 733 2143 Panormi
759 2087 839 2156 erat,
870 2077 1041 2143 venientem
1056 2070 1113 2177 Syl

140 2194 234 2239 cusas
251 2171 387 2257 praedae
402 2170 481 2236 haut
502 2170 597 2236 dubie
619 2169 680 2236 sibi
702 2170 841 2236 futuram
858 2170 1113 2243 Himilconem

106 2265 307 2351 edecipitur3
344 2266 571 2331 mediterraneo
601 2286 740 2348 namque
770 2264 898 2331 Poenus
932 2265 1037 2331 itinere
1055 2258 1113 2335 Μ

138 2358 223 2447 legio
239 2359 402 2425 maritimis
420 2358 498 2425 locis
516 2359 618 2424 classe
634 2367 843 2445 prosequente
860 2360 902 2424 ad
918 2346 1113 2447 Appiumllhl

139 2455 227 2519 dium
243 2452 431 2539 Pachynum
449 2475 522 2519 cum
538 2462 627 2540 parte
645 2453 806 2539 copiarum
824 2453 953 2519 obviam
969 2475 1035 2540 pro
1057 2476 1084 2503 ἰν

107 2570 121 2616 7
140 2547 290 2634 pervenit.
335 2569 394 2613 nec
421 2547 538 2612 diutius
556 2547 658 2614 Poeni
683 2548 724 2612 ad
744 2544 921 2634 Syracusas
948 2544 1049 2614 morati

139 2652 171 2707 et
187 2642 360 2720 Bomilcar,
380 2641 474 2707 simul
490 2664 603 2729 parum
619 2641 721 2708 fidens
738 2641 873 2707 navibus
893 2641 973 2721 suis,
991 2630 1084 2726 duplici

12 2741 17 2750 '
141 2734 199 2799 cile
224 2757 356 2799 numero
384 2734 518 2801 classem
543 2735 733 2801 habentibus
759 2735 928 2815 Romanis,
958 2732 1042 2801 simul
1071 2756 1086 2792 ι’,

141 2850 230 2893 mora
247 2849 377 2893 cernens
395 2828 473 2893 nihil
490 2828 577 2894 aliud
594 2829 634 2895 ab
653 2829 719 2894 suis
738 2851 834 2914 quam
851 2829 992 2918 inopiam
1007 2852 1054 2905 am
1079 2848 1089 2892 ¹,

106 2942 123 2990 8
142 2920 311 2999 sociorum,
338 2921 416 2987 velis
433 2922 467 2987 in
488 2922 586 2988 altum
604 2923 686 2989 datis
707 2923 741 2987 in
758 2921 904 2989 Africam
926 2920 1063 2989 transo'
1077 2936 1084 2955 ·

140 3014 282 3080 Himilco
300 3025 427 3082 secutus
444 3017 635 3101 nequiquam
643 3016 832 3083 Marcellum
848 3015 1033 3105 Syracusas,
1049 3036 1089 3082 se:

140 3108 324 3194 priusquam
341 3110 511 3177 maioribus
530 3111 628 3196 copiis
646 3113 841 3198 iungeretur,
870 3112 995 3178 occasio
1011 3133 1044 3197 p·
1056 3139 1076 3187 ιι

141 3212 240 3283 esset,
266 3213 433 3290 postquam
460 3227 498 3270 ea
523 3205 610 3270 nulla
636 3206 809 3293 contigerat
831 3215 996 3291 tutumque
1017 3204 1055 3270 ad
1095 3233 1101 3272 ι,

107 3319 123 3368 a
143 3318 235 3363 cusae
253 3307 286 3363 et
301 3299 495 3365 munimento
513 3310 544 3364 et
557 3299 676 3366 viribus
690 3299 815 3367 hostem
829 3299 986 3379 cernebat,
1004 3322 1043 3366 ne
1082 3327 1091 3346 ι

142 3390 315 3458 adsidendo
351 3394 584 3478 spectandoque
619 3394 815 3460 obsidionem
851 3395 1010 3461 sociorum
1047 3404 1105 3464 tm&

142 3492 268 3562 tereret,
296 3496 398 3552 castra
418 3487 491 3551 inde
513 3488 625 3566 movit,
652 3496 701 3566 ut,
728 3509 927 3573 quocumque
949 3496 1107 3555 vocasset*

141 3577 286 3644 fectionis
304 3578 345 3644 ab
362 3580 508 3646 Romano
526 3603 613 3667 spes,
641 3582 825 3647 admoveret
840 3582 1014 3649 exercitum
1030 3594 1113 3667 acptt

92 3694 217 3744 10sens
244 3695 319 3739 suas
344 3697 396 3739 res
423 3674 603 3740 foventibus
630 3676 759 3742 adderet
781 3675 913 3741 animos.
959 3670 1113 3763 Murgant'a

142 3767 278 3850 primum
303 3768 427 3853 prodito
453 3767 494 3835 ab
519 3769 597 3854 ipsis
623 3770 781 3855 praesidio
801 3769 949 3837 Romano
969 3770 1113 3857 recipit!

142 3857 291 3926 frumenti
317 3884 432 3948 magna
457 3863 507 3927 vis
534 3875 790 3949 commeatusque
816 3862 918 3931 omnis
949 3864 1113 3952 generice

81 4004 84 4011 .
144 3952 226 4017 vecti
244 3964 331 4021 erant
348 3955 510 4022 Romanis.
