2528 4514
143 233 206 301 164
413 243 661 313 nissaxxrn,
679 243 722 300 ra
743 216 931 317 [amassai

142 406 221 470 taria
247 405 352 490 signa,
380 411 501 488 septem
528 401 724 486 elephantos,
753 402 892 486 quinque
917 402 953 468 in
975 404 1076 490 proeli<

142 502 215 566 oisis
221 526 230 578 3
252 499 405 582 trinisque
422 518 461 562 eo
478 496 529 561 die
548 497 658 561 castris
676 497 768 583 potiti
785 507 868 562 sunt.

91 615 125 665 12
206 592 332 680 Iliturgi
362 591 534 667 obsidione
555 590 684 657 liberato
715 592 757 657 ad
781 591 901 658 Intibili
928 616 1076 680 oppugna

143 687 256 755 Punici
273 686 428 752 exercitus
447 685 581 750 traducti
599 685 749 771 suppletis
768 686 867 772 copiis
886 709 926 752 ex
944 689 1076 775 proviuci

142 805 224 868 quae
237 783 375 848 maxime
388 782 528 847 omnium
541 779 615 846 belli
628 781 729 858 avida,
748 782 843 848 modo
855 783 974 868 praeda
987 794 1040 848 aut
1052 809 1076 848 m

93 900 124 946 13
143 888 241 955 esset,
260 888 291 943 et
308 887 376 942 tum
392 877 554 942 iuventute
572 874 761 941 abundante.
796 877 910 942 iterum
929 878 1075 965 signiaco

142 974 253 1039 eadem
271 972 397 1038 fortuna
414 971 576 1055 utriusque
594 971 690 1055 partis
704 981 888 1058 pugnatum.
918 996 1014 1060 supra
1027 984 1076 1040 tre<

142 1068 228 1133 milia
250 1066 388 1132 hostium
410 1087 517 1144 caesa,
549 1088 645 1150 supra
666 1066 728 1129 duo
757 1075 848 1152 capta
871 1089 944 1132 cum
971 1068 1067 1155 signis

92 1181 125 1231 14
144 1163 202 1229 bus
222 1171 253 1228 et
270 1161 477 1248 quadraginta
495 1169 526 1226 et
543 1172 657 1224 nomm
675 1158 859 1245 elephantis.
888 1170 956 1227 tum
973 1184 1076 1230 veroo

142 1279 240 1343 prope
265 1256 442 1343 Hispaniae
467 1254 576 1342 populi
602 1255 644 1320 ad
664 1255 825 1322 Romanos
852 1255 1076 1323 defeceruntn

142 1374 204 1437 que
230 1351 364 1419 maiores
390 1373 429 1418 ea
455 1358 573 1416 aestate
599 1349 632 1416 in
649 1349 807 1438 Hispania
828 1372 925 1436 quam
951 1352 986 1417 in
1008 1352 1076 1418 Itali

141 1455 259 1533 gestae.

396 1755 616 1836 [PERIOGHA
637 1757 744 1817 LIBRI
765 1755 916 1838 XXIHL]

197 1897 401 1966 [Hieronymus
417 1893 660 1966 Syracusanorum
678 1913 741 1966 rex,
769 1896 849 1951 cuius
867 1903 950 1967 pater
964 1898 1076 1954 Hieros

144 1973 244 2045 populi
253 1973 374 2028 Romani
384 1971 491 2041 fuerat,
510 1975 548 2029 ad
558 1972 808 2044 Carthaginienses
821 1974 928 2030 defecit
942 1981 973 2030 et
982 1983 1076 2047 propte

146 2050 290 2105 delitatem
308 2049 526 2123 superbiamque
542 2051 633 2106 esuis
651 2050 818 2107 interfectus
832 2058 884 2107 est.
930 2053 977 2108 Ti.
994 2053 1076 2125 Semp:

146 2127 292 2183 Gracchus
319 2128 475 2198 proconsul
499 2145 637 2200 prospere
661 2128 797 2185 adversus
820 2129 935 2184 Poenos
958 2137 990 2186 et
1008 2133 1076 2187 Ham

145 2205 244 2261 ducem
263 2205 300 2261 ad
316 2205 510 2261 Beneventum
528 2207 668 2278 pugnavit
686 2224 830 2262 servorum
843 2207 962 2262 maxime
984 2226 1076 2280 opera,

143 2282 249 2338 liberos
269 2299 333 2338 esse
351 2283 443 2338 iussit.
480 2282 617 2340 Claudius
636 2284 789 2340 Marcellus
808 2285 909 2339 consul
927 2285 957 2340 in
973 2285 1076 2354 Sicilia,

141 2377 231 2431 prope
250 2365 312 2416 tota
329 2361 368 2416 ad
380 2361 496 2417 Poenos
516 2361 676 2434 defecerat,
695 2361 852 2434 Syracusas
872 2362 998 2418 obsedit
1042 2363 1076 2418 Ph

142 2438 331 2494 Macedonum
340 2439 402 2512 regi
411 2440 518 2495 bellum
526 2440 662 2495 indictum
672 2447 725 2511 est,
736 2441 785 2512 qui
795 2441 832 2495 ad
841 2440 1027 2511 Apolloniam
1036 2459 1076 2497 no<

141 2517 250 2586 proelio
266 2518 422 2589 obpressus
437 2516 612 2588 fugatusque
629 2518 659 2572 in
672 2518 869 2573 Macedoniam
885 2536 949 2574 cum
967 2537 1057 2591 prope
1073 2519 1076 2572 i

143 2593 268 2649 exercitu
285 2594 420 2665 profugit.
458 2595 495 2650 ad
512 2595 543 2650 id
561 2596 668 2650 bellum
683 2597 839 2668 gerendum
854 2596 892 2652 Μ.
906 2597 1040 2654 Valerius
1058 2615 1075 2667 p

143 2670 254 2726 missus.
298 2671 435 2727 Celtiberi>
452 2689 565 2745 quoque
583 2673 614 2727 in
629 2673 781 2729 amicitiam
804 2674 912 2746 recepti
936 2681 1011 2729 sunt.
1055 2692 1076 2745 qr

144 2748 255 2802 auxiliis
282 2749 401 2817 adscitis
427 2755 496 2805 tuno
516 2752 636 2822 primum
658 2752 882 2807 mercennarium
904 2752 1024 2809 militem
1045 2752 1076 2806 R«

109 2887 111 2892 Ι
145 2830 238 2880 castra
251 2825 420 2882 habuerunt.
456 2846 502 2884 res
511 2835 661 2900 praeterea
674 2829 704 2885 in
713 2830 853 2901 Hispania
863 2847 880 2886 a
889 2831 923 2885 P.
934 2836 964 2887 et
975 2832 1025 2887 Cn.
1036 2829 1076 2885 Sci

66 2916 69 2921 ’
144 2902 198 2957 bus
213 2901 349 2957 adversus
358 2902 608 2977 Carthaginienses
622 2913 719 2977 gestas
733 2908 870 2962 continet
906 2925 924 2962 a
938 2909 1042 2978 quibus
1056 2906 1076 2976 ἃ

144 2995 194 3033 rex
204 2979 352 3036 Numidiae
362 2982 391 3036 in
401 2983 551 3039 amicitiam
561 2984 695 3053 adscitus,
716 2985 963 3056 quiaMasanissa
974 2983 1076 3055 Massyl

126 3083 128 3087 v
144 3073 212 3126 rege
225 3073 277 3127 pro
289 3055 571 3131 Oarfflaginiensibus
580 3066 727 3132 pugnante
737 3060 829 3116 victus
842 3061 872 3116 in
881 3062 1050 3134 Hispaniam
1063 3077 1076 3115 a

143 3133 257 3204 pionem
275 3153 338 3190 cum
356 3153 459 3208 magna
477 3155 562 3194 manu
580 3138 694 3193 transiit
712 3144 812 3195 contra
830 3138 942 3211 Gades,
978 3140 1028 3195 ubi
1050 3156 1076 3194 ar

143 3209 216 3267 freto
226 3211 326 3269 Africa
335 3219 364 3270 et
372 3213 511 3286 Hispania
520 3215 709 3288 dirimuntur]
