2528 4514
342 207 462 265 Lusus
479 208 611 282 xxlm,
629 210 656 267 4.
672 209 696 266 5.
718 215 756 280 [a.
768 210 797 267 u.
807 213 871 286 215]
1060 207 1123 272 169

95 376 275 439 momento
291 365 416 453 prolato
432 389 592 453 pueroque
606 368 640 434 in
652 369 830 437 contionem
847 372 1040 459 producto-
1014 387 1121 443 -tera

95 471 193 537 ΙΙιιιιιιι
210 460 392 547 quindecim
410 471 477 526 turn
495 461 594 528 ferme
611 486 798 530 annorum·
803 512 812 544 ,
834 466 960 552 paucis,
988 470 1042 553 qui
1063 493 1121 557 per
1140 495 1156 540 s

162 557 170 574 '
189 579 265 622 nem
282 557 325 622 ad
342 555 525 622 excitandos
544 556 696 624 clamores
719 559 863 648 dispositi
882 573 984 641 erant,
1008 564 1121 651 adpro-

123 726 127 737 ·
163 650 233 718 bus
253 659 490 728 testamentum,
518 652 629 718 ceteris
647 652 734 718 velut
750 662 837 739 patre
860 654 977 721 amisso
995 656 1028 722 in
1046 657 1122 724 orba

141 745 149 763 “
192 745 336 812 somnia
354 745 550 824 timentibus,
569 745 719 812 funusfit
707 748 875 834 trogium,
895 751 997 838 magis
1016 772 1158 822 amores

139 840 202 905 'um
216 849 250 906 et
264 838 394 905 caritate
408 860 504 923 quam
517 861 592 905 cura
606 862 734 907 suorum
749 841 880 908 celebre.
907 843 995 910 brevi
1008 846 1121 913 deinde
1141 867 1156 915 9

107 1008 110 1013 ,
189 959 205 1001 s
223 943 344 1000 tutores
363 944 540 1001 summovet
552 933 792 1014 Adranodorus,
810 935 956 1002 iuvenem
970 939 1033 1005 iam
1051 963 1121 1008 esse

151 1029 231 1096 ’tans
249 1027 484 1115 Hieronymum
506 1051 544 1095 ac
560 1029 651 1116 regni
672 1038 831 1115 potentem
837 1055 847 1109 3
874 1031 1122 1120 deponendoque
1152 1065 1155 1071 ·

109 1196 112 1201 ,
151 1123 215 1188 lam
237 1123 322 1209 ipse,
354 1143 436 1206 quae
459 1121 696 1208 cumpluribus
721 1123 896 1190 communis
919 1136 1000 1206 erat,
1031 1127 1064 1194 in
1087 1152 1122 1200 se

114 1232 183 1282 'um
201 1218 344 1284 omnium
362 1216 445 1283 vires
464 1216 625 1282 convertit.

95 1312 106 1391 l
148 1310 189 1377 V.
235 1309 301 1376 Vix
328 1310 455 1396 quidem
482 1310 538 1375 ulli
564 1309 648 1376 bono
675 1310 897 1396 moderatoque
923 1312 991 1399 regi
1017 1312 1153 1386 facilisr

139 1405 268 1472 tfavor
298 1416 375 1491 aput
403 1403 620 1491 Syracusanos
653 1405 833 1471 succedenti
864 1416 969 1472 tantae
1000 1408 1121 1474 caritati

108 1568 111 1573 ,
132 1501 249 1578 eronis3
276 1522 386 1565 verum
405 1499 488 1564 enim
505 1521 580 1566 vero
598 1499 827 1586 Hieronymus,
848 1500 933 1567 velut
951 1502 1017 1568 suis
1035 1503 1119 1569 vitiis
1138 1526 1156 1574 a

144 1593 325 1660 ‘derabilem
353 1593 477 1660 efficere
508 1593 602 1660 vellet
628 1618 741 1673 avum,
777 1595 878 1680 primo
909 1596 1016 1663 statim
1046 1619 1121 1663 eon-

213 1689 320 1754 omnia
337 1711 433 1772 quam
451 1688 589 1774 disparia
606 1698 712 1754 essent
730 1689 874 1754 ostendit.
905 1690 1048 1776 namqui
1064 1714 1122 1778 per
1140 1713 1156 1760 s

159 1805 258 1848 annos
275 1781 450 1847 Hieronem
477 1783 638 1894 filiumque
665 1783 733 1850 eins
758 1779 913 1849 Gelonem
938 1806 998 1851 nec
1023 1787 1120 1853 vestis

95 2056 224 2147 {matos
238 2067 461 2155 quadrigisque
476 2068 569 2133 etiam
583 2067 725 2134 alborum
740 2092 891 2153 equorum
909 2071 1066 2137 interdurn
1080 2093 1120 2137 ex
1138 2091 1155 2138 4

95 2128 355 2248 lhp'sprocedent
357 2183 407 2226 em
420 2185 506 2228 more
515 2161 654 2250 Dronysr
669 2163 801 2272 tyranni.
833 2163 919 2229 hunc
933 2174 997 2229 tarn
1011 2187 1119 2253 super·
1134 2185 1155 2234 o

181 2265 363 2342 apparatum
377 2255 581 2341 habitumque
592 2256 805 2323 convenientis
821 2256 1033 2341 sequebantur
1046 2281 1120 2324 con-

120 2420 126 2427 ,
240 2350 382 2416 omnium
399 2350 578 2429 hommum,
598 2350 752 2437 superbae
770 2372 875 2428 aures,
895 2352 1120 2417 contumeliosa

122 2514 125 2521 ,
175 2491 185 2521 ,
210 2444 272 2510 rari
289 2444 393 2509 aditus
415 2467 480 2510 non
502 2444 612 2510 ahenis
630 2444 739 2523 modo,
768 2453 816 2510 set
837 2443 991 2510 tutoribus
1015 2445 1119 2522 etiam,

140 2536 148 2552 ’
167 2538 233 2604 'nes
250 2560 366 2617 novae,
385 2538 556 2605 inhumana
570 2539 747 2605 crudelitas.
775 2539 880 2623 itaque
894 2548 999 2604 tantus
1016 2537 1119 2604 omnis
1130 2561 1156 2610 ,o

153 2654 187 2699 or
201 2633 373 2711 invaserat,
392 2645 426 2698 ut
444 2634 572 2718 quidam
591 2656 631 2700 ex
648 2632 802 2699 tutoribus
821 2643 875 2698 aut
892 2642 991 2698 morte
1009 2631 1119 2698 volun·

100 2786 103 2791 .
140 2726 168 2792 'a
184 2738 237 2793 aut
254 2727 333 2814 fuga
349 2738 580 2814 praeverterent
597 2737 716 2793 metum
735 2727 968 2814 suppliciorum.
997 2737 1060 2793 tres
1079 2749 1119 2794 ex
1138 2749 1153 2796 s

95 2798 136 2898 h,
158 2819 270 2905 quibus
291 2823 366 2888 solis
385 2823 488 2888 aditus
506 2823 538 2888 in
557 2823 686 2889 domum
704 2821 887 2888 familiarior
908 2832 988 2901 erat,
1015 2821 1120 2888 Adra-

95 2915 225 2982 nodorus
244 2929 275 2983 et
293 2917 448 3005 Zoippus,
471 2918 580 3006 generi
597 2917 764 2996 Hieronis,
788 2928 819 2984 et
837 2917 961 2984 Thraso
979 2918 1118 3002 quidam,

95 3007 134 3075 tle
148 3011 214 3078 aliis
231 3013 359 3098 quidem
380 3013 474 3080 rebus
496 3013 573 3079 haut
591 3034 781 3100 magnopere
803 3012 1024 3078 audiebantur:
1051 3022 1155 3081 ten-8

102 3103 190 3172 dendo
213 3117 318 3173 autem
340 3108 403 3172 duo
425 3107 466 3172 ad
489 3107 780 3194 Carthaginienses,
813 3106 935 3172 Thraso
958 3106 999 3170 ad
1021 3105 1121 3170 socie-

103 3206 184 3265 htem
193 3201 383 3280 Romanam,
402 3203 571 3268 certamine
589 3225 627 3268 ao
644 3203 756 3268 studiis
768 3201 924 3266 interdum
941 3199 975 3264 in
993 3219 1027 3265 se
1046 3219 1120 3264 oon-

105 3295 250 3362 urtebant
267 3296 406 3363 animum
425 3297 650 3375 adulescentis,
669 3318 741 3362 cum
756 3294 927 3362 coniuratio
940 3293 973 3359 in
991 3292 1117 3379 tyranni
1136 3310 1151 3358 s

100 3400 181 3476 caput
202 3391 288 3456 sacta
308 3390 464 3456 indicatur
484 3413 542 3477 per
564 3391 728 3458 Callonem
754 3389 925 3475 quendam,
956 3385 1119 3471 aequalem

97 3481 274 3574 Hieronymi
298 3497 329 3552 et
350 3486 414 3551 iam
436 3486 509 3552 inde
531 3510 550 3552 a
571 3508 669 3572 puero
691 3487 725 3551 in
746 3484 851 3550 omnia
867 3482 1034 3548 familiaria
1051 3481 1120 3546 iura

96 3579 262 3646 adsuetum.
307 3581 403 3646 index
420 3605 518 3647 unum
536 3604 576 3647 ex
594 3580 762 3647 coniuratis
781 3579 995 3655 Theodotum,
1019 3598 1039 3642 a
1055 3594 1173 3659 quono

95 3672 155 3760 lpse
173 3676 349 3762 appellatus
368 3687 447 3756 erat,
465 3677 628 3743 nominare
644 3675 758 3763 potuit,
783 3674 837 3758 qui
854 3693 1046 3761 conprensus
1066 3693 1120 3736 ex-

95 3769 203 3857 templo
231 3771 425 3855 traditusque
448 3770 657 3837 Adranodoro
684 3770 889 3854 torquendus,
925 3768 964 3833 de
991 3765 1120 3850 seipse

95 3863 162 3929 baut
180 3875 364 3931 cunctanter
380 3865 486 3932 fassus
506 3867 649 3933 conscios
672 3863 802 3930 celabat.
846 3871 1020 3949 postremo,
1047 3881 1119 3925 cum
1140 3877 1170 3924 11

95 3961 232 4027 >mnibus
259 3960 462 4028 intolerandis
488 3961 656 4047 patientiae
681 3959 838 4026 humanae
865 3955 1053 4022 cruciatibus
1075 3954 1126 4018 lae·
