2528 4514
151 212 195 287 90
318 303 320 307 .
388 228 507 287 umus
523 230 625 300 xxu,
645 230 745 288 eres.
765 228 950 301 [anama]

118 406 123 435 ³
151 382 217 477 qu‘e
237 382 378 477 accipere
401 390 571 472 sedemque
593 387 680 453 eise
702 384 794 452 dirae
817 388 907 466 dare,
934 388 1040 453 dicare

151 485 244 564 lium,
271 484 423 570 templum
445 483 531 548 Iovis
559 483 669 568 optimi
695 481 835 546 maximi.
879 482 978 548 inea
1002 504 1044 546 art

152 580 317 645 Romanae
343 586 497 642 sacratam
528 576 687 641 volentem
716 576 961 663 propitiumque,
997 575 1044 639 firr

119 696 127 723 ··
154 671 298 738 stabilem
316 671 383 736 fore
401 671 518 757 populo
535 669 691 736 Romano.

102 781 135 828 13
154 798 158 803 ·
201 766 408 832 'Funditores
430 765 645 851 sagittariique
667 775 699 830 et
720 765 914 830 frumentum
940 765 1044 829 traditi

152 859 286 926 sulibus.
323 859 563 945 quinqueremes
581 859 623 923 ad
640 857 769 923 naviunr
788 855 837 946 [c]
852 857 1003 935 classem,
1022 880 1044 941 q

154 955 193 1019 Τ.
209 951 347 1020 Otacilio
364 962 565 1039 propraetore
581 953 615 1017 in
629 950 738 1018 Sicilia
755 962 857 1032 erant,
875 952 1016 1036 quinque
1034 975 1044 1016 ε

123 1059 131 1067 “
154 1049 294 1126 additae,
319 1047 572 1134 permissumque
594 1056 656 1123 est,
684 1055 732 1123 ut,
761 1047 788 1110 si
810 1045 1026 1132 erepublica

156 1165 241 1221 esse,
259 1143 294 1207 iu
310 1141 455 1207 Africam
472 1143 629 1207 traiceret

123 1262 137 1307 1
221 1234 429 1302 XXXVIII.
472 1235 602 1301 Dilectu
620 1235 760 1322 perfecto
778 1236 924 1301 consules
942 1258 1044 1320 pauco

120 1355 138 1402 2
158 1333 242 1410 dies,
261 1331 337 1395 dum
355 1331 433 1397 socii
450 1329 491 1396 ab
508 1331 635 1395 nomine
650 1331 770 1395 Latino
788 1331 938 1395 venirent.
980 1330 1044 1394 mili

117 1460 123 1471 ·
154 1418 431 1511 quod'numquam
449 1433 542 1490 antea
558 1424 677 1490 factum
695 1434 776 1503 erat,
800 1424 1017 1489 iureiurando
1036 1447 1044 1488 t

152 1520 204 1584 nis
230 1518 365 1584 militum
392 1519 496 1584 adacti
522 1518 650 1602 (milites
676 1519 766 1585 iussu
793 1518 959 1584 consulum
982 1540 1043 1583 con

118 1636 259 1700 sueque
275 1613 400 1679 iniussu
417 1613 588 1699 abituros):
615 1636 689 1678 nam
711 1614 753 1679 ad
775 1634 845 1678 eam
868 1613 952 1677 diem
974 1613 1044 1677 nihi

117 1715 126 1760 ἴ
155 1719 386 1774 sacramentum
409 1706 526 1786 fuerat,
553 1716 584 1772 et
605 1707 662 1774 ubi
683 1707 725 1772 ad
746 1708 941 1773 decuriatum
965 1718 1020 1772 aut
1039 1731 1044 1770 t

155 1813 223 1867 tum
245 1802 481 1881 convenissent,
509 1825 568 1866 sua
591 1802 751 1868 voluntate
773 1802 835 1888 ip'si
851 1802 933 1865 inter
952 1823 1044 1866 sese*

115 1896 292 1979 usquites,
317 1896 482 1960 centuriati
498 1896 622 1982 pedites
644 1894 862 1974 coniurabant,
886 1916 956 1960 sese
979 1896 1044 1982 fug:

155 1987 333 2054 formidinis
357 2010 433 2076 ergo
455 2012 520 2055 non
541 1988 683 2055 abituros
706 2011 808 2074 neque
827 2012 868 2054 ex
885 1989 995 2053 ordine
1013 2013 1044 2054 re

155 2083 218 2147 nisi
240 2082 294 2147 teli
317 2084 462 2148 sumendi
485 2094 540 2149 aut
560 2083 688 2170 petendi
714 2100 747 2148 et
772 2094 826 2149 aut
852 2083 952 2148 hostis
980 2084 1044 2148 feri

36 2254 40 2260 ,
116 2190 138 2248 's
157 2177 234 2242 civis
248 2177 394 2242 servandi
407 2200 512 2243 causa.
532 2179 565 2243 id
579 2200 619 2243 ex
627 2177 803 2243 voluntario
816 2177 897 2241 inter
909 2178 997 2263 ipsos
1012 2178 1044 2242 fo

151 2269 298 2335 tribunos
313 2292 351 2336 ac
362 2271 535 2358 legitimam
549 2272 626 2336 iuris
640 2272 763 2336 iurandi
781 2271 978 2336 adactionem
997 2281 1044 2335 tra

120 2389 155 2436 c·
222 2363 409 2444 Contiones,
426 2367 612 2451 priusquam
626 2365 666 2431 ab
684 2365 762 2432 urbe
781 2366 872 2452 signa
889 2387 1044 2430 moveren

116 2467 119 2473 ’
156 2459 233 2524 sulis
252 2458 404 2526 Varronis
422 2460 539 2524 multae
557 2482 595 2525 ac
612 2460 734 2525 feroces
752 2459 856 2536 fuere,
879 2459 1044 2523 denuntiat

154 2553 221 2618 lum
243 2554 428 2618 arcessitum
449 2554 483 2617 in
500 2553 626 2618 Italiam
649 2553 689 2619 ab
712 2553 870 2619 nobilibus
893 2575 1044 2617 mansuru

113 2658 137 2717 ἔτ
155 2646 330 2712 visceribus
348 2647 394 2711 rei
412 2646 571 2731 publicae,
591 2648 618 2712 si
630 2647 736 2734 plures
745 2647 863 2712 Fabios
877 2647 1044 2732 imperator

121 2762 138 2810 8
155 2749 217 2816 ret,
242 2761 291 2817 se,
315 2762 379 2823 quo
397 2741 448 2805 die
465 2741 590 2806 hostem
607 2742 753 2820 vidisset,
778 2742 1001 2828 perfecturum.
1043 2775 1044 2793 κ

156 2833 223 2898 eius
241 2831 336 2911 Pauli
351 2855 416 2898 una
433 2834 533 2919 pridie
551 2856 647 2919 quam
665 2834 707 2901 ab
726 2834 804 2901 urbe
822 2836 1044 2920 proficisceretr

116 2952 120 2965 ·
155 2927 232 3004 fuit,
250 2927 354 2992 verior
366 2945 461 3011 quam
475 2930 595 3016 gratior
610 2930 743 3016 populo,
763 2950 827 3016 qua
844 2929 922 2992 nihil
938 2929 1044 2994 incleu

121 3018 333 3092 9Varronem
363 3022 482 3088 dictum
513 3025 575 3089 nisi
605 3025 639 3089 id
669 3024 778 3101 modo,
810 3024 916 3087 mirari
947 3045 995 3100 se,
1033 3045 1044 3107 ς

155 3116 340 3201 priusquam
361 3128 416 3183 aut
439 3141 532 3183 suurn
554 3130 609 3184 aut
626 3118 765 3184 hostium
782 3118 969 3195 exercitum,
991 3116 1042 3182 loc

156 3220 239 3288 tum,
262 3220 407 3276 naturam
430 3213 569 3300 regionis
593 3224 714 3291 nosset,
737 3214 800 3277 iam
819 3233 902 3276 nunc
919 3220 1044 3298 togatus

106 3327 140 3376 10
157 3307 264 3384 sciret,
292 3329 373 3391 quae
396 3307 457 3373 sibi
480 3309 605 3395 agenda
627 3319 747 3373 armato
769 3308 872 3372 forent
898 3316 930 3372 et
956 3307 1041 3370 diem

93 3404 107 3443 s
147 3401 336 3486 praedicere
361 3413 484 3489 posset,
516 3424 580 3487 qua
605 3425 678 3468 cum
704 3403 795 3468 hoste
822 3400 1044 3489 signiaconla

106 3516 136 3564 11
149 3494 377 3561 dimicaturus:
411 3518 460 3575 se,
483 3518 564 3582 quae
582 3497 713 3563 consilia
730 3496 831 3583 magia
848 3518 900 3560 res
919 3495 995 3559 dent
1011 3494 1044 3560 h<

156 3609 252 3672 quam
269 3589 412 3656 homines
430 3590 538 3671 rebus,
558 3614 596 3657 ea
613 3600 685 3658 ante
703 3599 829 3676 tempus
847 3590 1005 3654 inmatura
1022 3613 1044 3652 n

143 3694 336 3768 ··cepturum3
356 3695 480 3772 optare,
499 3696 534 3750 ut
546 3707 628 3770 quae
641 3688 789 3751 caute'ac
806 3682 948 3749 consulte
967 3692 1044 3770 gest:

105 3778 233 3844 12-satis
251 3801 400 3865 prospere
424 3782 598 3860 evenirent;
625 3780 847 3857 temeritatem,
870 3788 1044 3865 praeterqu:

94 3880 133 3940 113
154 3870 253 3937 stulta
275 3874 329 3951 sit,
356 3874 515 3940 infelicem
538 3877 633 3940 etiam
655 3876 698 3941 ad
717 3876 751 3940 id
772 3874 913 3940 locorum
936 3872 1044 3938 fuisse.

93 3972 121 4016 t·
155 3975 266 4050 sponte
292 3968 464 4054 apparebat
491 3978 557 4034 tuta
584 3969 738 4037 celeribus
766 3967 904 4036 consiliis
926 3988 1044 4054 praepo
