2528 4514
140 239 204 306 416
354 247 473 303 aman
490 243 633 316 xxvnr,
652 244 746 300 aare
767 241 954 314 [auecta]

140 408 321 497 expiratura
337 429 389 471 res
406 404 548 492 publica,
570 424 695 468 mecum
713 423 861 467 casurum
879 401 1065 488 imperium

139 501 278 569 Romani
304 500 389 567 erat?
423 520 464 563 ne
486 497 568 562 istuc
584 496 729 583 Iuppiter
751 495 892 583 optimus
915 496 1065 562 maximus

140 597 253 663 urbem
279 595 441 681 auspicato
468 591 536 656 deis
563 591 744 656 auctoribus
770 590 805 655 in
827 600 997 656 aeternum
1019 614 1065 656 cor

92 716 123 764 12
142 691 216 757 huic
233 689 339 775 fragili
356 699 389 754 et
405 685 530 752 mortali
548 684 672 772 corpori
695 684 859 769 aequalem
882 707 968 751 esse.
1011 687 1065 751 Pot

86 832 87 835 κ
141 784 276 863 Albino,
294 783 343 848 M.
361 781 532 859 Marcello,
550 781 590 846 Τ.
609 778 760 862 Quinctio
780 777 949 866 Crispino,
975 778 1065 846 Cnl

143 877 346 966 Scipionibus
368 876 463 954 meis,
490 885 537 941 tot
563 885 629 939 tam
648 872 820 960 praeclaris
842 873 1065 961 imperatoribu

142 975 226 1042 bello
250 973 426 1059 absumptis
449 982 609 1059 superstes
633 981 682 1036 est
703 969 841 1058 populus
863 970 1032 1039 Romanus
1055 995 1065 1037 ε

142 1070 229 1135 mille
247 1068 317 1134 aliis
334 1089 419 1132 nuno
437 1068 534 1143 ferro,
561 1087 647 1130 nunc
667 1066 778 1132 morbo
800 1065 1012 1132 morientibus
1023 1103 1062 1114 -

94 1187 125 1236 13
143 1164 237 1230 unius
255 1164 366 1229 timere
385 1163 468 1228 elata
483 1184 536 1226 res
553 1160 682 1248 publica
699 1161 803 1225 esset?
839 1182 899 1226 vos
917 1161 982 1247 ipsi
999 1161 1065 1226 hici

144 1259 256 1348 spania
271 1269 362 1345 patre
380 1268 412 1323 et
428 1267 541 1344 patruo
559 1278 640 1334 meo,
660 1255 784 1320 duobus
801 1255 1058 1342 imperatoribus,

143 1354 235 1421 fectis
260 1351 439 1440 Septimum
459 1350 619 1417 Marcium
646 1351 760 1415 ducem
786 1350 879 1416 vobis
908 1351 1057 1418 adversus

144 1448 239 1514 tantis
261 1447 381 1512 recenti
402 1445 533 1512 victoria
553 1446 682 1512 Poenos
705 1444 880 1531 delegistis.
929 1457 964 1512 et
985 1447 1030 1511 sic
1051 1445 1065 1508 l

93 1567 125 1612 14
144 1553 305 1626 tamquam
323 1541 391 1607 sine
410 1541 490 1607 duce
507 1540 684 1626 Hispaniae
702 1540 827 1606 futurae
846 1540 1029 1606 fuerint—:
1051 1540 1065 1604 l

142 1637 235 1703 lanus
254 1635 367 1702 eodem
383 1635 466 1714 iure,
494 1635 607 1700 eodem
628 1634 761 1723 imperio
783 1657 909 1700 mecum
932 1635 967 1700 in
983 1634 1065 1722 provi

143 1732 274 1811 missus,
297 1731 339 1796 L.
359 1728 468 1817 Scipio
485 1729 583 1795 frater
600 1753 690 1796 meus
709 1740 741 1796 et
759 1728 799 1796 C.
817 1730 952 1811 Laelius
970 1729 1065 1816 legati,

94 1850 124 1898 15
143 1827 229 1892 dices
252 1824 427 1891 maiestatis
448 1824 561 1911 imperi
583 1825 750 1890 deessent?
784 1835 890 1890 utrum
912 1825 1061 1890 exercitus

144 1919 219 1984 citui
245 1944 286 1985 an
308 1920 406 1985 duces
435 1919 567 1985 ducibus
594 1942 636 1984 an
657 1919 795 2006 dignitas
818 1942 861 1984 an
882 1940 981 2010 causa
1001 1941 1065 2004 conj

143 2014 285 2100 poterat?
321 2013 435 2098 quibus
473 2013 500 2078 si
534 2013 681 2080 omnibus
713 2013 893 2100 superiores
925 2014 1047 2090 essetis,

144 2118 253 2175 contra
278 2109 428 2197 patriam,
455 2119 565 2174 contra
591 2109 676 2174 cives
704 2119 827 2175 vestros
852 2109 996 2174 ferretis?
1029 2106 1065 2171 At

143 2203 270 2283 Italiae,
307 2201 536 2290 Carthaginem
561 2203 632 2268 urbi
656 2203 821 2269 Romanae
847 2204 1003 2291 imperare
1032 2203 1065 2267 ve]

143 2322 240 2384 quam
257 2301 298 2366 ob
316 2323 433 2365 noxam
450 2298 590 2385 patriae?

108 2418 123 2464 1
206 2393 395 2463 XXVIIII.
441 2391 647 2459 Coriolanum
674 2395 834 2478 quondam
861 2395 1019 2460 damnatio
1043 2393 1065 2456 in

142 2487 295 2554 miserum
321 2499 352 2553 et
378 2487 544 2574 indignum
571 2487 700 2552 exilium
721 2498 757 2552 ut
781 2488 842 2554 iret
865 2490 907 2554 ad
929 2510 1065 2576 oppugna

141 2581 278 2668 patriam
303 2582 445 2669 impulit,
481 2582 643 2648 revocavit
674 2592 780 2649 tamen
808 2607 827 2648 a
851 2586 981 2671 publico
1006 2606 1065 2670 pau

106 2676 266 2762 aprivata
282 2677 398 2762 pietas3
426 2700 484 2743 vos
507 2675 562 2760 qui
584 2678 686 2756 dolor,
715 2701 836 2764 quaeve
859 2681 908 2746 ira
924 2679 1065 2745 incitavit]

142 2771 334 2855 pendiumne
353 2772 463 2837 diebus
485 2772 596 2858 paucis
614 2772 803 2863 imperatore
826 2798 923 2861 aegro
948 2776 1065 2842 seriusr

142 2874 247 2928 ratum
261 2865 337 2929 satis
353 2866 450 2952 digna
463 2888 560 2932 causa
573 2868 643 2947 fuit,
657 2889 712 2933 cur
725 2869 846 2956 patriae
856 2869 1065 2935 indiceretisbt

143 2978 198 3022 cur
216 2958 257 3023 ad
269 2959 423 3047 Ilergetes
443 2961 660 3028 descisceretis
680 2986 699 3027 a
715 2964 834 3050 populo
843 2965 1004 3043 Romano,
1022 2984 1065 3026 cur

143 3050 320 3118 divinarum
346 3055 595 3121 humanarumve
617 3080 722 3122 rerum
743 3057 933 3124 inviolatum
955 3058 1038 3126 vobis
1060 3079 1065 3118 t

107 3167 123 3213 3
142 3146 305 3213 insanistis
328 3150 486 3235 profecto,
512 3151 643 3230 milites,
670 3175 729 3217 nec
751 3153 851 3218 maior
873 3153 907 3219 in
931 3173 1065 3241 corpus]

107 3264 123 3308 4
142 3242 190 3306 vis
209 3243 311 3308 morbi
329 3266 424 3328 quam
442 3244 475 3309 in
493 3258 616 3311 vestras
634 3259 756 3312 mentes
770 3247 897 3314 invasit
926 3249 1028 3315 horret
1042 3267 1065 3309 ar

140 3335 273 3416 referre,
291 3339 368 3421 quid
385 3339 574 3405 crediderint
591 3340 751 3420 homines,
775 3343 851 3427 quid
870 3342 1064 3430 speraverint,

141 3432 333 3515 optaverint:
352 3434 476 3500 auferat
493 3435 599 3500 omnia
616 3437 709 3501 inrita
727 3437 854 3516 oblivio,
875 3439 902 3502 si
920 3448 1029 3526 potest,
1045 3431 1064 3497 si

106 3546 122 3593 a
141 3535 309 3611 utcumque
329 3527 488 3594 silentium
505 3541 602 3617 tegat·
646 3553 712 3596 non
728 3533 927 3618 negaverim,
953 3533 1057 3598 tristem

140 3641 271 3704 cemque
298 3622 389 3687 vobis
417 3623 519 3688 visam
546 3625 721 3691 orationem
748 3650 867 3693 meam:
899 3640 1013 3713 quanto
1035 3639 1065 3687 ort

140 3714 224 3779 facta
247 3727 353 3781 vestra
375 3719 530 3785 atrociora
551 3743 623 3786 esse
646 3743 742 3805 quam
764 3722 849 3787 dicta
870 3725 966 3789 mea?
997 3730 1024 3785 et
1043 3735 1065 3777 111

139 3830 220 3891 quae
242 3810 363 3877 fecistis
384 3813 452 3899 pati
474 3837 611 3900 aequum
633 3817 784 3896 censetis;
813 3841 870 3884 vos
892 3841 933 3884 ne
956 3814 1011 3882 dici
1032 3802 1065 3892 qul

103 3921 120 3967 e
139 3903 245 3969 omnia
262 3928 363 3990 aequo
386 3908 491 3975 animo
513 3909 616 3976 fertisl
654 3910 712 3976 sed
733 3936 774 3977 ne
797 3936 836 3978 ea
858 3912 982 3997 quidem
995 3909 1065 3992 ipset

103 3998 420 4082 rexprobrabuntur.
473 4004 594 4071 utinam
626 4018 692 4071 tam
723 4007 816 4072 facile
848 4031 905 4076 vos
940 3999 1065 4073 oblivim
