2528 4514
146 228 212 295 218
400 234 518 292 LIBER
534 234 634 307 XXV,
652 233 679 291 4.
692 232 719 291 5.
738 237 778 305 [a.
786 235 927 307 mabill]

142 421 217 465 nem
226 395 379 484 coegisse,
394 402 502 459 contra
514 392 667 480 populum
675 393 856 460 Romanum
869 393 974 459 aciem
985 415 1049 458 ms·
1067 392 1102 450 ni

143 494 249 558 locum
267 509 456 575 occupasse,
474 498 510 552 ut
527 488 669 554 tribunos
683 511 702 552 a
716 486 808 574 plebe
825 488 1059 566 intercluderet,

109 589 177 658 sin
200 583 387 670 suffragium
408 581 515 647 vocari
539 581 727 667 prohiberet.
771 581 849 645 nihil
871 580 961 646 ahud
980 604 1002 646 a
1021 582 1099 649 aeds

143 679 343 745 dimicatione
360 676 555 743 continuisse
571 675 716 742 homiues
735 676 796 741 nisi
813 675 998 760 patientiam
1024 708 1038 733 ιι
1052 676 1087 755 ιμ’

143 784 246 851 tuum,
272 772 359 856 quod
376 770 528 837 cesserint
548 770 776 856 inpraesentia
796 769 897 834 furori
917 780 1013 855 atqua
1028 793 1082 835 aur

109 891 126 938 6
144 888 316 955 paucorum
333 865 479 949 vincique
497 887 531 929 se
550 887 588 930 ac
600 865 753 950 populum
761 863 945 928 Romanum
962 864 1047 950 passi
1066 895 1076 922 :l

143 962 283 1038 comitia,
309 980 391 1043 quae
413 981 486 1024 reus
509 960 542 1023 vi
564 968 658 1042 atque
680 958 776 1022 armis
798 957 1013 1043 prohibiturus
1031 966 1094 1035 erat,-

143 1076 240 1122 causa
256 1052 477 1140 quaerentibus
496 1053 728 1118 dimicationem
741 1052 881 1131 daretur,
900 1052 1057 1118 voluntate
1083 1085 1086 1104 ι

110 1173 124 1221 r
144 1148 335 1217 sustulerint.
379 1148 458 1213 haec
485 1170 557 1212 cum
584 1146 624 1212 ab
647 1147 765 1233 optimo
788 1168 915 1231 quoque
936 1170 995 1234 pro
1042 1146 1099 1203 ‹n'

142 1247 189 1312 rei
210 1252 340 1329 accepta
362 1252 469 1308 essent
490 1242 617 1327 vimque
639 1264 709 1306 eam
731 1253 841 1307 contra
865 1264 935 1306 rem
960 1242 1097 1328 publi

108 1336 318 1426 spemieioso
345 1337 489 1422 exemplo
515 1337 633 1401 factam
660 1347 787 1403 senatus
810 1337 986 1416 decresset,
1013 1358 1073 1403 eor«

144 1432 276 1500 Carvilii
297 1431 414 1498 tribuni
430 1430 532 1517 plebis
555 1431 673 1496 omissa
694 1431 812 1496 multae
835 1433 1006 1497 certatione
1025 1433 1085 1497 ιιὲι

142 1529 214 1594 talis
237 1529 321 1593 diem
338 1526 504 1592 Postumio
525 1527 670 1591 dixerunt
692 1548 744 1604 ac,
771 1527 804 1591 ni
822 1526 920 1592 vades
939 1529 1039 1606 daret,
1066 1558 1069 1585 ι

143 1646 163 1688 a
187 1622 308 1687 viatore
334 1632 428 1706 atque
449 1621 483 1684 in
505 1640 662 1685 carcerem
684 1621 758 1686 duci
779 1621 949 1686 iusserunt.

108 1738 125 1786 a
145 1715 277 1781 vadibus
295 1716 377 1780 datis
394 1736 459 1780 nou
477 1714 587 1779 adsuit.
628 1715 745 1779 tribuni
761 1714 887 1800 plebem
904 1722 1077 1801 rogaverunt

143 1810 263 1893 bosque
284 1810 330 1873 ita
352 1809 459 1886 scivit,
486 1808 513 1874 si
535 1808 583 1873 M.
602 1808 785 1874 Postumius
809 1819 882 1875 ante
904 1809 968 1875 kal.
986 1809 1077 1883 lllsias,

143 1903 300 1988 prodisset
326 1901 502 1986 citatusque
530 1924 568 1968 ec
595 1903 646 1967 die
672 1924 735 1969 non
756 1904 1082 1988 respondisset

144 2005 271 2061 cusatus
295 2005 393 2073 esset,
420 1994 520 2061 videri
546 2019 618 2061 eum
644 1998 678 2061 in
704 1997 797 2062 exilio
824 2018 910 2075 esse,
937 1997 1067 2083 bonaque

92 2112 125 2160 10
144 2090 264 2168 venire,
283 2090 345 2175 ipsi
361 2112 444 2174 aqua
461 2099 493 2155 et
509 2091 576 2177 igni
593 2092 716 2176 placere
729 2093 883 2156 interdici.
911 2092 1039 2179 singulis
1094 2085 1109 2161 ‘.

143 2207 265 2261 eorum,
294 2184 348 2267 qui
370 2184 481 2249 turbae
503 2207 541 2249 sc
563 2186 715 2252 tumultus
738 2186 945 2252 concitatores
969 2186 1129 2273 susm*

92 2300 123 2347 11
144 2277 284 2365 capitahs
304 2279 387 2342 diem
406 2278 509 2343 dicere
526 2300 565 2344 ac
581 2279 678 2344 vades
700 2301 830 2365 poscere
852 2291 1030 2365 coeperunt

142 2395 206 2437 non
231 2372 349 2449 dantis,
377 2372 490 2437 deinde
517 2373 612 2437 etiam
638 2395 692 2439 eos
718 2374 773 2457 qui
799 2374 874 2438 dare
899 2372 1091 2459 possentiu

142 2487 245 2532 cerem
264 2464 451 2543 coiciebant3
475 2466 564 2530 cuius
582 2467 627 2530 rei
644 2467 817 2552 periculum
834 2467 970 2533 vitantes
988 2468 1030 2555 pl
1055 2493 1078 2523 ιι
1096 2481 1099 2490 “

142 2560 271 2624 exilium
289 2558 443 2624 abierunt.

110 2678 123 2724 1
207 2654 248 2720 V.
293 2653 391 2718 Hunc
417 2655 504 2719 fraus
530 2653 784 2740 publicanorum,
812 2655 929 2721 deinde
953 2655 1081 2721 fraudem

108 2749 233 2817 edacia
257 2758 426 2834 protegens
454 2749 573 2812 exitum
603 2748 722 2813 habuit.
776 2750 901 2814 comitia
928 2751 1001 2815 inde
1026 2770 1085 2836 po*

142 2843 280 2908 maximo
298 2842 432 2906 creando
457 2852 529 2906 sunt
553 2841 669 2907 habita.
714 2864 752 2907 ea
770 2843 897 2908 comitia
915 2866 1017 2909 novus
1043 2849 1096 2900 ”a‘'

108 2957 124 3005 e
142 2934 190 3000 M.
219 2934 386 3001 Cornelius
416 2933 578 3022 Cethegus
604 2935 723 3001 habuit.
772 2947 837 3001 tres
862 2936 984 3024 ingenti
1034 2967 1066 2994 ιι
1104 2931 1105 2940 ’

142 3031 311 3117 petierunt,
331 3029 372 3113 Q.
382 3028 515 3096 Fulvius
528 3029 664 3096 Flaccus
683 3031 805 3108 consu,
825 3032 879 3116 qui
897 3042 929 3096 et
946 3042 1019 3097 ante
1035 3030 1075 3098 bh

143 3125 193 3190 sul
219 3134 250 3190 et
276 3146 389 3190 censor
413 3123 532 3203 fuerat,
567 3134 598 3188 st
620 3124 658 3188 Τ.
681 3125 822 3192 Manlius
845 3126 1027 3212 Torquatus
1051 3118 1102 3191 et'

143 3217 266 3284 duobus
294 3218 507 3283 consulatibus
535 3228 567 3282 et
589 3238 721 3284 censura
742 3220 892 3305 insignis,
920 3232 953 3285 et
973 3220 1013 3286 P.
1031 3216 1104 3285 ml

108 3333 125 3379 4
145 3310 296 3389 Crassus,
315 3313 369 3397 qui
387 3311 575 3377 aedilitatem
593 3314 732 3378 curulem
747 3315 902 3399 petiturus
917 3324 993 3381 erat.
1020 3314 1068 3379 hic
1082 3343 1103 3369 :s

143 3405 375 3490 honoratosque
396 3407 518 3471 iuvenis
539 3406 574 3472 in
596 3428 633 3472 eo
661 3409 829 3472 certamine
855 3408 940 3473 vicit.
996 3419 1064 3474 ante
1092 3433 1109 3462 u

141 3499 223 3564 iutra
241 3510 366 3564 centum
384 3516 484 3565 annos
502 3509 533 3564 et
550 3501 662 3587 viginti
683 3523 777 3566 nemo
793 3514 919 3587 praeter
935 3502 973 3568 P.
994 3503 1115 3569 ormo

144 3593 312 3659 Calussam
329 3594 471 3679 pontifex
488 3595 645 3660 maximus
664 3605 786 3661 creatus
809 3597 927 3676 fuerat,
955 3599 1011 3682 qui
1029 3592 1129 3663 cellud

142 3686 202 3753 ruli
219 3706 283 3752 non
303 3689 445 3753 sedisset.

107 3801 125 3850 c
209 3780 365 3848 Consules
384 3778 531 3846 dilectum
550 3801 622 3846 curn
640 3804 733 3869 aegre
747 3782 949 3861 conficerent,
968 3785 1056 3869 quod
1071 3774 1129 3867 inq

143 3875 300 3940 iuniorum
317 3895 380 3941 non
397 3875 492 3940 fsclle
507 3875 541 3940 in
557 3886 738 3959 utrumque,
756 3888 793 3942 ut
809 3887 841 3942 et
857 3894 959 3943 novae
977 3870 1129 3945 urbanael

143 3966 254 4054 gisnes
272 3981 304 4034 et
322 3971 574 4056 supplementum
591 3970 749 4037 veteribus
768 3970 969 4052 scriberetur,
989 3968 1129 4041 suffieieh
