2566 4538
124 213 188 280 506
356 219 475 276 mnan
491 218 591 287 mm,
609 216 704 272 aaa.
724 219 798 285 [au.
810 233 835 270 e.
852 214 918 285 551]

124 382 230 470 rogari
253 389 393 466 coeptae.
437 376 486 441 M.
507 375 622 441 Livius
646 372 685 440 C.
705 371 878 440 Servilium
900 374 1074 452 consulem,
1097 372 1145 458 qui

124 477 254 565 propior
271 485 371 552 esset,
396 471 634 549 arcessendum,
658 480 693 534 ut
710 491 817 534 coram
834 492 874 534 eo
892 468 933 535 de
950 491 1030 556 pace
1048 492 1144 557 agere·

91 595 106 641 a
126 586 191 651 tur,
219 570 413 636 censebat-
430 589 503 632 cum
521 567 560 631 de
577 588 612 631 re
629 564 748 630 maiore
766 587 862 649 quam
880 576 1001 648 quanta
1018 589 1057 630 ea
1072 576 1142 630 esset

127 666 315 735 consultatio
336 664 475 729 incidere
497 686 562 728 non
583 673 707 749 posset,
736 685 801 727 non
822 663 925 728 videri
947 664 1009 729 sibi
1030 665 1141 729 absente

127 762 294 829 consulum
312 760 411 826 altero
429 759 625 823 ambobusve
648 781 719 822 eam
740 780 808 822 rem
831 757 885 845 agi
902 758 981 824 satis
1000 782 1040 824 ex
1058 759 1140 845 digni·

92 878 108 924 a
127 868 191 922 tate
209 854 319 942 populi
327 854 465 919 Romani
483 876 603 930 esse-,
622 850 664 934 Q.
673 852 841 930 Metellus,
860 852 916 936 qui
934 853 1067 919 triennio
1083 864 1138 918 ante
1185 876 1187 881 ·

128 950 240 1017 consul
257 949 453 1032 dictatorque
472 947 590 1011 fuerat:
613 969 684 1010 cum
700 946 741 1011 ·P.
761 944 871 1032 Scipio
889 949 1053 1013 caedendo
1069 969 1139 1013 exer-

128 1045 224 1122 citus,
251 1065 345 1129 agros
367 1040 551 1128 populando
572 1040 605 1103 in
628 1063 698 1105 eam
715 1040 940 1106 necessitatem
957 1041 1056 1107 hostis
1073 1063 1139 1107 con·

91 1139 276 1227 apulisset‚
303 1148 339 1201 ut
357 1136 516 1222 supplices
538 1156 651 1221 pacem
672 1145 831 1221 peterent,
858 1146 891 1201 et
907 1159 1004 1202 nemo
1022 1137 1138 1202 omniun

127 1232 233 1299 verius
261 1231 452 1297 existumare
478 1239 602 1315 posset,
630 1251 694 1313 qua
718 1240 824 1294 monte
846 1252 885 1294 ea
906 1253 972 1316 pax
992 1242 1137 1317 peteretur,

128 1351 224 1413 quam
251 1338 319 1392 tum
344 1325 399 1409 qui
424 1335 497 1388 ante
523 1334 631 1410 portas
651 1321 856 1412 Carthaginis
883 1325 1005 1390 bellum
1027 1334 1137 1411 gereret,

128 1422 245 1488 nullius
264 1419 393 1486 alterius
417 1417 548 1484 consilio
572 1439 668 1501 quam
688 1416 847 1504 Scipionis
870 1419 1085 1506 accipiendam
1100 1419 1138 1482 ab

94 1516 328 1584 onuendamve
346 1534 458 1600 pacem
475 1535 557 1578 esse.
601 1512 650 1578 M.
668 1513 817 1581 Valerius
835 1513 1017 1593 Laevinus,
1040 1513 1139 1598 quibis
1184 1588 1187 1601 Ι

130 1609 241 1677 consul
258 1608 371 1685 fuerat,
392 1607 620 1693 speculatores,
639 1630 703 1673 non
721 1608 845 1695 legatos
863 1609 992 1674 venisse
1010 1609 1141 1696 arguebat
1185 1622 1187 1629 '

127 1704 346 1788 iubendosque
363 1702 458 1768 Italia
483 1703 636 1768 excedere
662 1713 694 1767 et
721 1703 868 1768 custodes
896 1725 971 1768 cum
996 1704 1035 1769 iis
1061 1724 1141 1786 usque

130 1800 171 1864 ad
191 1820 291 1863 naves
313 1797 485 1862 mittendos
509 1794 714 1883 Scipionique
737 1797 955 1877 scribendum,
982 1822 1023 1864 ne
1044 1798 1144 1864 bellun

94 1916 110 1962 6
128 1892 311 1959 remitteret.
346 1890 479 1955 Laelius
496 1892 694 1975 Fulviusque
712 1891 909 1971 adiecerunt,
927 1903 961 1958 et
980 1891 1145 1980 Scipionem

128 1989 162 2052 in
180 2010 217 2052 eo
234 1985 372 2072 positam
389 1984 539 2051 habuisse
558 2009 648 2074 spem
665 1987 767 2073 pacis,
788 1987 815 2052 si
832 1987 998 2053 Hannibal
1016 1999 1049 2054 et
1059 1988 1146 2073 Mago

96 2105 170 2150 rex
195 2081 290 2147 Italia
315 2104 381 2148 non
405 2094 643 2148 revocarentur:
674 2083 781 2148 omnia
803 2082 1007 2150 simulaturos
1028 2082 1148 2151 Cartha·

128 2176 290 2263 ginienses
304 2175 402 2241 duces
417 2198 473 2241 eos
487 2177 706 2260 exercitusque
720 2177 903 2264 spectantis,
922 2178 1039 2244 deiude
1053 2201 1150 2263 quam-

128 2271 177 2338 vis
195 2271 370 2337 recentium
384 2271 549 2336 foederum
567 2283 599 2336 et
612 2272 743 2336 deorum
758 2272 899 2338 omnium
913 2273 1031 2338 oblitos
1043 2273 1152 2339 bellum

92 2378 286 2453 agesturos.
340 2389 378 2432 eo
404 2366 507 2452 magis
534 2365 567 2430 in
593 2366 731 2432 Laevini
757 2367 947 2432 sententiam
974 2368 1153 2435 discessum.

126 2460 224 2547 legati
242 2481 320 2546 pace
337 2460 456 2525 infecta
473 2481 510 2524 ac
526 2483 626 2546 propa
644 2460 712 2525 sine
729 2483 885 2547 responso
902 2461 1037 2527 dimissi.

95 2576 108 2621 1
192 2555 349 2621 XXIIII.
392 2556 457 2620 Per
480 2578 535 2621 eos
559 2555 627 2621 dies
651 2553 712 2622 Cn.
736 2553 891 2622 Servilius
917 2557 1046 2636 consul,
1078 2557 1156 2623 haud

129 2649 243 2714 dubius
266 2650 342 2733 quin
362 2661 495 2736 pacatae
512 2649 625 2715 Italiae
647 2673 747 2737 penes
769 2673 805 2716 se
822 2650 925 2737 gloria
946 2663 1049 2730 esset,
1077 2653 1157 2718 velut

126 2742 256 2828 pulsum
278 2744 319 2808 ab
342 2767 377 2809 se
394 2743 611 2810 Hannibalem
631 2765 826 2830 persequens
849 2745 882 2810 in
901 2743 1063 2825 Siciliam,
1089 2747 1157 2813 iude

91 2846 161 2902 aet
176 2837 323 2901 Africam
349 2838 553 2916 transiturus,
581 2839 712 2906 traiecit.
757 2839 843 2923 quod
868 2839 924 2905 ubi
941 2841 1069 2907 Romae
1095 2842 1158 2907 vul·

128 2940 238 3016 gatum
255 2942 318 3009 est,
341 2931 443 3018 primo
462 2945 651 2999 censuerant
666 2945 788 3021 patres,
811 2945 848 3000 ut
863 2947 993 3021 praetor
1012 2936 1159 3003 scriberet

128 3025 264 3104 consuli,
284 3038 429 3092 senatum
447 3050 583 3111 aequum
600 3049 730 3094 censere
747 3029 781 3093 in
797 3029 925 3094 Italiam
941 3032 1063 3096 reverti
1080 3055 1158 3108 eum,

91 3139 107 3185 3
128 3119 241 3185 deinde
260 3142 332 3185 cum
349 3132 476 3208 praetor
498 3133 676 3207 spreturum
698 3146 772 3189 eum
792 3123 914 3189 litteras
937 3147 1015 3191 suas
1034 3126 1158 3203 diceret,

127 3215 260 3279 dictator
278 3216 370 3280 adid
387 3215 493 3301 ipsum
507 3229 630 3282 creatus
639 3218 677 3283 P.
691 3215 851 3304 Sulpicius
869 3241 928 3304 pro
944 3219 1016 3286 iure
1033 3220 1158 3289 maioris

91 3327 108 3372 4
126 3308 238 3394 imperi
256 3310 418 3375 consulem
435 3309 604 3375 inItaliam
620 3312 792 3378 revocavit
822 3313 977 3379 relicuum
996 3316 1074 3383 anni
1092 3338 1159 3382 curn

125 3403 174 3468 M.
195 3400 332 3470 Servilio
352 3403 505 3490 magistro
527 3407 668 3490 equitum
690 3407 922 3475 circumeundis
939 3408 1057 3476 Italiae
1079 3411 1159 3477 urbi·

125 3498 200 3575 bus,
228 3519 309 3582 quae
327 3499 410 3564 bello
429 3499 583 3566 alienatae
600 3501 739 3580 fuerant,
767 3501 1003 3588 noscendisque
1022 3505 1159 3594 singula·

124 3615 195 3656 rum
214 3592 318 3657 causis
337 3594 543 3680 consumpsit.

90 3705 108 3751 5
188 3686 253 3752 Per
279 3686 470 3753 indutiarum
497 3699 622 3774 tempus
649 3700 682 3755 et
707 3713 747 3757 ex
775 3689 925 3757 Sardinia
951 3694 994 3759 ab
1021 3695 1159 3762 Lentulo

114 3789 269 3863 'praetore
291 3793 418 3847 centum
439 3782 602 3848 onerariae
623 3807 723 3850 naves
746 3806 818 3849 cnm
840 3802 1023 3853 commeatu
1050 3789 1160 3876 viginti

124 3883 330 3940 rostratarum
355 3876 513 3962 praesidio
544 3889 576 3942 et
602 3879 642 3943 ab
669 3879 760 3944 hoste
787 3890 819 3946 et
845 3880 887 3945 ab
915 3885 1159 3970 tempestatibus

91 3965 204 4032 amari
232 3977 298 4035 tuto
325 3970 359 4035 in
380 3970 525 4039 Africam
548 3973 798 4042 transmiserunt
848 3973 911 4043 Cn.
936 3975 1080 4049 Octavio
1106 3982 1160 4045 du·

21 4096 116 4240 Ν
