2528 4530
322 125 440 182 amsa
458 125 556 196 xxv,
575 126 617 179 rr.
631 125 673 179 rs.
695 129 732 194 [a.
743 125 774 181 c.
783 126 848 195 212]
1037 114 1104 181 235

12 275 42 359 ⁵5
140 283 246 350 XVII.
284 281 367 350 Sunt
384 283 439 368 qui
455 283 489 347 in
506 305 583 370 agro
600 282 826 348 Beneventano
843 305 941 370 prope
956 281 1136 354 Caloroml
1232 360 1235 365 ,

23 370 39 451 ,”
84 375 199 444 fluvium
216 377 385 445 ostendant
401 400 422 443 a
439 376 550 443 castris
568 399 641 442 cum
658 375 819 443 lictoribus
837 398 875 443 ao
888 376 989 444 tribus
1003 379 1103 445 servis
1198 410 1214 433 -·

12 468 27 549 ²]
81 468 194 538 lavandi
210 493 308 538 causa
324 493 543 558 progressum,
570 493 644 536 cum
664 470 746 537 forte
767 470 849 537 inter
870 471 979 538 salicta
995 471 1137 542 innataa
1192 528 1195 533 .

12 562 25 585 '²
78 566 146 653 ripis
173 565 307 632 laterent
335 564 465 643 hostes,
500 563 622 630 nudum
652 573 747 650 atque
776 565 929 631 inermem
955 566 1103 652 saxisque

77 681 150 746 qnae
175 659 275 725 volvit
301 659 403 724 amnis
425 666 678 746 propugnantem
698 657 908 725 interfectum.
950 661 1138 746 suntquis

11 768 15 777 '
76 752 271 841 haruspicum
305 753 426 819 monitu
460 753 650 841 quingentos
685 775 800 839 passus
835 775 855 820 a
886 754 996 820 castris
1031 776 1105 841 pro-

73 872 227 937 gressum,
254 848 301 914 uti
318 848 388 914 loco
410 870 490 934 puro
513 870 551 913 ea
572 869 653 932 quae
671 857 743 913 ante
761 847 846 914 dicta
862 848 1009 936 prodigia
1030 858 1104 915 sunt

74 954 261 1031 procuraret;
297 942 337 1009 ab
364 941 573 1008 insidentibus
599 942 681 1009 forte
707 943 813 1008 locum
840 941 964 1008 duabus
991 944 1102 1010 turmis

74 1036 275 1103 Numidarum
293 1037 541 1103 circumventum
561 1035 708 1102 scribant.
754 1036 834 1102 adeo
857 1056 916 1101 nee
936 1035 1026 1102 locus
1044 1059 1104 1102 nec

74 1132 147 1198 ratio
163 1131 274 1198 mortis
291 1131 325 1195 in
343 1130 411 1196 viro
428 1140 493 1196 tam
516 1130 599 1197 claro
618 1140 650 1196 et
670 1130 788 1217 insigni
805 1139 937 1196 constat.
982 1129 1102 1197 funeris
1121 1152 1139 1199 4

11 1232 14 1239 '
78 1247 191 1312 quoque
211 1223 349 1292 Gracchi
366 1226 484 1291 variast
500 1225 595 1291 fama.
632 1225 684 1290 alii
701 1225 735 1291 in
753 1226 863 1291 eastris
881 1224 1034 1291 Romanis
1054 1247 1104 1291 se·

11 1324 14 1331 '
40 1370 43 1375 -
78 1320 190 1406 pultum
208 1320 249 1387 ab
268 1321 348 1398 suis,
368 1320 421 1385 alii
443 1317 483 1385 ab
496 1318 678 1386 Hannibale
694 1357 719 1366 -
739 1330 770 1384 et
787 1342 825 1385 ea
842 1319 999 1407 vulgatior
1016 1319 1104 1386 fama

83 1424 160 1480 est-
175 1415 317 1481 tradunt:
349 1414 383 1480 in
404 1413 561 1480 vestibulo
579 1413 772 1479 Punicorum
794 1424 968 1479 castrorum
989 1436 1103 1502 rogum
1121 1432 1138 1479 5

13 1564 17 1571 .
82 1517 264 1575 exstructum
290 1530 375 1587 esse,
411 1516 566 1573 armatum
592 1508 764 1573 exercitum
790 1508 1007 1574 decucurrisse
1029 1529 1103 1573 cum

11 1605 18 1615 '
80 1602 210 1690 tripudiis
228 1603 445 1690 Hispanorum
471 1602 671 1687 motibusque
697 1626 856 1669 armorum
878 1613 909 1669 et
936 1623 1103 1690 corporum

11 1699 16 1709 '
79 1716 146 1765 auae
165 1699 279 1783 cuique
302 1697 389 1784 genti
410 1697 564 1775 adsuetis,
591 1698 662 1784 ipso
683 1697 865 1764 Hannibale
886 1697 972 1763 omni
997 1719 1103 1763 rerum

10 1791 14 1799 ’
81 1790 297 1876 verborumque
318 1792 437 1858 honore
460 1791 609 1876 exequias
632 1791 818 1859 celebrante.
872 1793 951 1858 haec
977 1792 1104 1858 tradunt

81 1886 173 1969 quiin
189 1886 331 1952 Lucanis
349 1886 396 1951 rei
412 1895 522 1972 gestae
540 1895 684 1952 auctores
707 1898 789 1953 sunt.
837 1887 865 1953 si
885 1886 963 1966 illis,
990 1887 1046 1971 qui
1062 1884 1104 1951 ad
1122 1903 1137 1951 6

10 1982 13 1987 ’
80 1976 216 2047 Calorem
242 1981 373 2046 fluvium
400 1979 602 2045 'interfectum
633 1990 820 2058 memorant,
858 1981 984 2047 credero
1011 1978 1100 2056 velis,

10 2154 13 2161 ¹
81 2073 178 2163 apitis
200 2084 323 2141 tantum
342 2072 479 2140 Gracchi
501 2075 609 2140 hostes
631 2074 723 2161 potiti
745 2084 836 2139 sunt:
872 2097 911 2139 eo
935 2074 1038 2139 delato
1061 2072 1103 2138 ad
1121 2094 1136 2141 r

78 2164 296 2247 Hannibalem,
323 2169 441 2234 missus
468 2168 508 2234 ab
536 2190 573 2234 eo
600 2167 766 2234 confestim
793 2166 957 2245 Carthalo,
989 2166 1103 2250 quiin

38 2322 42 2327 .
77 2273 171 2331 cestra
197 2263 341 2329 Romana
372 2263 414 2328 ad
436 2261 496 2329 Cn.
521 2260 705 2328 Cornelium
730 2270 929 2345 quaestorem
955 2259 1101 2324 deferret.
1225 2280 1228 2284 ·

37 2344 43 2353 ¹
76 2356 210 2425 lafunus
227 2356 424 2444 imperatoris
442 2357 475 2420 in
492 2356 602 2422 castris
621 2353 850 2421 celebrantibus
874 2375 946 2420 cum
965 2351 1103 2418 exercitu

73 2448 301 2519 Beneventanis
320 2450 405 2516 fecit.

131 2544 265 2613 XVIII.
318 2544 475 2611 Consules
503 2567 615 2630 agrum
642 2542 841 2629 Campanum
868 2541 1003 2629 ingressi
1030 2561 1137 2610 cumr

69 2640 187 2726 passim
202 2639 442 2726 popularentur,
469 2637 631 2724 eruptione
653 2637 881 2724 oppidanorum
904 2646 935 2702 et
951 2634 1102 2725 Magonis

16 2778 28 2815 ,ι
67 2754 139 2799 cum
166 2733 309 2818 equitatu
335 2732 433 2798 territi
459 2743 491 2797 et
516 2731 629 2818 trepidi
655 2731 814 2818 adsigna
839 2730 953 2796 milites
979 2729 1102 2817 palatos

9 2898 14 2921 ,
67 2828 189 2916 passim
214 2836 401 2894 revocarunt
428 2837 459 2893 et
485 2827 616 2892 vixdum
640 2826 794 2891 instructa
824 2826 891 2892 acie
916 2825 980 2891 fusi
1007 2848 1104 2912 supra

65 2923 151 2990 mille
170 2931 202 2987 et
220 2922 409 3009 quingentos
427 2921 540 2987 milites
558 2922 738 2988 amiserunt
766 2920 839 2986 inde
856 2921 968 3007 ingens
987 2918 1104 2985 ferocia
1121 2942 1137 2989 a

67 3015 225 3105 superbae
251 3027 364 3103 suopte
389 3016 516 3102 ingenio
537 3016 626 3103 genti
647 3016 757 3093 crevit,
784 3015 953 3098 multisque
975 3012 1102 3099 proeliis

69 3110 267 3181 lacessebant
288 3110 449 3177 Romanos
455 3136 465 3190 3
493 3111 550 3177 sed
570 3110 753 3176 intentiores
775 3109 816 3174 ad
837 3107 1012 3173 cavendum
1030 3128 1105 3172 con-

72 3204 154 3273 sules
179 3228 245 3271 una
270 3228 379 3292 pugna
406 3205 524 3272 fecerat
548 3205 674 3270 incauto
699 3213 794 3291 atquo
820 3200 995 3268 inconsulte
1015 3200 1131 3266 inita‘

64 3300 204 3367 restituit
222 3308 329 3365 tamen
345 3299 394 3365 his
413 3300 534 3365 animos
557 3309 590 3364 et
610 3298 672 3363 illis
695 3297 807 3364 minuit
825 3295 988 3362 audaciam
1005 3316 1104 3382 parva
1122 3319 1137 3366 3

66 3418 131 3463 una
147 3417 217 3462 res:
240 3395 298 3461 sed
312 3395 347 3461 in
364 3395 447 3460 bello
464 3394 542 3459 nihil
555 3404 620 3459 tam
632 3394 702 3459 leve
715 3403 777 3472 est,
796 3393 882 3477 quod
894 3413 958 3456 non
969 3411 1103 3479 magnae

65 3488 228 3559 interdum
245 3489 292 3555 rei
308 3499 503 3556 momentum
519 3489 624 3555 faciat.
660 3489 700 3554 T.
711 3487 860 3572 Quinctio
875 3485 1022 3573 Crispino
1039 3485 1104 3551 Ba-
1121 3508 1139 3555 4

64 3584 141 3651 dius
160 3583 346 3672 Campanus
363 3583 480 3672 hospes
503 3592 569 3651 erat
586 3582 789 3669 perfamiliari
810 3580 946 3667 hospitio
968 3580 1102 3645 iunctus.

65 3689 211 3747 creverat
228 3679 438 3758 consuetudo,
465 3678 551 3764 qnod
572 3700 668 3765 aeger
683 3676 805 3743 Romae
826 3684 903 3762 aput
921 3672 1105 3762 Crispinum
1198 3717 1200 3721 -

65 3774 192 3841 Badius
218 3783 292 3841 anta
317 3772 526 3842 defectionem
545 3771 742 3859 Campanam
766 3769 935 3837 liberaliter
960 3769 1105 3837 comiter·
1191 3778 1204 3787 ”

63 3890 130 3955 qne
152 3877 281 3937 curatus
302 3867 414 3936 fuerat.
458 3868 487 3934 is
509 3877 576 3934 tum
598 3866 719 3934 Badius
740 3886 928 3954 progressus
951 3874 1023 3933 ante
1042 3875 1140 3934 sta-s
