2528 4514
307 208 647 281 caraxaturam.
668 210 820 282 [scara]
1038 204 1080 271 47

124 396 126 400 ⁸
149 432 156 443 ,
177 377 239 431 tum.
276 367 332 434 sed
353 378 385 432 et
401 367 546 433 Baliares
568 368 662 454 pulso
685 370 789 454 equite
811 370 1029 438 iaculabantur
1049 375 1117 445 ina

136 488 174 512 »ιιι
194 471 215 526 et
234 461 386 546 elephanti
410 461 476 526 iam
501 463 536 526 in
561 463 697 528 mediam
721 463 864 548 peditum
885 466 988 532 aciem
1010 489 1081 535 sese

153 565 200 618 sot
211 564 235 620 et
249 554 348 642 Mago
365 554 601 665 Numidaeque,
628 556 722 622 simul
743 556 880 625 latebras
903 581 1013 626 eorum
1034 561 1083 627 in·

125 646 188 703 *¹²01
211 650 391 736 praeterlata
417 651 502 716 acies
530 661 592 729 est,
619 651 720 716 exorti
741 650 781 716 ab
805 661 894 740 tergo
919 655 1082 742 ingentem

236 766 272 810 ac
289 755 440 809 terrorem
456 743 569 810 fecere.
606 753 711 810 tamen
732 744 767 810 in
788 754 835 812 tot
851 746 1080 816 circumstanti·
1100 773 1134 820 10

120 843 141 887 ἰ
155 837 222 903 udis
237 839 352 904 mansit
368 838 587 923 aliquamdiu
577 850 698 905 rnmota
714 840 813 918 acies,
836 841 974 910 maxime
989 866 1082 930 prae-

145 950 209 1017 spem
225 933 362 998 omnium
379 932 532 998 adversus
552 932 745 1018 elephantos.
787 955 841 1001 eos
859 935 970 1003 velites
988 937 1080 1004 adid
1100 963 1130 1010 rr

127 1051 142 1077 ι
153 1054 163 1081 ιι
179 1017 263 1092 locati
280 1027 399 1092 verutis
418 1026 566 1093 coniectis
584 1038 616 1092 et
632 1036 774 1093 avertere
792 1037 824 1093 et
839 1029 973 1096 insecuti
991 1054 1080 1098 aver-

109 1120 131 1150 ²
146 1119 189 1186 sub
204 1121 323 1199 caudis,
343 1143 406 1205 qua
419 1143 566 1186 maxume
579 1120 667 1188 molli
679 1132 751 1188 oute
765 1121 897 1190 vulnera
913 1126 1079 1211 accipiunt,

126 1226 221 1279 terret.
1012 1264 1014 1268 -

107 1327 109 1330 ’
134 1304 204 1374 bVl.
238 1309 502 1396 Trepidantisque
519 1331 617 1396 prope
635 1311 700 1376 iarn
717 1310 752 1376 in
769 1333 844 1377 suos
863 1322 1112 1386 constematosr

120 1428 154 1456 ιιι
173 1403 234 1470 acie
249 1405 285 1469 in
303 1414 476 1470 extremam
494 1405 536 1470 ad
553 1405 715 1471 sinistrum
728 1426 827 1471 cornu
840 1406 993 1473 adversus
1003 1403 1081 1473 Gal·

117 1497 279 1565 vauxiliares
297 1499 351 1586 agi
366 1498 460 1564 iussit
471 1498 645 1566 Hannibal
681 1499 839 1586 extemplo
855 1500 934 1567 haut
950 1501 1080 1568 dubiam

129 1592 295 1680 fugam,
323 1614 423 1677 eoque
448 1615 550 1660 novus
578 1605 677 1660 terror
701 1594 789 1660 addit
776 1603 827 1660 tus
848 1593 1018 1673 Romanis,
1044 1607 1080 1660 ut

158 1687 266 1753 auxilia
297 1709 357 1753 sua
386 1687 542 1756 viderunt.
584 1689 692 1774 itaqua
722 1710 796 1755 cum
820 1690 886 1755 iam
911 1690 945 1755 in
970 1688 1113 1765 orbema

109 1811 154 1858 „or
179 1791 236 1862 ··t,
262 1782 375 1848 decem
396 1783 483 1849 milia
504 1781 604 1849 ferme
620 1782 799 1865 hominum,
823 1806 897 1851 cum
913 1783 989 1851 alibi
1006 1806 1080 1851 eva-

111 1903 118 1945 q
131 1902 136 1925 2
149 1877 336 1962 nequissent,
354 1877 459 1944 media
470 1876 625 1944 Afrorum
643 1879 725 1958 acie,
743 1901 825 1964 quae
839 1876 970 1947 Gallicis
988 1880 1079 1947 auxi-

119 2013 121 2018 ν
135 1967 235 2037 limata
251 1980 333 2049 erat,
352 1993 425 2037 cum
441 1973 563 2059 ingenti
580 1973 677 2040 caede
694 1974 832 2040 hostium
848 1997 1018 2062 perrupere
1036 1987 1076 2052 et,

153 2087 242 2151 neque
263 2067 300 2132 in
321 2078 426 2132 castra
441 2067 562 2133 reditus
581 2077 666 2133 esset
683 2067 812 2135 flumine
828 2069 1005 2136 interclusis
1022 2092 1078 2136 ne·
1096 2093 1114 2140 a

111 2184 130 2220 ,ι
148 2179 207 2244 prae
231 2160 327 2226 imbri
354 2162 430 2226 satis
453 2161 620 2228 decernere
641 2174 784 2248 possent,
811 2186 875 2248 qua
897 2165 964 2229 suis
985 2187 1078 2250 opem

113 2284 128 2303 ι
141 2278 156 2306 u
172 2253 392 2332 ,Placentiam
410 2265 497 2322 recto
514 2256 623 2321 itinere
641 2277 816 2342 perrexere.
846 2257 951 2343 plures
966 2258 1079 2325 deinde
1096 2279 1114 2326 ι

98 2425 101 2432 ¹
125 2362 203 2414 tures
220 2359 329 2434 partes
348 2351 527 2435 eruptiones
550 2350 667 2417 factast
695 2361 726 2414 et
748 2350 803 2434 qui
823 2351 943 2415 flumen
958 2352 1077 2436 petiere

137 2443 298 2530 gurgitibus
320 2443 481 2532 absumpti
503 2454 577 2510 sunt
599 2453 655 2509 aut
676 2444 758 2509 inter
780 2444 1010 2510 cunctationem
1031 2444 1080 2509 in·

108 2533 205 2603 ¹³¹¹·ndr
222 2538 262 2604 ab
281 2538 425 2622 hostibus
445 2540 602 2626 oppressi,
622 2538 677 2623 qui
689 2537 810 2624 passim
821 2560 880 2625 per
893 2561 987 2626 agros
1000 2538 1113 2626 fugae

98 2648 101 2660 ³
135 2653 152 2694 ιι
166 2645 264 2711 erant,
288 2624 424 2720 vestigia
441 2635 581 2701 cedentis
600 2642 767 2718 sequentes
792 2633 928 2721 agminis
944 2632 1079 2700 Placen-

87 2794 89 2815 Ι
106 2745 126 2775 ἰ
141 2728 329 2794 mntendere.
356 2728 426 2794 aliis
440 2729 535 2795 timor
546 2728 686 2795 hostium
698 2727 864 2804 audaciam
880 2727 1079 2816 ingrediendi

87 2820 163 2909 Puer
177 2821 266 2900 fecit,
286 2824 539 2908 transgressique
556 2823 590 2886 in
608 2832 711 2889 castra
726 2832 947 2909 pervenerunt.
976 2823 1078 2891 imber
1097 2845 1112 2892 6

87 2915 125 2975 us
137 2913 250 2982 mixtus
268 2926 300 2981 et
316 2916 512 2982 intoleranda
529 2915 578 2983 vis
595 2916 722 3004 frigoris
741 2925 772 2982 et
794 2916 938 2983 homines
960 2918 1078 2983 multos

87 3005 240 3075 iiumenta
265 3019 298 3075 et
324 3009 508 3096 elephantos
536 3032 634 3097 prope
657 3011 760 3077 omnis
782 3010 970 3097 absumpsit.
1005 3008 1111 3079 finiar

87 3103 230 3187 aqueum
250 3103 352 3171 hostis
374 3105 492 3172 Poenis
514 3104 633 3171 flumen
654 3104 772 3171 Trebia
792 3105 868 3185 fuit,
895 3115 928 3171 et
949 3105 994 3170 ita
1016 3115 1080 3169 tor-

87 3207 153 3265 utes
178 3200 255 3287 gelu
280 3201 315 3266 in
336 3211 439 3268 castra
459 3201 594 3280 rediere,
622 3210 658 3266 ut
679 3201 735 3267 vix
755 3200 907 3266 laetitiam
927 3197 1077 3265 victoriae

87 3292 202 3360 utirent.
230 3295 337 3380 itaque
349 3307 443 3362 nocte
454 3296 647 3381 insequenti,
667 3317 740 3361 cum
753 3293 946 3381 praesidium
959 3303 1078 3359 castro-
1094 3311 1111 3361 8

87 3409 113 3454 m
129 3400 162 3455 et
178 3390 266 3475 quod
281 3389 412 3455 relicum
431 3413 471 3456 ex
490 3413 606 3478 magna
622 3400 711 3476 parte
729 3388 864 3454 militum
877 3396 944 3454 erat
956 3385 1077 3453 ratibus

87 3483 192 3551 abiam
216 3484 395 3564 traicerent,
421 3497 476 3550 aut
498 3485 576 3550 nihil
598 3507 724 3552 sensere
748 3482 948 3571 obstrepente
968 3480 1111 3569 pluvias

87 3589 108 3659 t,
134 3580 213 3665 quia
232 3580 298 3645 iam
320 3580 439 3646 moveri
460 3579 634 3664 nequibant
656 3601 732 3666 prae
749 3577 934 3645 lassitudine
951 3598 990 3643 ac
1007 3575 1078 3642 vul-

87 3675 183 3754 ribus,
221 3675 337 3741 sentire
369 3683 439 3742 ses'e
470 3674 722 3753 dissimularunt,
758 3674 933 3759 quietisque
957 3670 1077 3739 Poenis

87 3772 132 3837 ito
161 3769 291 3857 agmine
315 3769 358 3835 ab
381 3767 530 3857 Scipione
552 3768 682 3836 consule
704 3769 859 3834 exercitus
881 3763 1078 3832 Placentiam

96 3865 292 3954 perductus,
310 3864 385 3930 inde
397 3864 488 3930 Pado
501 3865 650 3930 traieaus
664 3863 870 3941 Cremonam,
887 3882 927 3929 ne
942 3860 1077 3927 duorum

87 3961 237 4030 reituum
252 3958 393 4028 hibernis
410 3983 475 4027 una
492 3959 614 4027 colonia
630 3970 834 4048 premeretur.
