2528 4514
240 249 358 306 amna
374 248 474 319 xxv,
492 248 535 303 21.
549 248 592 304 m.
611 251 649 318 [a.
661 248 691 304 c.
701 247 766 318 212]
959 234 1025 303 239
1090 206 1094 211 ⁵

88 409 157 476 nilla
173 409 389 496 expeditorum
408 407 542 472 militum
559 407 591 471 in
609 406 691 471 villis
715 405 798 473 circa
815 406 1025 493 vepribusque
1042 428 1060 478 s
1117 488 1119 493 Ι

83 505 138 570 ilvis
158 503 309 590 disponit,
337 501 392 586 qui
414 501 505 589 signo
528 502 601 567 dato
624 500 719 566 simul
736 522 845 567 omnes
863 522 881 566 e
897 499 1025 568 latebris

84 608 176 677 terent,
203 608 234 663 et
255 596 430 684 Magonem
452 591 608 683 duo[que]
636 594 736 660 ferme
762 593 848 660 milia
874 595 1062 679 equitum,r

91 693 184 781 lugam
205 692 424 758 inclinaturam
449 690 610 768 credebat,
636 689 743 756 omnia
763 688 874 756 itinera
891 690 1026 756 insidere

83 798 103 853 tt
136 787 182 853 his
204 796 296 852 nocte
317 785 510 873 praeparatis
532 785 634 871 prima
653 784 725 850 luce
746 782 780 849 in
801 784 901 852 aciem
919 785 1026 872 copias

83 881 117 947 cit.
153 904 211 947 neo
228 881 361 946 Fulvius
380 891 430 946 est
446 889 625 957 cunctatus,
647 901 713 944 non
729 887 795 944 tam
813 901 871 945 sua
887 878 952 945 ulla
970 902 1063 967 spes

83 998 106 1041 n
122 976 248 1041 militum
278 976 398 1061 impetu
429 974 559 1040 fortuito
588 982 718 1039 tractus.
779 972 885 1058 itaque
916 974 1028 1041 eadem

83 1069 180 1148 nitate,
207 1093 271 1155 qua
295 1091 480 1156 processum
505 1071 540 1136 in
561 1069 661 1135 aciem
684 1077 746 1147 est,
772 1068 937 1135 instruitur
957 1070 1028 1157 ipsa

83 1160 141 1229 'trad
153 1164 315 1231 libidinem
333 1164 466 1229 militum
489 1164 570 1230 forte
587 1161 836 1250 procurrentium
854 1162 1029 1229 consisten-

83 1274 140 1341 upe
160 1281 222 1344 quc
248 1257 318 1323 loco
344 1259 487 1345 ipsorum
512 1258 635 1324 tulisset
660 1256 799 1336 animus,
831 1255 945 1323 deinde
971 1278 1029 1343 per

83 1346 228 1419 tinomaus
246 1356 365 1418 metum
388 1353 597 1419 deserentium
618 1352 733 1418 locum.
776 1350 879 1438 prisna
894 1350 979 1438 legio
997 1360 1029 1417 et
1046 1373 1063 1421 6

83 1438 132 1511 'fla
143 1447 187 1512 ala
203 1448 237 1512 in
254 1447 355 1533 primo
369 1447 540 1512 instructae
552 1456 584 1512 et
596 1446 630 1512 in
642 1445 871 1534 longitudinem
883 1455 1028 1532 porrecta

83 1532 116 1619 ,ἢ
147 1541 348 1608 clamantibus
375 1541 523 1620 tribunis,
558 1541 637 1606 nihil
661 1541 814 1607 introrsus
840 1539 962 1606 roboris
989 1561 1062 1608 act

83 1622 127 1697 fin
140 1659 201 1703 esse
227 1646 260 1703 et
281 1658 479 1721 quacumque
506 1636 659 1722 impetum
681 1634 810 1702 fecisset
830 1634 931 1702 hostis
957 1657 1029 1722 per-

83 1728 158 1808 tuos,
173 1731 250 1796 nihil
267 1732 352 1815 quod
371 1730 506 1796 salutare
524 1739 608 1797 esset
625 1752 689 1797 non
704 1729 800 1797 modo
817 1729 860 1795 ad
875 1728 1027 1809 animum,

83 1810 172 1890 luat
192 1848 283 1891 aures
306 1827 433 1910 quidem
455 1824 647 1891 admittebat.
691 1835 723 1890 et
744 1823 908 1891 Hannibal
927 1824 1062 1891 haud-8

83 1924 157 1993 qun
184 1919 294 1986 similis
325 1920 391 1984 dux
420 1942 523 2004 neque
554 1919 648 1985 simili
679 1919 818 1985 exercitu
852 1940 955 2004 neque
983 1918 1029 1985 ita

83 2006 152 2076 *aa
172 2015 286 2080 aderat.
333 2038 408 2102 ergo
434 2037 475 2080 ne
501 2015 669 2082 clamorem
695 2015 823 2100 quidem
849 2024 943 2099 atque
968 2013 1029 2079 im·

83 2096 259 2192 *primum
276 2132 386 2175 eorum
407 2109 544 2176 Romani
561 2110 746 2177 sustinuere.
790 2109 870 2187 dux,
898 2107 1028 2174 stultitia
1046 2125 1063 2174 9

83 2188 227 2271 lhuitate
256 2204 409 2270 Centenio
435 2227 505 2290 par,
542 2203 646 2270 animo
672 2202 916 2287 haudquaquam
943 2225 1028 2269 com·

83 2288 167 2377 Νὴ,
194 2298 251 2364 ubi
276 2320 343 2363 rem
365 2298 546 2363 inclinatam
568 2320 605 2363 ao
627 2295 810 2383 trepidantis
834 2317 909 2360 suos
932 2295 1027 2373 videt,

83 2384 216 2479 tempto
235 2415 307 2458 cum
325 2392 468 2458 ducentis
487 2390 586 2457 ferme
603 2388 761 2475 equitibus
779 2387 904 2475 effugit,
923 2397 1028 2455 cetera
1046 2407 1081 2456 ιο

83 2466 152 2552 'luta
175 2489 268 2576 pulsa
298 2485 387 2575 in[de
409 2484 443 2575 a]
475 2496 564 2575 tergo
594 2495 688 2570 atque
723 2484 781 2550 alis
816 2483 1029 2549 circumventa

83 2552 152 2678 l⁸300
177 2604 278 2669 usque
305 2592 354 2649 est
380 2604 488 2660 caesa,
527 2590 563 2646 ut
589 2603 630 2646 ex
660 2577 875 2665 duodeviginti
900 2575 1028 2643 milibus

83 2672 158 2823 ΕΜ
169 2678 232 2744 duo
250 2676 336 2742 milia
352 2676 429 2741 haut
442 2673 577 2759 amplius
592 2673 756 2739 evaserint
792 2671 903 2738 castris
919 2669 1028 2738 hostes

122 2782 186 2836 runt.
1149 2818 1155 2829 .

96 2846 177 2932 llll.
231 2866 304 2932 Hae
332 2866 437 2930 clades
464 2885 559 2950 super
584 2862 678 2930 aliam
704 2861 766 2928 alia
790 2861 927 2928 Romam
954 2880 1061 2927 cumr

83 2956 298 3039 mundatae,
325 2961 437 3046 ingens
460 2958 587 3043 quidem
610 2967 641 3024 et
662 2957 766 3023 luctus
784 2965 815 3021 et
836 2978 935 3042 pavor
952 2953 1030 3021 civi-

83 3052 206 3142 ncepta
230 3056 288 3121 sed
305 3064 423 3134 tamen,
442 3053 517 3138 quia
530 3053 689 3130 consules,
708 3050 764 3116 ubi
782 3073 906 3116 summa
922 3070 1028 3114 rorum

83 3148 109 3222 ils
126 3151 162 3215 ad
186 3151 220 3216 id
245 3150 385 3215 locorum
411 3170 560 3235 prospere
586 3169 654 3213 rem
675 3153 833 3232 gererent,
860 3144 965 3208 minus
988 3140 1027 3205 iis

83 3226 139 3309 itus
156 3242 441 3312 commovebantur.
481 3242 602 3329 legatos
621 3240 663 3306 ad
680 3238 824 3306 consules
842 3235 969 3301 mittunt
988 3231 1027 3300 C.
1046 3253 1062 3300 2

83 3337 194 3418 tarium,
229 3337 278 3404 M.
305 3336 479 3413 Metilium,
516 3335 570 3419 qui
595 3333 787 3410 nuntiarent,
823 3339 859 3395 ut
879 3326 1028 3414 reliquias

83 3450 132 3498 um
147 3433 319 3501 exercitum
337 3453 409 3497 cum
423 3452 499 3495 cura
511 3428 692 3516 colligerent
706 3427 876 3510 darentque
889 3445 1026 3510 operam,
1046 3443 1062 3490 3
1082 3436 1086 3443 “

83 3546 113 3591 er
127 3537 245 3595 metum
258 3548 296 3592 ac
311 3523 560 3610 desperationem
572 3523 656 3590 hosti
669 3544 704 3588 se
716 3520 878 3598 dederent,
896 3517 930 3582 id
943 3515 1029 3601 quod

94 3618 290 3689 Cannensem
316 3618 482 3686 accidisset
508 3618 644 3697 cladem,
672 3624 703 3683 et
723 3625 759 3681 ut
785 3614 960 3679 desertores
987 3611 1027 3675 de

83 3714 137 3782 citu
153 3717 303 3783 volonum
325 3713 552 3799 conquirerent
595 3711 681 3779 idem
697 3707 804 3796 negoti
821 3707 859 3773 P.
880 3703 1027 3772 Cornelio
1046 3725 1063 3771 4

83 3832 121 3890 m,
139 3811 191 3878 cui
207 3820 239 3879 et
255 3809 387 3876 dilectus
405 3807 572 3874 mandatus
591 3813 670 3884 erat,
687 3803 778 3889 isque
795 3825 851 3890 per
867 3801 937 3866 fora
954 3820 1029 3865 con·

83 3905 205 3992 >utaque
223 3903 334 3984 edixit,
357 3911 393 3968 ut
410 3900 597 3987 conquisitio
615 3897 763 3965 volonum
780 3896 869 3962 lieret
884 3894 969 3979 iique
986 3892 1028 3958 ad

83 4001 335 4070 traducerentur.
361 3996 440 4065 haec
458 3995 562 4062 omnia
579 3992 787 4060 intentissima
804 4013 880 4060 cura
896 3996 977 4057 acta.
