2528 4514
338 245 457 302 LIBER
475 247 632 318 XXVIIII,
651 247 694 302 31.
708 247 750 301 32.
770 251 807 315 [a.
819 245 923 317 C.204]
1085 238 1149 304 475

104 405 251 495 praedae
274 427 369 489 quam
390 404 471 469 inter
493 403 647 469 Numidas
670 414 703 469 et
723 404 922 470 latrocinium
944 405 1041 471 tutius
1070 417 1147 473 erat.

104 498 240 585 iamque
267 499 347 564 adeo
373 499 504 564 licenter
530 498 713 577 eludebant,
740 510 776 563 ut
803 500 845 563 ad
870 523 956 565 mare
983 501 1148 566 devectam
1167 522 1197 570 11

105 595 265 682 praedam
288 593 461 658 venderent
482 593 710 658 mercatoribus
735 593 966 678 appellentibus
989 618 1087 660 naves
1106 595 1148 659 ad

107 688 274 776 idipsum
298 687 469 774 pluresque
496 709 591 770 quam
617 686 701 753 iusto
728 710 824 773 saepe
846 688 880 753 in
905 689 989 755 bello
1012 687 1147 755 Cartha

107 782 274 873 ginienses
297 782 447 847 caderent
467 794 727 868 caperenturque.
773 783 982 868 deplorabant
1007 808 1045 851 ea
1071 797 1147 873 aput
1167 805 1197 852 12

120 876 298 964 Syphacem
317 873 599 962 Carthaginienses
616 877 845 961 incensumque
866 889 899 944 et
915 879 1022 966 ipsum
1040 881 1081 944 ad
1098 903 1148 946 re-

119 970 228 1055 liquias
250 970 326 1036 belli
346 971 583 1057 persequendas
606 971 811 1057 instigabant.
865 972 923 1036 sed
945 973 999 1038 vix
1023 975 1148 1060 regium

120 1064 282 1131 ridebatur
298 1065 453 1130 latronem
470 1087 590 1152 vagum
606 1065 640 1129 in
657 1066 818 1131 montibus
837 1067 1021 1132 consectari.

178 1157 337 1225 XXXII.
380 1159 488 1223 Bucar
510 1181 550 1224 ex
570 1160 740 1246 praefectis
761 1163 862 1247 regis,
890 1161 938 1225 vir
960 1182 1032 1226 acer
1050 1171 1082 1226 et
1099 1161 1180 1230 in-1

119 1252 220 1341 piger,
248 1252 344 1318 adid
365 1253 521 1330 delectus,
554 1264 587 1318 et
608 1255 683 1319 data
705 1265 852 1338 quattuor
882 1255 970 1320 milia
993 1255 1146 1341 peditum,

119 1347 179 1414 duo
205 1347 360 1430 equitum3
395 1347 669 1434 praemiorumque
691 1349 814 1435 ingenti
841 1372 897 1436 spe
919 1360 1083 1427 oneratus,
1119 1350 1147 1414 si

119 1452 210 1529 caput
226 1440 420 1508 Masinissae
445 1442 620 1509 rettulisset
638 1454 693 1507 aut
715 1443 823 1507 vivum
835 1443 907 1508 —id
925 1466 1000 1509 vero
1018 1444 1147 1509 inaesti-

118 1536 230 1602 mabile
248 1536 400 1623 gaudium
417 1537 486 1603 fore
498 1575 525 1584 -
540 1537 690 1623 cepisset,
708 1537 832 1624 palatos
846 1539 1003 1605 incuriose
1022 1540 1145 1627 agentis
1165 1558 1180 1605 2

118 1629 276 1719 inproviso
303 1631 446 1711 adortus,
472 1653 623 1719 pecorum
650 1632 875 1716 hominumque
897 1633 1019 1719 ingenti
1041 1633 1147 1698 multi·

117 1725 223 1790 tudine
241 1727 432 1812 apraesidio
450 1737 641 1793 armatorum
655 1726 797 1805 exclusa,
815 1727 1025 1792 Masinissam
1041 1727 1147 1814 ipsum

116 1821 323 1907 campaneis
349 1822 383 1887 in
409 1821 559 1887 verticem
585 1821 703 1886 montis
726 1823 895 1910 compellit.
947 1823 1021 1887 inde
1047 1841 1180 1908 propes

118 1916 179 1981 iam
194 1928 230 1983 ut
248 1916 419 1996 debellato,
437 1938 497 1983 neo
513 1918 632 2004 praeda
649 1919 743 1984 modo
757 1940 908 2006 pecorum
921 1918 1146 2003 hominumque

119 2021 279 2098 captorum
296 2011 396 2076 missa
413 2012 453 2076 ad
471 2033 594 2098 regem,
614 2012 672 2077 sed
689 2013 798 2098 copiis,
817 2023 853 2079 ut
871 2014 1030 2098 aliquanto
1049 2013 1147 2080 maio·

116 2103 201 2170 ribus
229 2127 325 2190 quam
350 2129 408 2192 pro
434 2105 562 2190 reliquis
591 2106 679 2183 belli,
706 2107 862 2185 remissis,
891 2129 962 2171 cum
986 2105 1035 2193 [u]
1060 2108 1180 2174 haud4

116 2198 251 2287 amplius
269 2199 428 2286 peditibus
447 2200 654 2284 ducentisque
676 2200 834 2283 equitibus
858 2200 1045 2286 degressum
1061 2200 1146 2287 iugis

115 2292 323 2361 Masinissam
344 2307 545 2382 persecutus,
575 2296 608 2358 in
630 2294 712 2360 valle
735 2307 803 2359 arta
826 2295 970 2358 faucibus
988 2295 1146 2378 utrimque

115 2389 280 2478 oppositus
298 2390 438 2468 inclusit,
461 2390 516 2455 ubi
533 2391 646 2477 ingens
666 2389 779 2455 caedes
796 2388 1027 2454 Maesuliorum
1045 2388 1145 2453 facta:

115 2481 291 2551 Masinissa
307 2507 380 2549 cum
401 2485 629 2572 quinquaginta
651 2485 737 2549 haud
759 2483 894 2570 amplius
913 2483 1070 2566 equitibus
1088 2503 1180 2569 pero

116 2580 275 2645 anfractus
302 2579 419 2645 montis
440 2580 568 2666 ignotos
592 2579 796 2662 sequentibus
820 2600 855 2643 se
877 2577 999 2663 eripuit
1044 2576 1178 2646 tenuits

115 2683 220 2741 tamen
243 2673 379 2760 vestigia
399 2675 506 2739 Bucar
530 2674 725 2760 adeptusque
748 2696 821 2739 eum
842 2672 1023 2759 patentibus
1045 2693 1145 2758 prope

114 2765 273 2857 Clupeam
289 2770 402 2834 urbem
419 2768 539 2855 campis
557 2769 602 2832 ita
619 2768 838 2846 circumvenit,
861 2778 897 2833 ut
913 2778 1038 2855 praeter
1055 2776 1146 2851 quat-

111 2872 183 2930 tuor
200 2863 326 2947 equites
344 2885 454 2928 omnes
478 2863 520 2927 ad
541 2885 640 2927 unum
656 2862 855 2928 interficeret.
900 2885 973 2928 cum
994 2865 1022 2928 is
1039 2861 1146 2949 ipsum

107 2978 242 3043 quoque
263 2956 473 3023 Masinissam
495 2958 638 3022 saucium
663 2980 762 3044 prope
785 2980 803 3023 e
826 2958 972 3023 manibus
993 2957 1076 3022 inter
1097 2967 1146 3021 tu-

105 3051 250 3119 multum
268 3051 381 3118 amisit.
425 3052 459 3116 in
483 3062 654 3138 conspectu
677 3063 767 3117 erant
788 3052 962 3137 fugientes;
990 3052 1041 3116 ala
1058 3050 1178 3133 equi-r

103 3162 181 3215 tum
200 3145 347 3232 dispersa
364 3156 430 3212 toto
449 3169 576 3233 campo,
604 3146 794 3230 quibusdam
815 3156 851 3209 ut
873 3153 1072 3209 occurrerent
1088 3164 1146 3229 per

103 3241 245 3325 obliqua
266 3241 482 3319 tendentibus,
511 3241 648 3325 quinque
666 3240 774 3304 hostes
798 3239 997 3322 sequebatur.
1043 3235 1144 3301 amnis
1164 3255 1179 3301 8

103 3338 230 3425 ingens
248 3334 399 3422 fugientis
418 3336 574 3423 accepit—
586 3332 787 3417 nequeenim
803 3342 998 3409 cunctanter,
1016 3340 1052 3394 ut
1065 3352 1146 3414 quos

104 3431 216 3498 maior
234 3442 337 3497 metus
350 3443 492 3519 urgeret,
511 3431 708 3496 immiserant
720 3450 818 3513 equos
828 3427 1007 3522 -raptique
1020 3426 1146 3514 gurgite

105 3530 143 3593 in
173 3525 339 3609 obliquum
364 3526 506 3613 praelati.
551 3525 675 3591 duobus
702 3525 735 3588 in
757 3535 929 3610 conspectu
952 3521 1091 3587 hostium
1112 3520 1179 3587 ine

106 3621 339 3710 praerapidum
361 3621 520 3708 gurgitem
542 3620 665 3685 haustis
686 3619 756 3706 ipse
778 3619 900 3705 perisse
922 3616 1069 3682 creditus.
1114 3626 1147 3680 at

107 3719 178 3783 duo
200 3714 316 3798 reliqui
338 3717 459 3800 equites
483 3738 555 3781 cum
573 3738 610 3781 eo
628 3714 709 3780 inter
727 3712 864 3799 virgulta
884 3709 1041 3776 ulterioris
1058 3709 1146 3796 ripae

106 3821 323 3877 emerserunt.
375 3811 403 3876 is
429 3811 501 3876 finis
528 3810 646 3876 Bucari
674 3808 827 3896 sequendi
853 3807 913 3872 fuit
937 3826 997 3871 nec
1022 3802 1147 3891 ingredi

107 3907 233 3971 flumen
252 3927 331 3970 auso
348 3929 407 3972 nec
425 3905 542 3972 habere
561 3904 701 3970 credenti
719 3926 753 3968 se
766 3903 830 3967 iam
845 3924 938 3987 quem
952 3909 1146 3985 sequeretur.

106 4001 187 4068 inde
207 4023 309 4067 vanus
332 4013 440 4068 auctor
463 3999 622 4087 absumpti
638 3997 832 4065 Masinissae
856 3997 896 4062 ad
917 4017 1027 4082 regem
1042 3994 1144 4074 rediit,
1165 4013 1198 4061 10
