2528 4514
255 230 373 287 nruuu
390 230 504 300 xxm,
520 231 565 288 ce.
581 232 623 287 47.
643 235 681 302 [a.
693 230 797 305 cara]
985 220 1046 287 161

91 410 95 417 ·
128 387 244 456 Hannibal
264 389 303 455 ab
321 389 403 455 Nola
425 390 557 455 remisso
579 390 612 454 in
633 389 775 455 Bruttios
792 389 951 457 Hannone
974 415 1046 458 cum
1065 413 1081 461 8

91 480 277 567 pulsauerat
294 485 393 570 copiis
410 485 479 570 ipse
493 483 630 570 Apuliae
648 483 779 550 hiberna
796 485 883 571 petit,
903 487 1047 572 circaque

91 570 152 661 lips
170 579 300 644 consedit.
355 577 396 662 Q.
423 577 543 644 Fabius
569 587 605 642 ut
630 575 806 664 profectum
836 578 870 642 in
895 578 1081 669 Apuliamo

91 650 230 737 hildem
246 672 380 751 audivit,
407 671 564 737 frumento
587 671 627 737 ab
645 671 726 737 Nola
742 671 937 758 Neapolique
959 675 993 739 in
1011 698 1049 741 ea

156 775 300 845 convecto,
323 786 405 850 quae
424 789 518 852 super
537 764 723 832 Suessulam
740 776 845 844 erant,
872 769 1049 835 munimen-

133 857 263 926 efimatis
278 869 309 925 et
321 861 493 947 praesidio,
512 861 598 944 quod
611 881 667 944 per
680 859 811 925 hiberna
824 861 865 925 ad
877 862 1048 929 tenendum

151 954 211 1021 satis
224 963 317 1032 esset,
336 954 444 1021 relicto
457 955 525 1041 ipse
536 953 682 1040 Capuam
693 954 823 1039 propius
836 955 934 1020 movit
947 969 1049 1023 oastm

91 1034 193 1133 ltaque
201 1047 400 1135 Campanum
413 1048 496 1115 ferro
508 1048 637 1136 ignique
653 1056 701 1112 est
714 1046 933 1133 depopulatus,
948 1050 1049 1119 donec
1069 1071 1100 1118 so

91 1140 134 1204 ru
146 1155 208 1209 sunt
225 1141 382 1230 Campani
400 1141 477 1207 nihil
500 1141 671 1207 admodum
689 1140 808 1206 viribus
831 1140 897 1207 suis
915 1142 1048 1211 fidentes

91 1234 137 1309 sd
149 1238 239 1322 portis
257 1246 289 1302 et
307 1246 409 1303 castra
431 1245 503 1302 ante
525 1235 636 1301 urbem
658 1235 691 1299 in
715 1245 823 1321 aperto
845 1238 1048 1306 communire.

91 1332 183 1399 rnilia
202 1341 392 1398 armatorum
414 1329 585 1397 habebant:
612 1329 750 1416 peditem
772 1328 934 1409 inbellem,
962 1330 1049 1415 equi·
1068 1354 1098 1400 11

91 1442 105 1489 u
114 1426 172 1510 plus
189 1434 346 1512 poterant;
368 1426 473 1510 itaque
492 1423 690 1511 equestribus
707 1423 833 1511 proeliis
851 1423 1049 1491 lacessebant

96 1612 167 1680 luter
187 1613 303 1680 multos
326 1615 448 1681 nobiles
471 1615 592 1700 equites
616 1604 798 1700 Campanos
822 1611 972 1680 Cerrinus
991 1613 1050 1679 Vi·
1068 1635 1099 1682 12

91 1706 133 1774 ius
150 1719 226 1788 erat,
246 1708 576 1796 cognomineTaurea.
604 1708 681 1774 civis
699 1708 838 1774 indidem
856 1717 935 1787 erat,
954 1708 1049 1796 longe

91 1803 156 1868 cium
175 1802 410 1890 Campanorum
436 1803 627 1869 fortissimus
654 1825 766 1888 eques,
793 1804 874 1869 adeo
901 1814 948 1882 ut,
977 1826 1050 1869 oum

91 1897 275 1964 tRomanos
302 1899 461 1977 militaret,
493 1921 575 1964 unus
602 1919 675 1963 eum
701 1897 865 1964 Romanus
894 1897 1048 1964 Claudius

91 1990 147 2057 llus
163 1992 262 2080 gloria
280 1993 416 2077 equestri
434 2002 590 2076 aequaret.
635 1992 719 2058 hunc
737 1992 875 2071 Taurea,
904 2015 976 2058 oum
994 1992 1049 2057 diu
1069 2014 1100 2060 13

91 2084 206 2152 butrms
224 2087 324 2153 oculis
343 2086 557 2172 obequitasset
574 2087 712 2154 hostium
731 2087 841 2153 turmis
863 2088 990 2153 tandem
1009 2086 1051 2151 si-

91 2178 226 2261 dolscto,
245 2183 301 2248 ubi
319 2192 403 2250 esset
419 2182 572 2249 Claudius
585 2182 716 2248 Asellus
734 2183 890 2267 quaesivit
907 2193 947 2261 et,
971 2204 1049 2267 quo-
1069 2201 1101 2248 14

91 2276 221 2343 mrerbis
241 2299 350 2345 secum
368 2278 407 2343 de
426 2277 540 2347 virtute
562 2277 722 2362 ambigere
741 2276 849 2341 solitus
868 2285 966 2354 esset,
994 2298 1051 2341 cur

91 2366 187 2438 ufaro
213 2372 395 2439 decerneret
426 2372 574 2456 daretque
605 2370 711 2457 opima
736 2367 838 2456 spolia
863 2369 963 2435 victus
996 2378 1050 2432 aut

91 2468 270 2552 torcaperet.

93 2554 305 2626 XXXXVII.
332 2561 425 2627 Haec
443 2560 498 2626 ubi
507 2559 618 2626 Asello
638 2568 711 2624 sunt
728 2558 868 2624 nuntiata
885 2559 919 2623 in
936 2566 1047 2634 castra,
1069 2576 1082 2622 1

91 2653 167 2719 nodo
188 2665 342 2734 moratus,
370 2665 405 2721 ut
427 2655 588 2722 consulem
606 2655 875 2741 percunctaretur,
901 2650 1049 2718 liceretne

91 2766 114 2813 o
126 2749 263 2815 ordinem
280 2750 314 2814 in
330 2759 553 2836 provocantem
570 2749 694 2815 hostem
710 2770 866 2836 pugnare,
893 2746 1050 2834 permissu

91 2860 205 2910 torma
235 2846 392 2931 extemplo
425 2845 507 2931 cepit
537 2854 767 2931 provectusque
798 2853 869 2909 ante
901 2842 1083 2909 stationest

91 2936 277 3005 oTauream
293 2941 419 3006 nomine
442 2940 632 3025 conpellavit
653 2938 863 3026 congredique
885 2937 941 3002 ubi
958 2937 1051 3002 vellet

91 3029 122 3096 dt.
155 3032 218 3098 iarn
231 3034 369 3099 Romani
385 3035 426 3099 ad
445 3034 657 3120 spectaculum
675 3056 801 3120 pugnae
819 3033 886 3098 eius
905 3031 1051 3115 frequen·
1069 3046 1084 3093 3

100 3127 247 3207 exierant,
275 3138 306 3193 et
334 3127 489 3215 Campani
516 3150 579 3194 non
605 3127 724 3194 vallum
750 3128 844 3193 modo
867 3134 1049 3200 castrorum,

102 3224 222 3289 moenia
243 3224 338 3288 etiam
360 3224 447 3290 urbis
469 3233 705 3309 prospectantes
728 3223 933 3309 repleverunt.
979 3235 1085 3283 cume

103 3327 170 3383 ente
188 3318 348 3384 ferocibus
367 3319 457 3384 dictis
476 3341 543 3383 rem
560 3318 791 3395 nobilitassent,
810 3313 933 3380 infestis
951 3312 1050 3378 hastis

91 3411 213 3479 citarunt
232 3435 342 3498 equos,
371 3414 444 3478 dein
461 3412 559 3478 libero
579 3413 680 3499 spatio
702 3414 782 3477 inter
803 3432 837 3475 se
854 3408 1050 3474 ludificantes

114 3509 243 3574 vulnere
269 3532 409 3596 pugnam
436 3509 650 3575 extrahebant.
696 3521 761 3573 tum
785 3507 968 3592 Campanus
986 3504 1085 3568 Ito-5

91 3624 112 3668 o
134 3603 315 3688 ‘equorum’
333 3604 434 3688 inquit
457 3605 544 3684 ‘hoc,
571 3627 634 3670 non
651 3604 791 3689 equitum
809 3600 867 3666 erit
884 3608 1050 3674 certamen,

99 3720 247 3784 eoampo
265 3700 298 3763 in
316 3722 426 3765 cavam
447 3700 529 3766 hanc
546 3700 631 3765 viam
653 3697 845 3763 demittimus
868 3716 980 3778 equos3
1006 3691 1051 3758 ibi

91 3794 159 3860 aad
172 3795 373 3880 evagandum
391 3796 491 3881 spatio
506 3796 680 3861 comminus
695 3799 898 3858 conserentur
916 3787 1051 3853 manus'.

91 3911 100 3955 ›
117 3912 220 3976 prope
238 3890 329 3954 citius
345 3912 461 3974 equum
474 3891 507 3954 in
521 3891 605 3955 viam
616 3887 768 3954 Claudius
782 3885 908 3963 deiecit3
928 3882 1053 3948 Taurea
1071 3904 1086 3951 o

91 3985 119 4050 is
143 3984 280 4050 ferocior
301 4007 396 4070 quam
417 4008 451 4051 re
479 3986 619 4050 ‘minime
642 3983 698 4050 sis’
721 3983 822 4069 inquit
845 3979 1054 4057 ‘cantherium

91 4088 117 4130 tot
132 4086 175 4130 rot.
187 4085 215 4130 11.
846 4083 878 4136 11
