2528 4514
280 243 399 299 urnas
416 243 517 314 xxx,
536 244 578 299 24.
591 245 632 299 rs.
653 243 738 314 [aa.
750 246 812 314 roa]
1002 233 1065 298 507

95 401 132 465 tis
156 401 324 479 onerariis,
351 401 482 488 triginta
502 401 606 489 longis
629 402 764 468 navibus
791 425 832 468 ex
855 401 966 469 Sicilia
991 404 1067 469 trai-

95 495 129 559 ui
155 518 221 562 non
251 496 363 560 eadem
394 496 520 561 fortuna
546 496 629 561 fuit..
672 497 706 560 in
736 508 941 582 conspectum
966 497 1099 566 formet

95 589 167 655 icae
191 611 344 676 prospero
372 611 467 655 cursu
493 601 618 655 vectum
643 591 746 676 primo
773 590 915 656 destituit
941 602 1064 671 ventus,

95 684 149 749 rde
167 706 280 749 versus
301 683 335 748 in
352 683 501 748 Africum
523 685 662 749 turbavit
683 707 722 749 ac
741 686 863 771 passim
884 710 982 752 naves
1002 687 1065 751 dis-

95 789 116 843 t
152 777 230 867 *ipso
248 800 321 843 cum
336 778 480 844 rostratis
498 801 556 865 per
573 779 725 845 adversos
743 781 856 845 fluctus
879 781 1000 868 ingenti
1016 805 1066 847 re·
1083 799 1098 848 8

95 895 156 956 ,um
190 873 299 939 labore
334 875 441 940 enisus
468 875 629 961 Apollinis
663 877 917 961 promunturium
951 879 1065 956 tenuit;

95 966 196 1032 uariae
213 990 288 1053 pars
306 968 444 1033 maxima
461 969 503 1032 ad
518 970 731 1054 Aegimurum
744 1009 770 1018 -
782 970 887 1035 iusula
904 994 943 1037 ea
961 974 1065 1038 sinum
1084 990 1098 1037 9

96 1062 158 1126 alto
176 1061 307 1140 claudit,
333 1062 447 1146 inquo
466 1063 527 1128 sita
545 1062 707 1150 Carthago
726 1076 789 1142 est,
817 1065 947 1151 triginta
965 1067 1065 1131 ferme

95 1155 122 1220 ia
138 1156 178 1220 ab
195 1156 275 1220 urbe
291 1193 332 1234 -,
355 1157 435 1222 aliae
454 1158 606 1223 adversus
625 1158 736 1224 urbem
753 1158 856 1245 ipsam
874 1160 914 1224 ad
934 1157 1064 1225 Calidas

95 1271 147 1314 uas
174 1249 298 1314 delatae
326 1262 408 1316 sunt.
470 1251 577 1317 omnia
601 1251 635 1315 in
661 1265 834 1339 conspectu
861 1251 1063 1339 Carthaginis
1085 1269 1117 1316 to

95 1353 134 1408 nt.
177 1343 285 1427 itaque
303 1367 344 1409 ex
361 1355 427 1410 tota
444 1346 522 1411 urbe
538 1345 572 1410 in
589 1345 693 1411 forum
712 1369 900 1413 concursum
918 1359 979 1413 est:
998 1371 1066 1412 ma-

95 1448 185 1503 tratus
215 1449 360 1503 senatum
385 1461 517 1518 vocare,
552 1441 689 1527 populus
715 1442 749 1506 in
776 1442 881 1508 curiae
908 1442 1064 1508 vestibulo

95 1555 182 1610 nere,
218 1556 260 1599 nc
295 1544 383 1599 tanta
417 1557 458 1599 ex
493 1535 592 1601 oculis
627 1536 836 1620 manibusque
871 1538 1092 1602 amitteretur

95 1627 160 1693 eda.
196 1647 269 1692 cum
287 1628 416 1711 quidam
432 1630 520 1715 pacis
538 1629 669 1716 potitae,
688 1630 741 1694 alii
754 1630 1065 1696 indutiarum-neo-
1084 1647 1115 1692 11

95 1745 111 1785 u
141 1721 227 1787 enim
258 1722 327 1788 dies
358 1723 477 1789 exierat
493 1761 521 1772 -
537 1724 634 1787 fidem
659 1737 871 1809 opponerent,
907 1725 1065 1811 permixto

95 1838 134 1880 ne
151 1827 283 1881 senatus
300 1817 472 1902 populique
491 1817 623 1883 concilio
642 1839 832 1883 consensum
850 1829 913 1897 est,
931 1829 967 1884 ut
984 1818 1065 1883 clas-

95 1931 107 1973 ι
128 1910 359 1996 quinquaginta
384 1912 514 1977 navium
539 1912 727 1978 Hasdrubal
752 1913 965 2002 Aegimurum
991 1914 1066 1980 trai-

95 2014 133 2082 et,
148 2005 225 2070 inde
241 2028 300 2091 per
315 2005 409 2072 litora
424 2017 597 2091 portusque
616 2007 776 2093 dispersas
785 2009 948 2076 Romanas
966 2033 1065 2076 naves

95 2097 206 2185 igeret.
259 2100 403 2165 desertae
429 2101 507 2188 fuga
536 2112 705 2166 nautarum
733 2103 871 2186 primum
896 2105 937 2169 ab
962 2105 1114 2191 Aegi-12

95 2216 137 2272 .·o,
160 2193 276 2258 deinde
295 2195 335 2259 ab
352 2195 457 2279 Aquis
477 2196 638 2269 onerariae
658 2193 887 2281 Carthaginem
903 2199 1064 2282 puppibus

95 2298 151 2352 tae
171 2300 255 2353 sunt.

95 2381 215 2450 XXV.
257 2382 408 2448 Nondum
431 2384 471 2448 ab
487 2385 593 2449 Roma
613 2393 807 2450 reverterant
824 2381 1063 2468 legati,.neque
1084 2407 1097 2452 1

95 2476 208 2554 batur,
235 2497 317 2561 quae
344 2489 472 2543 senatus
490 2477 629 2544 Romani
651 2477 691 2542 de
713 2477 797 2542 bello
820 2489 874 2542 aut
894 2497 974 2563 pace
993 2499 1065 2542 sen·

95 2570 132 2635 ia
158 2582 263 2650 esset,
298 2573 434 2637 necdum
459 2572 652 2637 indutiarum
683 2570 750 2636 dies
778 2571 916 2649 exierat;
952 2593 990 2636 eo
1016 2572 1097 2639 in-2

95 2664 212 2729 riorem
240 2665 387 2731 iniuriam
412 2677 501 2732 ratus
529 2664 652 2752 Scipio,
684 2667 726 2732 ab
750 2666 804 2744 iis,
832 2667 886 2751 qui
910 2665 1066 2753 petissent

95 2781 145 2825 em
173 2770 204 2824 et
229 2759 382 2838 indutias,
411 2771 442 2826 et
469 2783 560 2846 spem
585 2760 674 2846 pacis
703 2772 735 2826 ct
755 2761 852 2826 fidem
873 2760 1067 2826 indutiarum

96 2863 185 2918 atam
202 2876 288 2931 esse,
305 2854 428 2940 legatos
444 2852 673 2940 Carthaginem
685 2855 909 2936 L.Bacbium,
926 2857 975 2922 M.
991 2854 1066 2923 Ser-

95 2970 159 3025 am,
178 2947 219 3012 L.
233 2947 370 3014 Fabium
388 2948 546 3036 extemplo
564 2948 659 3014 misit.
696 2949 750 3034 qui
768 2973 840 3016 cum
857 2952 1065 3017 multitudinis
1085 2974 1100 3020 3

95 3063 190 3107 cursu
208 3065 307 3128 prope
325 3042 433 3108 violati
450 3054 558 3108 essent
579 3065 638 3108 nec
655 3045 792 3109 reditum
813 3046 960 3111 tutiorem
981 3047 1067 3111 futu·

95 3161 104 3200 ι
121 3148 302 3215 cernerent,
320 3138 478 3224 petierunt
492 3161 511 3202 a
523 3137 777 3224 magistratibus,
798 3160 931 3221 quorum
949 3138 1066 3202 auxilio

100 3229 261 3317 prohibita
278 3242 357 3309 erat,
377 3242 412 3297 ut
428 3255 526 3297 naves
544 3233 718 3308 mitterent,
742 3252 823 3314 quae
842 3253 877 3296 se
894 3253 1066 3317 proseque-

95 3335 152 3389 tur.
197 3325 290 3390 datae
316 3325 451 3392 triremis
479 3327 560 3391 duae
583 3347 655 3391 cum
681 3324 723 3388 ad
739 3325 923 3410 Bagradam
947 3325 1100 3392 flument

95 3418 270 3497 venissent,
288 3421 372 3485 unde
390 3432 494 3486 castra
510 3420 657 3485 Romana
674 3417 961 3505 conspiciebantur,
986 3416 1066 3484 Car-

95 3513 200 3600 ginem
221 3513 352 3580 rediere.
405 3514 516 3580 classis
534 3514 657 3579 Punica
684 3514 725 3578 ad
742 3513 872 3580 Uticam
899 3512 1066 3578 stationem
1084 3533 1100 3580 5

95 3609 184 3674 ebat.
235 3631 275 3672 ex
300 3632 338 3674 ea
364 3620 428 3674 tres
455 3608 669 3692 quadriremes
687 3646 714 3655 -
732 3631 788 3674 seu
815 3608 896 3672 clam
922 3606 1020 3672 misso
1047 3630 1068 3672 a

95 3702 233 3789 thagine
250 3703 374 3781 nuntio,
393 3703 440 3768 uti
456 3704 560 3780 fieret,
584 3726 641 3768 seu
658 3703 876 3780 Hasdrubale,
900 3701 954 3786 qui
971 3701 1066 3766 classi

95 3810 194 3875 cerat,
230 3797 298 3862 sine
324 3799 451 3885 publica
478 3799 589 3863 fraude
615 3822 693 3863 auso
720 3796 843 3862 facinus
865 3834 891 3843 -
914 3795 1066 3881 quinque·

95 3916 154 3959 em
171 3891 351 3957 Romanam
375 3904 577 3979 superantem
598 3890 849 3979 promunturium
872 3889 998 3956 ex'alto
1015 3912 1066 3955 re·

95 4000 127 4054 te
147 3987 321 4074 adgressae
345 3999 427 4056 sunt.
474 3987 531 4053 sed
553 4008 655 4072 neque
673 3995 776 4052 rostro
794 3985 887 4051 ferire
907 3984 1099 4052 celeritates
