2528 4514
143 222 208 288 224
387 231 506 289 LIBER
522 231 619 301 XXV,
638 230 663 287 9.
677 230 719 287 10.
740 233 816 300 [au.
827 230 926 301 assa]

110 389 308 463 8Hannibal
334 389 488 456 concubia
513 397 605 453 noete
630 388 738 453 movit
791 387 858 452 dux
879 387 1076 455 Philemenus
1098 412 1132 467 aq

144 510 217 554 eum
240 485 332 552 solito
354 493 464 569 captae
486 483 661 549 venationis
683 504 790 561 onere3
822 483 919 548 ceteri
939 483 1102 569 proditores

111 600 126 648 s
145 602 227 665 quae
244 578 419 664 composita
436 587 525 642 erant
542 575 757 661 expectabant.
800 587 991 641 convenerat
1007 576 1123 657 autem,

143 673 346 740 Philemenus
363 671 488 757 portula
509 671 641 735 adsueta
663 670 862 734 venationem
884 671 1023 736 inferens

143 768 317 845 induceret,
343 775 432 852 parte
449 765 511 830 alia
527 774 650 850 portam
668 763 867 830 Temenitida
885 765 987 829 adiret
1003 765 1054 830 Hs

93 881 126 929 10
144 884 181 927 ea
206 861 432 926 mediterranea
458 859 546 945 regio
573 868 634 934 est,
662 858 813 923 orientem
840 869 977 944 spectat,
1004 858 1085 925 busta

96 986 99 993 ·
144 965 294 1039 quantum
321 954 402 1018 intra
427 953 552 1021 moenia
576 951 787 1017 includuntur.
832 974 905 1017 cum
932 963 1039 1038 portae

143 1050 322 1135 pinquaret,
354 1049 457 1113 editus
484 1070 523 1112 ex
550 1042 724 1132 compo'sito
750 1047 833 1134 ignis
860 1046 901 1113 ab
924 1048 1090 1114 Hannibale

142 1142 336 1227 refulsitque.
381 1142 465 1207 idem
481 1141 639 1206 redditum
657 1141 697 1206 ab
715 1141 835 1207 Nicone
854 1142 997 1230 signum,
1025 1143 1077 1208 ex'

93 1256 123 1305 11
143 1236 256 1302 deinde
273 1237 419 1320 utrinque
436 1235 582 1302 flammae
601 1245 683 1300 sunt.
720 1233 883 1301 Hannibal
902 1237 1027 1303 silentio
1043 1238 1079 1301 du

144 1331 184 1395 ad
200 1340 333 1417 portam.
377 1330 456 1395 Nico
475 1352 514 1394 ex
532 1330 703 1415 improviso
726 1331 854 1395 adortus
878 1331 999 1417 sopitos
1019 1330 1110 1418 vigiles.

93 1446 125 1493 12
144 1424 299 1491 cubilibus
318 1425 383 1490 suis
402 1424 567 1490 obtruncat
583 1436 769 1510 portamque
787 1426 901 1511 ape1it;
925 1425 1080 1491 Hannibal

143 1519 284 1604 peditum
311 1519 436 1606 agmine
459 1518 646 1606 ingreditur,
675 1520 795 1603 equites
823 1518 995 1585 subsistere
1017 1518 1111 1597 iubet.

93 1632 126 1681 13
144 1635 275 1697 queres
293 1613 431 1699 postulet
448 1633 610 1678 occurrere
626 1612 725 1678 libero
744 1636 855 1699 campo
873 1624 1014 1699 possent
1053 1622 1077 1677 et

142 1706 284 1772 lemenus
302 1706 444 1793 portulae
461 1716 550 1791 parte
568 1706 643 1785 alia,
662 1727 726 1791 qua
744 1728 920 1773 commeare
939 1708 1087 1783 adsuerat,

143 1799 382 1885 propinquabat.
435 1809 510 1865 nota
535 1822 599 1865 vox
624 1800 692 1866 eius
720 1809 750 1865 et
780 1801 934 1865 familiare
961 1802 1025 1866 iam
1049 1800 1095 1867 s''

145 1916 217 1958 oum
248 1893 416 1958 excitasset
445 1893 593 1979 vigilem,
629 1895 752 1960 dicente
782 1895 836 1958 vix
868 1895 1016 1960 sustineri

93 2006 127 2056 14
144 1986 263 2052 bestiae
290 2008 384 2066 onus,
415 1987 539 2073 portula
565 1989 664 2073 aperit
665 2012 709 2053 ur.
763 1988 932 2054 inferentes
960 2012 1065 2074 aprum

143 2081 273 2145 iuvenes
293 2091 418 2146 secutus
436 2081 505 2167 ipse
528 2103 600 2146 cum
623 2083 769 2168 expedito
790 2092 940 2148 venatore
962 2084 1083 2171 vigilem,

145 2183 217 2238 caut
217 2174 267 2237 ius
285 2175 435 2239 miraculo
453 2176 704 2285 magnitudinis
696 2200 729 2240 1n
747 2200 801 2242 eos
814 2199 870 2269 qul
860 2177 1029 2242 ferebant
1038 2170 1132 2244 Μ

93 2288 126 2337 15
143 2267 330 2335 venabulot
318 2269 428 2334 traicit
473 2270 609 2356 ingrcssi
631 2271 778 2335 deindet
766 2271 893 2357 triginta
911 2271 979 2336 fere
1000 2264 1132 2336 antid

143 2374 225 2429 teres
244 2364 355 2451 vigiles
380 2363 434 2429 obt
423 2374 566 2430 ttruncan
554 2365 763 2452 trefringunt
751 2376 825 2449 tque
847 2376 973 2450 portam
991 2363 1069 2453 pro'

144 2469 174 2524 et
192 2482 307 2546 agmen
325 2459 429 2524 sub
404 2461 503 2545 srgnis
522 2460 653 2525 confest
632 2472 688 2524 trm
705 2461 831 2546 inrupit.
871 2461 946 2525 inde
964 2456 1083 2526 cumsil

93 2573 125 2621 16
143 2554 176 2617 in
202 2553 307 2618 forum
333 2553 419 2619 ducti
441 2553 615 2618 Hannibali
642 2577 711 2619 sese
738 2555 976 2619 coniunxerunt.
1021 2565 1081 2618 tum

143 2647 230 2712 milia
248 2644 411 2712 Gallorum
429 2647 559 2713 Poenus
584 2649 617 2714 in
644 2659 707 2713 tres
733 2648 835 2713 divisa
860 2649 958 2735 partis
986 2670 1041 2735 per

144 2743 270 2806 dimittit
305 2741 572 2831 Tarentin0s[que
611 2744 706 2809 duces
743 2743 874 2830 singulis
914 2743 1055 2829 partibus
1111 2803 1115 2823 .

94 2847 125 2894 11
143 2833 261 2920 binos].
306 2836 416 2901 itinera
434 2859 530 2920 quam
547 2860 694 2903 maxume
712 2837 888 2921 frequentia
905 2860 1057 2925 occupare
1074 2836 1084 2899 i

144 2930 279 2995 tumultu
298 2941 364 2996 orto
374 2931 535 2999 Romanos
554 2934 674 3018 passim
692 2933 794 3010 caedi,
813 2933 979 3019 oppidanis
998 2932 1085 3020 parci

143 3035 179 3090 ut
196 3024 264 3090 fieri
284 3024 318 3090 id
339 3036 461 3110 posset,
488 3028 639 3114 praecipit
660 3027 826 3093 iuvenibus
846 3026 1040 3106 Tarentinis,
1066 3034 1091 3091 ut

144 3143 239 3206 quem
266 3143 395 3186 suorum
420 3122 528 3207 procul
554 3122 724 3200 vidissent,
760 3122 922 3205 quiescere
954 3146 993 3188 ac
1025 3123 1116 3189 silen'

144 3215 228 3281 bono
246 3215 351 3281 animo
369 3237 440 3280 esse
457 3214 608 3281 iuberent.
1120 3218 1123 3223 '

111 3335 125 3380 1
208 3308 255 3374 X.
299 3308 370 3374 Iam
400 3309 552 3374 tumultus
584 3320 650 3375 erat
681 3311 877 3393 clamorque,
914 3311 1020 3395 qualis
1046 3299 1132 3376 essel

145 3414 236 3487 capta
253 3403 330 3469 urbe
350 3403 442 3482 solet,
462 3404 532 3480 sed,
551 3405 627 3488 quid
644 3405 690 3470 rei
707 3413 804 3481 esset,
824 3426 916 3469 nemo
931 3406 1011 3471 satis
1024 3426 1078 3491 pro
1089 3402 1132 3467 eet

111 3520 126 3568 a
146 3497 234 3563 seire.
280 3496 442 3563 Tarentini
460 3498 621 3564 Romanos
639 3500 680 3564 ad
698 3498 904 3585 diripiendam
922 3500 1036 3565 urbem
1053 3494 1132 3564 cred!

145 3602 282 3670 coortos,
301 3592 452 3658 Romanis
472 3592 583 3659 seditio
605 3594 709 3678 aliqua
727 3616 799 3658 cum
817 3592 930 3657 fraude
948 3594 1048 3659 videri
1065 3590 1132 3673 abq

111 3687 267 3772 apidanis
297 3697 391 3752 mota.
445 3688 622 3773 praefectus
654 3688 756 3774 primo
787 3687 942 3752 excitatus
975 3686 1132 3753 tumultu·

144 3792 268 3866 portum
297 3781 422 3869 effugit,
449 3782 522 3848 inde
545 3793 692 3868 acceptus
720 3781 838 3867 scapha
864 3782 897 3846 in
920 3804 1027 3849 arcem
1048 3781 1132 3847 circu

110 3896 126 3942 «1
145 3874 277 3940 vehitur.
318 3898 453 3942 errorem
472 3887 502 3941 et
519 3877 596 3942 tuba
614 3878 720 3942 audita
738 3899 778 3941 cx
796 3876 917 3942 theatro
936 3877 1086 3955 faciebat,
1103 3894 1132 3937 ns

147 3977 178 4032 et
194 3969 339 4036 Romana
356 3981 436 4049 erat,
460 3996 479 4037 a
495 3972 705 4057 proditoribus
724 3971 765 4037 ad
782 3971 843 4037 hoc
860 3972 966 4059 ipsum
985 3974 1132 4059 praeparet
