2528 4514
144 218 186 284 76
411 228 532 284 LIBER
548 227 650 298 XXII,
669 227 711 283 22.
731 230 769 296 [a.
779 243 806 282 u.
817 243 841 282 c.
851 226 916 296 537]

142 388 232 455 nium
252 386 429 474 Hispaniae
455 383 644 473 populorum
669 384 791 450 animos
817 382 1009 464 morabatur,
1041 407 1083 452 nc
1111 409 1188 455 saue

144 482 241 572 gnine
259 481 395 547 liberum
413 502 542 546 suorum
560 478 652 565 culpa
670 477 855 544 defectionis
871 476 1021 546 lueretur.
1197 558 1199 563 Ι

112 596 128 647 t
210 575 263 641 Eo
280 573 406 640 vinculo
423 572 614 660 Hispaniam
637 573 686 638 vir
707 595 789 637 unus
808 571 947 639 sollertia
963 573 1070 661 magis
1087 586 1199 660 quani‘:

146 669 232 734 fideli
244 668 385 735 consilio
403 667 546 733 exsolvit.
590 665 720 733 Abelux
743 675 810 731 erat
829 663 965 754 Sagunti
985 667 1105 734 nobilis
1121 668 1182 737 flia!

146 784 279 849 spanus,
306 761 388 827 fidus
411 770 484 826 ante
500 759 634 839 Poenis,
661 771 743 839 tum,
770 759 876 844 qualia
898 759 1088 847 plerumque
1109 770 1176 829 suriz¹

110 879 125 928 t
145 854 350 922 barbarorum
367 854 508 941 ingenia,
527 876 600 919 cum
618 853 745 920 fortuna
761 864 938 920 mutaverat
955 854 1063 922 fldem.
1101 865 1166 925 aaa

144 972 216 1014 rum
234 948 432 1036 transfugam
450 948 517 1014 sine
534 970 669 1035 magnae
686 947 732 1013 rei
749 948 925 1035 proditione
942 949 1123 1016 venientem
1135 948 1180 1025 nl.

143 1042 245 1108 hostis
269 1043 347 1107 nihil
369 1042 455 1108 aliud
477 1065 572 1127 quam
594 1064 693 1107 unum
715 1042 777 1107 vile
800 1052 894 1128 atque
920 1042 1041 1110 infame
1068 1060 1163 1133 corp!¹

145 1158 216 1202 esse
232 1145 334 1214 ratus,
357 1136 391 1201 id
409 1134 537 1223 agebat,
561 1146 708 1220 utquam
727 1158 911 1203 maxumum
933 1137 1161 1204 emolumen
1175 1161 1193 1193 r

111 1233 238 1302 snovis
266 1232 359 1298 sociis
387 1241 480 1296 esset.
525 1230 759 1318 circumspectis
785 1231 883 1318 igitur
909 1232 1073 1312 omnibus,
1106 1264 1130 1291 ιι
1193 1236 1199 1261 ”

145 1325 273 1391 fortuna
298 1326 462 1412 potestatis
486 1324 553 1390 cius
575 1334 698 1412 poterat
719 1325 839 1405 facere,
867 1326 1032 1393 obsidibus
1054 1324 1174 1414 po:'';f'
1196 1324 1199 1340 ²

144 1443 233 1485 mum
255 1419 415 1484 tradendis
438 1418 579 1485 animum
601 1418 728 1496 adiecit,
756 1441 826 1485 eam
844 1442 941 1485 unam
957 1441 1027 1486 rem
1053 1452 1088 1480 at
1105 1452 1194 1497 tu„

144 1523 232 1579 ratus
256 1513 491 1578 conciliaturam
507 1512 660 1578 Romanis
683 1513 860 1599 principum
878 1513 1056 1600 Hispaniae
1080 1546 1143 1571 ιιι»
1159 1524 1166 1558 ἰ

112 1631 127 1677 9
145 1608 231 1672 tiam.
265 1607 322 1673 sed
340 1629 413 1673 cum
429 1606 553 1672 iniussu
564 1605 709 1673 Bostaris
726 1608 878 1694 praefecti
896 1609 973 1675 satis
992 1609 1087 1674 sciret
1111 1627 1170 1670 ιιι
1197 1662 1199 1700 ,

146 1700 305 1768 obsidium
330 1701 477 1768 custodes
504 1701 643 1767 facturos
670 1723 756 1780 esse,
787 1701 956 1768 Bostarem
981 1704 1089 1791 ipsum
1120 1738 1122 1759 2

94 1817 128 1866 10
145 1797 336 1883 adgreditur.
382 1803 484 1861 castra
514 1805 602 1861 extra
633 1794 744 1862 urbem
772 1796 805 1861 in
831 1797 901 1882 ipso
926 1798 1018 1864 litore
1044 1797 1173 1864 «habe⁴¹¹

144 1889 270 1966 Bostar,
290 1899 325 1953 ut
342 1889 463 1953 aditum
480 1910 518 1955 ea
536 1900 680 1975 exparte
698 1889 919 1956 intercluderet
936 1890 1101 1959 Romanis.
1131 1886 1165 1957 itt

147 2005 219 2048 eum
241 1983 275 2046 in
293 1992 449 2047 secretum
466 1982 637 2048 abductum
655 1984 741 2049 velut
757 1983 955 2071 ignorantem
972 1995 1095 2064 monet,
1122 2013 1142 2042 o
1154 2023 1169 2035 =

94 2101 127 2147 ιι
148 2086 232 2141 statu
254 2077 295 2142 sit
316 2098 382 2142 res:
409 2087 527 2142 metum
550 2077 741 2144 continuisse
764 2077 806 2143 ad
827 2100 898 2143 eam
915 2079 1000 2145 diem
1017 2072 1179 2167 Hispan-¹

143 2195 215 2237 rum
233 2171 369 2249 animos,
393 2171 467 2254 quia
483 2171 593 2257 procul
610 2170 746 2237 Romani
763 2169 925 2250 abessent3
952 2196 1039 2239 nunc
1057 2174 1104 2240 cis
1115 2166 1160 2237 Ε·

144 2265 256 2331 berum
282 2275 385 2331 castra
410 2265 555 2331 Romana
581 2287 652 2331 esse
679 2287 784 2331 arcem
810 2275 910 2332 tutam
934 2267 1164 2355 perfugiumque

144 2383 244 2426 novas
275 2360 452 2427 volentibus
482 2384 543 2427 res.
588 2361 694 2446 itaque
725 2383 804 2446 quos
834 2371 900 2426 met
899 2383 937 2426 us
968 2383 1035 2428 non
1065 2366 1181 2437 teneat·¹

93 2476 126 2524 ιι
144 2455 297 2522 beneficio
324 2466 356 2520 et
385 2464 456 2543 grat
456 2455 488 2521 ia
444 2455 741 2522 tdevinciendos
773 2477 853 2521 esse
902 2455 1029 2521 miranti
1054 2446 1180 2522 Bostari·¹

143 2550 436 2638 percunctantique,
464 2549 623 2634 quodnam
645 2549 678 2613 id
701 2548 785 2615 subit
773 2559 839 2614 tum
860 2557 966 2616 tantae
987 2550 1036 2616 rei
1061 2550 1173 2620 donna

93 2665 126 2715 13
144 2652 254 2730 posset
276 2666 360 2722 esse,
390 2643 576 2710 ‘obsides'
567 2644 668 2729 rnquit
691 2643 737 2709 ‘in
755 2643 897 2709 civitates
915 2644 1048 2710 remitte.
1092 2644 1164 2710 idel

143 2737 290 2824 privatim
308 2735 506 2822 parentibus,
530 2759 664 2822 quorum
681 2760 867 2802 maxumum
883 2759 1000 2803 nomen
1019 2739 1053 2804 in
1071 2737 1162 2804 civita

93 2830 229 2900 ratibus
253 2839 301 2895 est
324 2830 404 2909 suis,
433 2839 464 2895 et
484 2829 610 2916 publice
631 2830 756 2917 populis
774 2841 899 2918 gratum
918 2832 985 2897 erit
1030 2832 1096 2899 volt
1116 2824 1161 2897 ubl

144 2925 278 3010 quisque
312 2925 396 2990 credi
422 2933 454 2990 et
479 2923 588 2990 habita
612 2925 691 2990 fides
718 2925 821 3012 ipsam
846 2925 1033 3012 plerumque
1058 2925 1161 3011 obligtl

143 3019 249 3084 fidem.
279 3018 487 3085 ministerium
499 3030 564 3085 rest
552 3020 763 3085 tituendorum
780 3021 891 3087 domos
910 3019 1073 3087 obsidium
1086 3014 1161 3085 mibi·
1181 3019 1183 3022 ’

144 3122 210 3178 met
228 3114 393 3200 deposco
384 3136 466 3201 rpse,
485 3123 521 3179 ut
533 3136 629 3200 opera
646 3135 772 3199 quoquc
789 3114 923 3201 inpensa
940 3115 1105 3181 consilium
1119 3110 1160 3178 ad
1179 3088 1199 3195 i

145 3207 252 3272 iuvem
269 3230 377 3273 meum
394 3218 426 3274 et
441 3207 489 3274 rei
507 3217 619 3294 suapte
635 3218 747 3273 natura
765 3217 873 3296 gratae
887 3218 1038 3293 quantam
1051 3209 1180 3293 insuper
1196 3280 1199 3293 ἵ

95 3323 128 3371 15
145 3326 203 3389 gra
204 3303 280 3367 tiam
301 3303 422 3388 possim
449 3302 601 3369 adiciam'
644 3303 764 3368 homini
785 3325 848 3369 non
870 3305 912 3368 ad
932 3313 1037 3369 cetera
1056 3300 1162 3368 Punic

144 3395 272 3483 ingenia
298 3395 410 3462 callido
436 3407 472 3461 ut
497 3397 666 3482 persuasit,
698 3406 790 3463 nocte
816 3396 897 3462 clam
923 3419 1109 3485 progressus
1132 3386 1162 3457 ad

143 3488 282 3556 hostium
308 3490 458 3555 stationes
485 3500 618 3556 convent
619 3491 646 3557 is
673 3490 863 3576 quibusdam
890 3489 1094 3558 auxiliaribus
1114 3484 1162 3553 Hl-

145 3583 251 3670 spanis
275 3593 306 3648 et
328 3583 369 3649 ab
387 3583 438 3650 his
456 3584 497 3649 ad
517 3579 697 3670 Scipionem
719 3585 903 3671 perductus,
931 3584 1009 3670 quid
1031 3583 1165 3654 adferreb
1195 3604 1199 3649 ;

94 3699 126 3748 16
145 3679 313 3766 expromit,
345 3690 376 3745 et
402 3679 464 3745 fide
491 3689 621 3765 accepta
647 3680 782 3765 dataque
808 3702 846 3747 ac
875 3681 946 3748 loco
977 3688 1009 3746 et
1038 3689 1166 3765 tempore
1194 3722 1199 3795 p

145 3775 312 3840 constituto
339 3774 380 3839 ad
406 3773 533 3840 obsides
560 3774 729 3840 tradendos
754 3773 933 3862 Saguntum
959 3774 1049 3840 redit.
1094 3774 1169 3839 dieu

144 3867 362 3951 insequentem
393 3868 570 3954 absumpsit
601 3890 673 3933 cum
699 3869 834 3935 Bostare
860 3868 1017 3934 mandatis
1045 3867 1087 3934 ad
1111 3886 1171 3933 rem

94 3981 127 4027 1⁷
145 3959 300 4046 agendam
324 3961 523 4046 accipiendis.
569 3962 718 4028 dimissus
738 3985 811 4028 cum
829 3986 863 4029 se
881 3971 973 4029 nocte
990 3962 1123 4042 iturum,
1142 3963 1174 4027 ut
