<?xml version="1.0" encoding="UTF-8"?>
<!DOCTYPE html PUBLIC "-//W3C//DTD XHTML 1.0 Transitional//EN"
    "http://www.w3.org/TR/xhtml1/DTD/xhtml1-transitional.dtd">
<html xmlns="http://www.w3.org/1999/xhtml" xml:lang="en" lang="en">
 <head>
  <title>
</title>
<meta http-equiv="Content-Type" content="text/html;charset=utf-8" />
  <meta name='ocr-system' content='tesseract 3.04.00' />
  <meta name='ocr-capabilities' content='ocr_page ocr_carea ocr_par ocr_line ocrx_word'/>
</head>
<body>
  <div class='ocr_page' id='page_1' title='image "./titiliviaburbec00weisgoog_0188.png"; bbox 0 0 2528 4514; ppageno 0'>
   <div class='ocr_carea' id='block_1_1' title="bbox 147 250 946 330">
    <p class='ocr_par' dir='ltr' id='par_1_1' title="bbox 147 250 946 341">
     <span class='ocr_line' id='line_1_1' title="bbox 147 250 946 330; baseline -0.003 -12"><span class='ocrx_word' id='word_1_1' title='bbox 147 250 189 318; x_wconf 86' lang='grc'><strong>68</strong></span> <span class='ocrx_word' id='word_1_2' title='bbox 383 260 504 319; x_wconf 81' lang='lat' dir='ltr'>LIBER</span> <span class='ocrx_word' id='word_1_3' title='bbox 520 258 622 330; x_wconf 88' lang='lat' dir='ltr'>XXII,</span> <span class='ocrx_word' id='word_1_4' title='bbox 641 259 683 316; x_wconf 89' lang='grc'><strong>13.</strong></span> <span class='ocrx_word' id='word_1_5' title='bbox 693 259 741 330; x_wconf 61' lang='lat' dir='ltr'><strong>,lb</strong></span> <span class='ocrx_word' id='word_1_6' title='bbox 760 261 798 329; x_wconf 87' lang='lat' dir='ltr'><strong>[a.</strong></span> <span class='ocrx_word' id='word_1_7' title='bbox 808 276 836 316; x_wconf 89' lang='lat' dir='ltr'><strong>u.</strong></span> <span class='ocrx_word' id='word_1_8' title='bbox 847 274 872 317; x_wconf 87' lang='lat' dir='ltr'><strong>c.</strong></span> <span class='ocrx_word' id='word_1_9' title='bbox 881 250 946 330; x_wconf 72' lang='lat' dir='ltr'><strong>bbl]</strong></span> 
     </span>
    </p>
   </div>
   <div class='ocr_carea' id='block_1_2' title="bbox 93 406 1116 4090">
    <p class='ocr_par' dir='ltr' id='par_1_2' title="bbox 114 406 1116 788">
     <span class='ocr_line' id='line_1_2' title="bbox 114 406 1101 509; baseline -0.01 -17"><span class='ocrx_word' id='word_1_10' title='bbox 114 442 241 509; x_wconf 86' lang='lat' dir='ltr'><strong>eopem</strong></span> <span class='ocrx_word' id='word_1_11' title='bbox 266 419 430 487; x_wconf 80' lang='lat' dir='ltr'><strong>serendam</strong></span> <span class='ocrx_word' id='word_1_12' title='bbox 453 418 547 485; x_wconf 88' lang='lat' dir='ltr'><strong>sociis</strong></span> <span class='ocrx_word' id='word_1_13' title='bbox 569 414 821 487; x_wconf 80' lang='lat' dir='ltr'><strong>interclusurum.</strong></span> <span class='ocrx_word' id='word_1_14' title='bbox 867 417 925 483; x_wconf 91' lang='lat' dir='ltr'><strong>sed</strong></span> <span class='ocrx_word' id='word_1_15' title='bbox 945 406 1101 483; x_wconf 58' lang='lat' dir='ltr'><strong>Punicum&#39;</strong></span> 
     </span>
     <span class='ocr_line' id='line_1_3' title="bbox 146 508 1116 599; baseline -0.006 -15"><span class='ocrx_word' id='word_1_16' title='bbox 146 517 277 584; x_wconf 88' lang='lat' dir='ltr'><strong>horrens</strong></span> <span class='ocrx_word' id='word_1_17' title='bbox 296 513 336 581; x_wconf 85' lang='lat' dir='ltr'><strong>ab</strong></span> <span class='ocrx_word' id='word_1_18' title='bbox 354 513 545 579; x_wconf 88' lang='lat' dir='ltr'><strong>Latinorum</strong></span> <span class='ocrx_word' id='word_1_19' title='bbox 562 510 725 577; x_wconf 89' lang='lat' dir='ltr'><strong>nominum</strong></span> <span class='ocrx_word' id='word_1_20' title='bbox 746 508 1016 599; x_wconf 86' lang='lat' dir='ltr'><strong>pro[nuntiatione</strong></span> <span class='ocrx_word' id='word_1_21' title='bbox 1034 511 1116 578; x_wconf 82' lang='lat' dir='ltr'><strong>osC</strong></span> 
     </span>
     <span class='ocr_line' id='line_1_4' title="bbox 145 605 1116 696; baseline -0.005 -20"><span class='ocrx_word' id='word_1_22' title='bbox 145 612 246 677; x_wconf 89' lang='lat' dir='ltr'><strong>linum</strong></span> <span class='ocrx_word' id='word_1_23' title='bbox 262 605 334 696; x_wconf 87' lang='lat' dir='ltr'><strong>pro]</strong></span> <span class='ocrx_word' id='word_1_24' title='bbox 356 606 475 674; x_wconf 85' lang='lat' dir='ltr'><strong>Casino</strong></span> <span class='ocrx_word' id='word_1_25' title='bbox 498 606 563 671; x_wconf 89' lang='lat' dir='ltr'><strong>dux</strong></span> <span class='ocrx_word' id='word_1_26' title='bbox 586 614 621 671; x_wconf 88' lang='lat' dir='ltr'><strong>ut</strong></span> <span class='ocrx_word' id='word_1_27' title='bbox 642 606 798 693; x_wconf 86' lang='lat' dir='ltr'><strong>acciperet</strong></span> <span class='ocrx_word' id='word_1_28' title='bbox 816 605 905 685; x_wconf 87' lang='lat' dir='ltr'><strong>fecit,</strong></span> <span class='ocrx_word' id='word_1_29' title='bbox 929 627 1116 691; x_wconf 78' lang='lat' dir='ltr'><strong>aversusque</strong></span> 
     </span>
     <span class='ocr_line' id='line_1_5' title="bbox 147 698 1116 788; baseline -0.005 -17"><span class='ocrx_word' id='word_1_30' title='bbox 147 726 205 772; x_wconf 90' lang='lat' dir='ltr'><strong>suo</strong></span> <span class='ocrx_word' id='word_1_31' title='bbox 218 703 328 769; x_wconf 88' lang='lat' dir='ltr'><strong>itinere</strong></span> <span class='ocrx_word' id='word_1_32' title='bbox 341 723 399 788; x_wconf 90' lang='lat' dir='ltr'><strong>per</strong></span> <span class='ocrx_word' id='word_1_33' title='bbox 406 700 583 767; x_wconf 85' lang='lat' dir='ltr'><strong>Allifanum</strong></span> <span class='ocrx_word' id='word_1_34' title='bbox 597 698 842 785; x_wconf 72' lang='lat' dir='ltr'><strong>Caiatinumque</strong></span> <span class='ocrx_word' id='word_1_35' title='bbox 855 711 888 766; x_wconf 89' lang='lat' dir='ltr'><strong>et</strong></span> <span class='ocrx_word' id='word_1_36' title='bbox 900 698 1056 766; x_wconf 82' lang='lat' dir='ltr'><strong>Calenum</strong></span> <span class='ocrx_word' id='word_1_37' title='bbox 1068 724 1116 788; x_wconf 87' lang='lat' dir='ltr'><strong>agr</strong></span> 
     </span>
    </p>

    <p class='ocr_par' dir='ltr' id='par_1_3' title="bbox 113 793 1116 977">
     <span class='ocr_line' id='line_1_6' title="bbox 113 793 1116 884; baseline -0.007 -17"><span class='ocrx_word' id='word_1_38' title='bbox 113 822 127 867; x_wconf 79' lang='lat' dir='ltr'><strong>r</strong></span> <span class='ocrx_word' id='word_1_39' title='bbox 146 800 181 866; x_wconf 90' lang='lat' dir='ltr'><strong>in</strong></span> <span class='ocrx_word' id='word_1_40' title='bbox 193 819 342 884; x_wconf 88' lang='lat' dir='ltr'><strong>eampum</strong></span> <span class='ocrx_word' id='word_1_41' title='bbox 356 794 520 864; x_wconf 79' lang='lat' dir='ltr'><strong>Stellatem</strong></span> <span class='ocrx_word' id='word_1_42' title='bbox 533 796 705 862; x_wconf 80' lang='lat' dir='ltr'><strong>descendit</strong></span> <span class='ocrx_word' id='word_1_43' title='bbox 738 793 793 861; x_wconf 92' lang='lat' dir='ltr'><strong>ubi</strong></span> <span class='ocrx_word' id='word_1_44' title='bbox 811 817 884 861; x_wconf 89' lang='lat' dir='ltr'><strong>cum</strong></span> <span class='ocrx_word' id='word_1_45' title='bbox 901 795 1061 862; x_wconf 89' lang='lat' dir='ltr'><strong>montibus</strong></span> <span class='ocrx_word' id='word_1_46' title='bbox 1077 796 1116 861; x_wconf 89' lang='lat' dir='ltr'><strong>flu</strong></span> 
     </span>
     <span class='ocr_line' id='line_1_7' title="bbox 145 889 1116 977; baseline -0.002 -19"><span class='ocrx_word' id='word_1_47' title='bbox 145 892 303 976; x_wconf 91' lang='lat' dir='ltr'><strong>nibusque</strong></span> <span class='ocrx_word' id='word_1_48' title='bbox 338 890 479 957; x_wconf 88' lang='lat' dir='ltr'><strong>clausam</strong></span> <span class='ocrx_word' id='word_1_49' title='bbox 512 890 674 977; x_wconf 83' lang='lat' dir='ltr'><strong>regionem</strong></span> <span class='ocrx_word' id='word_1_50' title='bbox 709 889 999 977; x_wconf 76' lang='lat' dir='ltr'><strong>circumspexisset,</strong></span> <span class='ocrx_word' id='word_1_51' title='bbox 1036 912 1116 956; x_wconf 71' lang='lat' dir='ltr'><strong>voca*</strong></span> 
     </span>
    </p>

    <p class='ocr_par' dir='ltr' id='par_1_4' title="bbox 112 983 1116 1169">
     <span class='ocr_line' id='line_1_8' title="bbox 112 983 1116 1072; baseline -0.005 -16"><span class='ocrx_word' id='word_1_52' title='bbox 112 1008 128 1057; x_wconf 82' lang='lat'>8</span> <span class='ocrx_word' id='word_1_53' title='bbox 146 987 259 1052; x_wconf 87' lang='lat' dir='ltr'><strong>ducem</strong></span> <span class='ocrx_word' id='word_1_54' title='bbox 276 992 505 1072; x_wconf 85' lang='lat' dir='ltr'><strong>percunctatur,</strong></span> <span class='ocrx_word' id='word_1_55' title='bbox 528 983 584 1050; x_wconf 90' lang='lat' dir='ltr'><strong>ubi</strong></span> <span class='ocrx_word' id='word_1_56' title='bbox 601 993 754 1050; x_wconf 84' lang='lat' dir='ltr'><strong>terrarum</strong></span> <span class='ocrx_word' id='word_1_57' title='bbox 772 993 865 1050; x_wconf 91' lang='lat' dir='ltr'><strong>esset.</strong></span> <span class='ocrx_word' id='word_1_58' title='bbox 910 1005 985 1050; x_wconf 86' lang='lat' dir='ltr'><strong>enm</strong></span> <span class='ocrx_word' id='word_1_59' title='bbox 1002 985 1030 1051; x_wconf 93' lang='lat' dir='ltr'><strong>is</strong></span> <span class='ocrx_word' id='word_1_60' title='bbox 1050 983 1116 1051; x_wconf 72' lang='lat' dir='ltr'><strong>cas:</strong></span> 
     </span>
     <span class='ocr_line' id='line_1_9' title="bbox 146 1078 1107 1169; baseline 0.001 -23"><span class='ocrx_word' id='word_1_61' title='bbox 146 1103 184 1147; x_wconf 93' lang='lat' dir='ltr'><strong>eo</strong></span> <span class='ocrx_word' id='word_1_62' title='bbox 202 1079 254 1147; x_wconf 91' lang='lat' dir='ltr'><strong>die</strong></span> <span class='ocrx_word' id='word_1_63' title='bbox 271 1101 456 1147; x_wconf 87' lang='lat' dir='ltr'><strong>mansurum</strong></span> <span class='ocrx_word' id='word_1_64' title='bbox 474 1100 548 1144; x_wconf 90' lang='lat' dir='ltr'><strong>eum</strong></span> <span class='ocrx_word' id='word_1_65' title='bbox 565 1078 711 1158; x_wconf 81' lang='lat' dir='ltr'><strong>dixisset,</strong></span> <span class='ocrx_word' id='word_1_66' title='bbox 735 1089 802 1144; x_wconf 92' lang='lat' dir='ltr'><strong>tum</strong></span> <span class='ocrx_word' id='word_1_67' title='bbox 820 1080 950 1146; x_wconf 90' lang='lat' dir='ltr'><strong>demum</strong></span> <span class='ocrx_word' id='word_1_68' title='bbox 967 1081 1107 1169; x_wconf 86' lang='lat' dir='ltr'><strong>cognitus</strong></span> 
     </span>
    </p>

    <p class='ocr_par' dir='ltr' id='par_1_5' title="bbox 111 1172 1116 1450">
     <span class='ocr_line' id='line_1_10' title="bbox 111 1172 1116 1264; baseline -0.003 -21"><span class='ocrx_word' id='word_1_69' title='bbox 111 1197 126 1245; x_wconf 89' lang='lat' dir='ltr'><strong>a</strong></span> <span class='ocrx_word' id='word_1_70' title='bbox 146 1195 231 1241; x_wconf 89' lang='lat' dir='ltr'><strong>error</strong></span> <span class='ocrx_word' id='word_1_71' title='bbox 249 1184 282 1240; x_wconf 91' lang='lat' dir='ltr'><strong>et</strong></span> <span class='ocrx_word' id='word_1_72' title='bbox 300 1172 455 1240; x_wconf 87' lang='lat' dir='ltr'><strong>Casinum</strong></span> <span class='ocrx_word' id='word_1_73' title='bbox 469 1173 566 1261; x_wconf 86' lang='lat' dir='ltr'><strong>longe</strong></span> <span class='ocrx_word' id='word_1_74' title='bbox 583 1172 657 1239; x_wconf 89' lang='lat' dir='ltr'><strong>inde</strong></span> <span class='ocrx_word' id='word_1_75' title='bbox 675 1173 737 1239; x_wconf 87' lang='lat' dir='ltr'><strong>alia</strong></span> <span class='ocrx_word' id='word_1_76' title='bbox 757 1175 886 1261; x_wconf 90' lang='lat' dir='ltr'><strong>regione</strong></span> <span class='ocrx_word' id='word_1_77' title='bbox 908 1196 994 1254; x_wconf 90' lang='lat' dir='ltr'><strong>esse,</strong></span> <span class='ocrx_word' id='word_1_78' title='bbox 1021 1174 1116 1264; x_wconf 85' lang='lat' dir='ltr'><strong>virgis</strong></span> 
     </span>
     <span class='ocr_line' id='line_1_11' title="bbox 145 1267 1116 1352; baseline -0.002 -16"><span class='ocrx_word' id='word_1_79' title='bbox 145 1290 239 1336; x_wconf 88' lang='lat' dir='ltr'><strong>caeso</strong></span> <span class='ocrx_word' id='word_1_80' title='bbox 262 1268 343 1334; x_wconf 86' lang='lat' dir='ltr'><strong>duce</strong></span> <span class='ocrx_word' id='word_1_81' title='bbox 365 1267 455 1334; x_wconf 84' lang='lat' dir='ltr'><strong>etad</strong></span> <span class='ocrx_word' id='word_1_82' title='bbox 473 1267 665 1352; x_wconf 91' lang='lat' dir='ltr'><strong>reliquorum</strong></span> <span class='ocrx_word' id='word_1_83' title='bbox 683 1277 832 1334; x_wconf 90' lang='lat' dir='ltr'><strong>terrorem</strong></span> <span class='ocrx_word' id='word_1_84' title='bbox 849 1269 884 1334; x_wconf 91' lang='lat' dir='ltr'><strong>in</strong></span> <span class='ocrx_word' id='word_1_85' title='bbox 901 1290 1028 1335; x_wconf 87' lang='lat' dir='ltr'><strong>erucem</strong></span> <span class='ocrx_word' id='word_1_86' title='bbox 1046 1267 1116 1335; x_wconf 89' lang='lat' dir='ltr'><strong>subl</strong></span> 
     </span>
     <span class='ocr_line' id='line_1_12' title="bbox 145 1360 1116 1450; baseline 0 -20"><span class='ocrx_word' id='word_1_87' title='bbox 145 1363 256 1430; x_wconf 87' lang='lat' dir='ltr'><strong>eastris</strong></span> <span class='ocrx_word' id='word_1_88' title='bbox 274 1362 489 1440; x_wconf 89' lang='lat' dir='ltr'><strong>communitis,</strong></span> <span class='ocrx_word' id='word_1_89' title='bbox 513 1360 733 1427; x_wconf 87' lang='lat' dir='ltr'><strong>Maharbalem</strong></span> <span class='ocrx_word' id='word_1_90' title='bbox 751 1383 824 1428; x_wconf 91' lang='lat' dir='ltr'><strong>cum</strong></span> <span class='ocrx_word' id='word_1_91' title='bbox 842 1362 1001 1448; x_wconf 91' lang='lat' dir='ltr'><strong>equitibus</strong></span> <span class='ocrx_word' id='word_1_92' title='bbox 1019 1364 1053 1430; x_wconf 91' lang='lat' dir='ltr'><strong>in</strong></span> <span class='ocrx_word' id='word_1_93' title='bbox 1069 1386 1116 1450; x_wconf 84' lang='lat' dir='ltr'><strong>agr</strong></span> 
     </span>
    </p>

    <p class='ocr_par' dir='ltr' id='par_1_6' title="bbox 94 1454 1116 1640">
     <span class='ocr_line' id='line_1_13' title="bbox 94 1454 1116 1544; baseline -0.003 -20"><span class='ocrx_word' id='word_1_94' title='bbox 94 1481 127 1530; x_wconf 89' lang='lat'><strong>10</strong></span> <span class='ocrx_word' id='word_1_95' title='bbox 144 1456 316 1526; x_wconf 86' lang='lat' dir='ltr'><strong>Falernum</strong></span> <span class='ocrx_word' id='word_1_96' title='bbox 332 1457 518 1544; x_wconf 88' lang='lat' dir='ltr'><strong>praedatum</strong></span> <span class='ocrx_word' id='word_1_97' title='bbox 536 1454 665 1521; x_wconf 89' lang='lat' dir='ltr'><strong>dimisit.</strong></span> <span class='ocrx_word' id='word_1_98' title='bbox 709 1478 811 1541; x_wconf 90' lang='lat' dir='ltr'><strong>usque</strong></span> <span class='ocrx_word' id='word_1_99' title='bbox 833 1457 992 1542; x_wconf 89' lang='lat' dir='ltr'><strong>adaquas</strong></span> <span class='ocrx_word' id='word_1_100' title='bbox 1013 1455 1116 1524; x_wconf 83' lang='lat' dir='ltr'><strong>Sinusr</strong></span> 
     </span>
     <span class='ocr_line' id='line_1_14' title="bbox 143 1550 1116 1640; baseline -0.001 -21"><span class='ocrx_word' id='word_1_101' title='bbox 143 1575 202 1619; x_wconf 86' lang='lat' dir='ltr'><strong>nas</strong></span> <span class='ocrx_word' id='word_1_102' title='bbox 214 1551 376 1640; x_wconf 90' lang='lat' dir='ltr'><strong>populatio</strong></span> <span class='ocrx_word' id='word_1_103' title='bbox 391 1573 429 1616; x_wconf 88' lang='lat' dir='ltr'><strong>ea</strong></span> <span class='ocrx_word' id='word_1_104' title='bbox 441 1550 593 1637; x_wconf 85' lang='lat' dir='ltr'><strong>pervenit.</strong></span> <span class='ocrx_word' id='word_1_105' title='bbox 620 1551 782 1637; x_wconf 83' lang='lat' dir='ltr'><strong>ingentem</strong></span> <span class='ocrx_word' id='word_1_106' title='bbox 794 1551 932 1631; x_wconf 87' lang='lat' dir='ltr'><strong>cladem,</strong></span> <span class='ocrx_word' id='word_1_107' title='bbox 951 1553 1063 1640; x_wconf 84' lang='lat' dir='ltr'><strong>fugam</strong></span> <span class='ocrx_word' id='word_1_108' title='bbox 1076 1561 1116 1618; x_wconf 86' lang='lat' dir='ltr'><strong>tar</strong></span> 
     </span>
    </p>

    <p class='ocr_par' dir='ltr' id='par_1_7' title="bbox 93 1645 1116 1921">
     <span class='ocr_line' id='line_1_15' title="bbox 93 1645 1116 1730; baseline -0.006 -12"><span class='ocrx_word' id='word_1_109' title='bbox 93 1669 126 1718; x_wconf 91' lang='lat'><strong>11</strong></span> <span class='ocrx_word' id='word_1_110' title='bbox 145 1656 357 1730; x_wconf 89' lang='lat' dir='ltr'><strong>terroremque</strong></span> <span class='ocrx_word' id='word_1_111' title='bbox 374 1645 468 1711; x_wconf 88' lang='lat' dir='ltr'><strong>latius</strong></span> <span class='ocrx_word' id='word_1_112' title='bbox 481 1645 637 1711; x_wconf 86' lang='lat' dir='ltr'><strong>Numidae</strong></span> <span class='ocrx_word' id='word_1_113' title='bbox 652 1645 807 1712; x_wconf 87' lang='lat' dir='ltr'><strong>fecerunt:</strong></span> <span class='ocrx_word' id='word_1_114' title='bbox 825 1668 886 1712; x_wconf 90' lang='lat' dir='ltr'><strong>nec</strong></span> <span class='ocrx_word' id='word_1_115' title='bbox 903 1656 1010 1713; x_wconf 91' lang='lat' dir='ltr'><strong>tamen</strong></span> <span class='ocrx_word' id='word_1_116' title='bbox 1026 1647 1054 1712; x_wconf 90' lang='lat' dir='ltr'><strong>is</strong></span> <span class='ocrx_word' id='word_1_117' title='bbox 1072 1657 1116 1712; x_wconf 82' lang='lat' dir='ltr'><strong>ter</strong></span> 
     </span>
     <span class='ocr_line' id='line_1_16' title="bbox 144 1738 1116 1826; baseline -0.003 -18"><span class='ocrx_word' id='word_1_118' title='bbox 144 1763 218 1808; x_wconf 85' lang='lat' dir='ltr'><strong>eum</strong></span> <span class='ocrx_word' id='word_1_119' title='bbox 236 1741 342 1807; x_wconf 91' lang='lat' dir='ltr'><strong>omnia</strong></span> <span class='ocrx_word' id='word_1_120' title='bbox 359 1739 443 1806; x_wconf 91' lang='lat' dir='ltr'><strong>bello</strong></span> <span class='ocrx_word' id='word_1_121' title='bbox 461 1739 644 1826; x_wconf 87' lang='lat' dir='ltr'><strong>flagrarent,</strong></span> <span class='ocrx_word' id='word_1_122' title='bbox 667 1738 729 1805; x_wconf 89' lang='lat' dir='ltr'><strong>fide</strong></span> <span class='ocrx_word' id='word_1_123' title='bbox 748 1740 850 1806; x_wconf 85' lang='lat' dir='ltr'><strong>socios</strong></span> <span class='ocrx_word' id='word_1_124' title='bbox 869 1741 1015 1819; x_wconf 85' lang='lat' dir='ltr'><strong>dimovit,</strong></span> <span class='ocrx_word' id='word_1_125' title='bbox 1037 1740 1116 1806; x_wconf 63' lang='lat' dir='ltr'><strong>vide}</strong></span> 
     </span>
     <span class='ocr_line' id='line_1_17' title="bbox 144 1833 1116 1921; baseline 0 -21"><span class='ocrx_word' id='word_1_126' title='bbox 144 1836 219 1920; x_wconf 92' lang='lat' dir='ltr'><strong>quia</strong></span> <span class='ocrx_word' id='word_1_127' title='bbox 235 1835 319 1899; x_wconf 91' lang='lat' dir='ltr'><strong>iusto</strong></span> <span class='ocrx_word' id='word_1_128' title='bbox 338 1844 369 1899; x_wconf 91' lang='lat' dir='ltr'><strong>et</strong></span> <span class='ocrx_word' id='word_1_129' title='bbox 386 1833 548 1899; x_wconf 89' lang='lat' dir='ltr'><strong>moderato</strong></span> <span class='ocrx_word' id='word_1_130' title='bbox 566 1833 757 1920; x_wconf 88' lang='lat' dir='ltr'><strong>regebantur</strong></span> <span class='ocrx_word' id='word_1_131' title='bbox 771 1834 903 1921; x_wconf 91' lang='lat' dir='ltr'><strong>imperio</strong></span> <span class='ocrx_word' id='word_1_132' title='bbox 916 1856 976 1900; x_wconf 87' lang='lat' dir='ltr'><strong>neo</strong></span> <span class='ocrx_word' id='word_1_133' title='bbox 990 1833 1116 1901; x_wconf 85' lang='lat' dir='ltr'><strong>abnuel:</strong></span> 
     </span>
    </p>

    <p class='ocr_par' dir='ltr' id='par_1_8' title="bbox 99 1926 1038 2016">
     <span class='ocr_line' id='line_1_18' title="bbox 99 1926 1038 2016; baseline 0.001 -23"><span class='ocrx_word' id='word_1_134' title='bbox 99 1954 101 1959; x_wconf 70' lang='grc'>’</span> <span class='ocrx_word' id='word_1_135' title='bbox 144 1928 231 2013; x_wconf 92' lang='lat' dir='ltr'><strong>quod</strong></span> <span class='ocrx_word' id='word_1_136' title='bbox 249 1949 348 1993; x_wconf 91' lang='lat' dir='ltr'><strong>unum</strong></span> <span class='ocrx_word' id='word_1_137' title='bbox 365 1926 527 1993; x_wconf 87' lang='lat' dir='ltr'><strong>vinculum</strong></span> <span class='ocrx_word' id='word_1_138' title='bbox 544 1927 619 1993; x_wconf 88' lang='lat' dir='ltr'><strong>fidei</strong></span> <span class='ocrx_word' id='word_1_139' title='bbox 636 1938 700 2006; x_wconf 90' lang='lat' dir='ltr'><strong>est,</strong></span> <span class='ocrx_word' id='word_1_140' title='bbox 718 1927 900 1995; x_wconf 91' lang='lat' dir='ltr'><strong>melioribus</strong></span> <span class='ocrx_word' id='word_1_141' title='bbox 918 1951 1038 2016; x_wconf 89' lang='lat' dir='ltr'><strong>parere.</strong></span> 
     </span>
    </p>

    <p class='ocr_par' dir='ltr' id='par_1_9' title="bbox 111 2019 1116 2393">
     <span class='ocr_line' id='line_1_19' title="bbox 111 2019 1116 2100; baseline 0.001 -13"><span class='ocrx_word' id='word_1_142' title='bbox 111 2046 124 2093; x_wconf 90' lang='lat'>1</span> <span class='ocrx_word' id='word_1_143' title='bbox 208 2021 326 2087; x_wconf 90' lang='lat' dir='ltr'>XIIII.</span> <span class='ocrx_word' id='word_1_144' title='bbox 372 2019 419 2087; x_wconf 91' lang='lat' dir='ltr'><strong>Ut</strong></span> <span class='ocrx_word' id='word_1_145' title='bbox 442 2043 531 2100; x_wconf 92' lang='lat' dir='ltr'><strong>vero,</strong></span> <span class='ocrx_word' id='word_1_146' title='bbox 559 2043 632 2088; x_wconf 92' lang='lat' dir='ltr'><strong>oum</strong></span> <span class='ocrx_word' id='word_1_147' title='bbox 655 2022 696 2088; x_wconf 90' lang='lat' dir='ltr'><strong>ad</strong></span> <span class='ocrx_word' id='word_1_148' title='bbox 718 2021 911 2088; x_wconf 87' lang='lat' dir='ltr'><strong>Vulturnum</strong></span> <span class='ocrx_word' id='word_1_149' title='bbox 933 2023 1051 2089; x_wconf 91' lang='lat' dir='ltr'><strong>flumen</strong></span> <span class='ocrx_word' id='word_1_150' title='bbox 1076 2044 1116 2088; x_wconf 73' lang='lat' dir='ltr'><strong>ca</strong></span> 
     </span>
     <span class='ocr_line' id='line_1_20' title="bbox 145 2114 1116 2204; baseline 0.002 -23"><span class='ocrx_word' id='word_1_151' title='bbox 145 2126 219 2181; x_wconf 91' lang='lat' dir='ltr'><strong>sunt</strong></span> <span class='ocrx_word' id='word_1_152' title='bbox 239 2117 357 2201; x_wconf 87' lang='lat' dir='ltr'><strong>posita,</strong></span> <span class='ocrx_word' id='word_1_153' title='bbox 381 2115 570 2183; x_wconf 86' lang='lat' dir='ltr'><strong>exurebatur</strong></span> <span class='ocrx_word' id='word_1_154' title='bbox 592 2116 833 2184; x_wconf 86' lang='lat' dir='ltr'><strong>amoenissimus</strong></span> <span class='ocrx_word' id='word_1_155' title='bbox 851 2116 963 2183; x_wconf 90' lang='lat' dir='ltr'><strong>Italiae</strong></span> <span class='ocrx_word' id='word_1_156' title='bbox 982 2140 1057 2204; x_wconf 88' lang='lat' dir='ltr'><strong>ager</strong></span> <span class='ocrx_word' id='word_1_157' title='bbox 1072 2114 1116 2183; x_wconf 73' lang='lat' dir='ltr'><strong>vit</strong></span> 
     </span>
     <span class='ocr_line' id='line_1_21' title="bbox 144 2209 1116 2299; baseline -0.001 -24"><span class='ocrx_word' id='word_1_158' title='bbox 144 2232 205 2296; x_wconf 93' lang='lat' dir='ltr'><strong>que</strong></span> <span class='ocrx_word' id='word_1_159' title='bbox 229 2211 350 2297; x_wconf 90' lang='lat' dir='ltr'><strong>passim</strong></span> <span class='ocrx_word' id='word_1_160' title='bbox 371 2211 525 2277; x_wconf 89' lang='lat' dir='ltr'><strong>incendiis</strong></span> <span class='ocrx_word' id='word_1_161' title='bbox 549 2209 715 2277; x_wconf 85' lang='lat' dir='ltr'><strong>fumabant</strong></span> <span class='ocrx_word' id='word_1_162' title='bbox 736 2233 792 2298; x_wconf 91' lang='lat' dir='ltr'><strong>per</strong></span> <span class='ocrx_word' id='word_1_163' title='bbox 813 2212 890 2299; x_wconf 85' lang='lat' dir='ltr'><strong>iuga</strong></span> <span class='ocrx_word' id='word_1_164' title='bbox 908 2210 1043 2277; x_wconf 90' lang='lat' dir='ltr'><strong>Massici</strong></span> <span class='ocrx_word' id='word_1_165' title='bbox 1065 2228 1116 2276; x_wconf 85' lang='lat' dir='ltr'><strong>mc</strong></span> 
     </span>
     <span class='ocr_line' id='line_1_22' title="bbox 143 2304 1116 2393; baseline 0 -23"><span class='ocrx_word' id='word_1_166' title='bbox 143 2304 245 2370; x_wconf 80' lang='lat' dir='ltr'><strong>Fabio</strong></span> <span class='ocrx_word' id='word_1_167' title='bbox 271 2306 421 2385; x_wconf 87' lang='lat' dir='ltr'><strong>ducente,</strong></span> <span class='ocrx_word' id='word_1_168' title='bbox 454 2317 522 2371; x_wconf 91' lang='lat' dir='ltr'><strong>tum</strong></span> <span class='ocrx_word' id='word_1_169' title='bbox 548 2328 646 2392; x_wconf 88' lang='lat' dir='ltr'><strong>prope</strong></span> <span class='ocrx_word' id='word_1_170' title='bbox 673 2306 712 2371; x_wconf 92' lang='lat' dir='ltr'><strong>de</strong></span> <span class='ocrx_word' id='word_1_171' title='bbox 738 2306 861 2393; x_wconf 87' lang='lat' dir='ltr'><strong>integro</strong></span> <span class='ocrx_word' id='word_1_172' title='bbox 893 2306 1006 2372; x_wconf 90' lang='lat' dir='ltr'><strong>seditio</strong></span> <span class='ocrx_word' id='word_1_173' title='bbox 1037 2324 1116 2371; x_wconf 78' lang='lat' dir='ltr'><strong>acce</strong></span> 
     </span>
    </p>

    <p class='ocr_par' dir='ltr' id='par_1_10' title="bbox 109 2398 1116 2581">
     <span class='ocr_line' id='line_1_23' title="bbox 109 2398 1102 2487; baseline 0 -23"><span class='ocrx_word' id='word_1_174' title='bbox 109 2423 124 2471; x_wconf 83' lang='lat'>2</span> <span class='ocrx_word' id='word_1_175' title='bbox 143 2399 327 2484; x_wconf 85' lang='lat' dir='ltr'><strong>quieverant</strong></span> <span class='ocrx_word' id='word_1_176' title='bbox 345 2401 428 2466; x_wconf 92' lang='lat' dir='ltr'><strong>enim</strong></span> <span class='ocrx_word' id='word_1_177' title='bbox 445 2421 634 2487; x_wconf 88' lang='lat' dir='ltr'><strong>perpaucos</strong></span> <span class='ocrx_word' id='word_1_178' title='bbox 648 2398 730 2477; x_wconf 91' lang='lat' dir='ltr'><strong>dies,</strong></span> <span class='ocrx_word' id='word_1_179' title='bbox 749 2400 837 2484; x_wconf 91' lang='lat' dir='ltr'><strong>quia,</strong></span> <span class='ocrx_word' id='word_1_180' title='bbox 856 2423 930 2465; x_wconf 89' lang='lat' dir='ltr'><strong>oum</strong></span> <span class='ocrx_word' id='word_1_181' title='bbox 943 2399 1102 2465; x_wconf 88' lang='lat' dir='ltr'><strong>celeriuss</strong></span> 
     </span>
     <span class='ocr_line' id='line_1_24' title="bbox 125 2491 1116 2581; baseline -0.001 -23"><span class='ocrx_word' id='word_1_182' title='bbox 125 2513 128 2519; x_wconf 84' lang='grc'><strong>’</strong></span> <span class='ocrx_word' id='word_1_183' title='bbox 143 2493 274 2559; x_wconf 82' lang='lat' dir='ltr'><strong>ductum</strong></span> <span class='ocrx_word' id='word_1_184' title='bbox 291 2517 408 2581; x_wconf 80' lang='lat' dir='ltr'><strong>agmen</strong></span> <span class='ocrx_word' id='word_1_185' title='bbox 425 2503 524 2572; x_wconf 88' lang='lat' dir='ltr'><strong>esset,</strong></span> <span class='ocrx_word' id='word_1_186' title='bbox 543 2493 686 2559; x_wconf 86' lang='lat' dir='ltr'><strong>festinari</strong></span> <span class='ocrx_word' id='word_1_187' title='bbox 705 2494 746 2559; x_wconf 90' lang='lat' dir='ltr'><strong>ad</strong></span> <span class='ocrx_word' id='word_1_188' title='bbox 763 2493 991 2580; x_wconf 88' lang='lat' dir='ltr'><strong>prohibendam</strong></span> <span class='ocrx_word' id='word_1_189' title='bbox 1005 2491 1116 2581; x_wconf 89' lang='lat' dir='ltr'><strong>popul=</strong></span> 
     </span>
    </p>

    <p class='ocr_par' dir='ltr' id='par_1_11' title="bbox 109 2586 1116 2862">
     <span class='ocr_line' id='line_1_25' title="bbox 109 2586 1085 2675; baseline -0.003 -19"><span class='ocrx_word' id='word_1_190' title='bbox 109 2587 236 2658; x_wconf 78' lang='lat' dir='ltr'><strong>onibus</strong></span> <span class='ocrx_word' id='word_1_191' title='bbox 256 2586 465 2675; x_wconf 88' lang='lat' dir='ltr'><strong>Campaniam</strong></span> <span class='ocrx_word' id='word_1_192' title='bbox 487 2588 693 2654; x_wconf 90' lang='lat' dir='ltr'><strong>crediderant.</strong></span> <span class='ocrx_word' id='word_1_193' title='bbox 738 2599 774 2653; x_wconf 89' lang='lat' dir='ltr'><strong>ut</strong></span> <span class='ocrx_word' id='word_1_194' title='bbox 796 2589 925 2655; x_wconf 86' lang='lat' dir='ltr'><strong>veroin</strong></span> <span class='ocrx_word' id='word_1_195' title='bbox 948 2601 1085 2655; x_wconf 88' lang='lat' dir='ltr'><strong>extrema</strong></span> 
     </span>
     <span class='ocr_line' id='line_1_26' title="bbox 142 2678 1116 2761; baseline 0.001 -14"><span class='ocrx_word' id='word_1_196' title='bbox 142 2681 277 2748; x_wconf 85' lang='lat' dir='ltr'><strong>Massici</strong></span> <span class='ocrx_word' id='word_1_197' title='bbox 294 2682 410 2748; x_wconf 92' lang='lat' dir='ltr'><strong>montis</strong></span> <span class='ocrx_word' id='word_1_198' title='bbox 429 2692 572 2761; x_wconf 87' lang='lat' dir='ltr'><strong>ventum,</strong></span> <span class='ocrx_word' id='word_1_199' title='bbox 592 2691 623 2748; x_wconf 92' lang='lat' dir='ltr'><strong>et</strong></span> <span class='ocrx_word' id='word_1_200' title='bbox 640 2681 747 2748; x_wconf 87' lang='lat' dir='ltr'><strong>hostes</strong></span> <span class='ocrx_word' id='word_1_201' title='bbox 764 2683 823 2750; x_wconf 86' lang='lat' dir='ltr'><strong>sub</strong></span> <span class='ocrx_word' id='word_1_202' title='bbox 838 2683 936 2750; x_wconf 90' lang='lat' dir='ltr'><strong>oeulis</strong></span> <span class='ocrx_word' id='word_1_203' title='bbox 952 2694 1040 2750; x_wconf 91' lang='lat' dir='ltr'><strong>erant</strong></span> <span class='ocrx_word' id='word_1_204' title='bbox 1052 2678 1116 2749; x_wconf 64' lang='lat' dir='ltr'><strong>Fa?</strong></span> 
     </span>
     <span class='ocr_line' id='line_1_27' title="bbox 143 2775 1088 2862; baseline 0.003 -21"><span class='ocrx_word' id='word_1_205' title='bbox 143 2775 212 2862; x_wconf 86' lang='lat' dir='ltr'><strong>agri</strong></span> <span class='ocrx_word' id='word_1_206' title='bbox 233 2775 478 2860; x_wconf 89' lang='lat' dir='ltr'><strong>colonorumque</strong></span> <span class='ocrx_word' id='word_1_207' title='bbox 497 2775 669 2843; x_wconf 88' lang='lat' dir='ltr'><strong>Sinuessae</strong></span> <span class='ocrx_word' id='word_1_208' title='bbox 690 2786 773 2842; x_wconf 87' lang='lat' dir='ltr'><strong>tecta</strong></span> <span class='ocrx_word' id='word_1_209' title='bbox 795 2788 921 2844; x_wconf 91' lang='lat' dir='ltr'><strong>urentes</strong></span> <span class='ocrx_word' id='word_1_210' title='bbox 945 2799 1005 2845; x_wconf 92' lang='lat' dir='ltr'><strong>nec</strong></span> <span class='ocrx_word' id='word_1_211' title='bbox 1027 2777 1088 2844; x_wconf 87' lang='lat' dir='ltr'><strong>ulla</strong></span> 
     </span>
    </p>

    <p class='ocr_par' dir='ltr' id='par_1_12' title="bbox 108 2869 1116 3146">
     <span class='ocr_line' id='line_1_28' title="bbox 108 2869 1093 2958; baseline -0.004 -19"><span class='ocrx_word' id='word_1_212' title='bbox 108 2869 261 2939; x_wconf 68' lang='lat' dir='ltr'><strong>ementio</strong></span> <span class='ocrx_word' id='word_1_213' title='bbox 286 2891 429 2958; x_wconf 84' lang='lat' dir='ltr'><strong>pugnae,</strong></span> <span class='ocrx_word' id='word_1_214' title='bbox 462 2876 653 2957; x_wconf 87' lang='lat' dir='ltr'><strong>‘spectatum</strong></span> <span class='ocrx_word' id='word_1_215' title='bbox 679 2872 775 2939; x_wconf 89' lang='lat' dir='ltr'><strong>istuc&#39;</strong></span> <span class='ocrx_word' id='word_1_216' title='bbox 806 2873 909 2957; x_wconf 90' lang='lat' dir='ltr'><strong>inquit</strong></span> <span class='ocrx_word' id='word_1_217' title='bbox 934 2871 1093 2938; x_wconf 87' lang='lat' dir='ltr'><strong>Minucius</strong></span> 
     </span>
     <span class='ocr_line' id='line_1_29' title="bbox 142 2963 1116 3044; baseline 0.002 -16"><span class='ocrx_word' id='word_1_218' title='bbox 142 2985 210 3028; x_wconf 92' lang='lat' dir='ltr'><strong>rem</strong></span> <span class='ocrx_word' id='word_1_219' title='bbox 232 2963 399 3031; x_wconf 83' lang='lat' dir='ltr'><strong>fruendam</strong></span> <span class='ocrx_word' id='word_1_220' title='bbox 417 2965 531 3043; x_wconf 92' lang='lat' dir='ltr'><strong>oculis,</strong></span> <span class='ocrx_word' id='word_1_221' title='bbox 555 2966 712 3032; x_wconf 88' lang='lat' dir='ltr'><strong>sociorum</strong></span> <span class='ocrx_word' id='word_1_222' title='bbox 730 2967 842 3034; x_wconf 88' lang='lat' dir='ltr'><strong>caedes</strong></span> <span class='ocrx_word' id='word_1_223' title='bbox 862 2977 893 3031; x_wconf 91' lang='lat' dir='ltr'><strong>et</strong></span> <span class='ocrx_word' id='word_1_224' title='bbox 909 2967 1069 3044; x_wconf 87' lang='lat' dir='ltr'><strong>incendia,</strong></span> <span class='ocrx_word' id='word_1_225' title='bbox 1090 2980 1116 3029; x_wconf 71' lang='lat' dir='ltr'>v</span> 
     </span>
     <span class='ocr_line' id='line_1_30' title="bbox 143 3059 1116 3146; baseline -0.001 -21"><span class='ocrx_word' id='word_1_226' title='bbox 143 3059 233 3125; x_wconf 81' lang='lat' dir='ltr'><strong>mus?</strong></span> <span class='ocrx_word' id='word_1_227' title='bbox 249 3081 308 3126; x_wconf 93' lang='lat' dir='ltr'><strong>nec</strong></span> <span class='ocrx_word' id='word_1_228' title='bbox 323 3061 350 3126; x_wconf 90' lang='lat' dir='ltr'><strong>si</strong></span> <span class='ocrx_word' id='word_1_229' title='bbox 363 3060 480 3126; x_wconf 91' lang='lat' dir='ltr'><strong>nullius</strong></span> <span class='ocrx_word' id='word_1_230' title='bbox 495 3060 637 3140; x_wconf 85' lang='lat' dir='ltr'><strong>alterius,</strong></span> <span class='ocrx_word' id='word_1_231' title='bbox 656 3083 714 3128; x_wconf 91' lang='lat' dir='ltr'><strong>nos</strong></span> <span class='ocrx_word' id='word_1_232' title='bbox 728 3083 769 3127; x_wconf 91' lang='lat' dir='ltr'><strong>ne</strong></span> <span class='ocrx_word' id='word_1_233' title='bbox 787 3061 903 3127; x_wconf 85' lang='lat' dir='ltr'><strong>civium</strong></span> <span class='ocrx_word' id='word_1_234' title='bbox 921 3063 1050 3146; x_wconf 91' lang='lat' dir='ltr'><strong>quidem</strong></span> <span class='ocrx_word' id='word_1_235' title='bbox 1067 3061 1116 3125; x_wconf 72' lang='lat' dir='ltr'><strong>hm</strong></span> 
     </span>
    </p>

    <p class='ocr_par' dir='ltr' id='par_1_13' title="bbox 109 3154 1116 3508">
     <span class='ocr_line' id='line_1_31' title="bbox 109 3154 1114 3243; baseline -0.006 -20"><span class='ocrx_word' id='word_1_236' title='bbox 109 3176 124 3223; x_wconf 83' lang='lat'><strong>5</strong></span> <span class='ocrx_word' id='word_1_237' title='bbox 141 3156 253 3243; x_wconf 91' lang='lat' dir='ltr'><strong>pudet,</strong></span> <span class='ocrx_word' id='word_1_238' title='bbox 273 3177 352 3241; x_wconf 91' lang='lat' dir='ltr'><strong>quos</strong></span> <span class='ocrx_word' id='word_1_239' title='bbox 371 3154 559 3223; x_wconf 90' lang='lat' dir='ltr'><strong>Sinuessam</strong></span> <span class='ocrx_word' id='word_1_240' title='bbox 573 3156 701 3223; x_wconf 91' lang='lat' dir='ltr'><strong>colonos</strong></span> <span class='ocrx_word' id='word_1_241' title='bbox 719 3166 824 3243; x_wconf 90' lang='lat' dir='ltr'><strong>patres</strong></span> <span class='ocrx_word' id='word_1_242' title='bbox 842 3157 943 3222; x_wconf 87' lang='lat' dir='ltr'><strong>nostri</strong></span> <span class='ocrx_word' id='word_1_243' title='bbox 959 3157 1114 3222; x_wconf 86' lang='lat' dir='ltr'><strong>miserunt</strong></span> 
     </span>
     <span class='ocr_line' id='line_1_32' title="bbox 142 3248 1116 3335; baseline 0 -20"><span class='ocrx_word' id='word_1_244' title='bbox 142 3249 182 3316; x_wconf 91' lang='lat' dir='ltr'><strong>ab</strong></span> <span class='ocrx_word' id='word_1_245' title='bbox 207 3248 350 3316; x_wconf 86' lang='lat' dir='ltr'><strong>Samnite</strong></span> <span class='ocrx_word' id='word_1_246' title='bbox 377 3250 469 3317; x_wconf 91' lang='lat' dir='ltr'><strong>hoste</strong></span> <span class='ocrx_word' id='word_1_247' title='bbox 496 3260 565 3317; x_wconf 89' lang='lat' dir='ltr'><strong>tuta</strong></span> <span class='ocrx_word' id='word_1_248' title='bbox 586 3250 665 3316; x_wconf 90' lang='lat' dir='ltr'><strong>haec</strong></span> <span class='ocrx_word' id='word_1_249' title='bbox 688 3273 743 3317; x_wconf 91' lang='lat' dir='ltr'><strong>ora</strong></span> <span class='ocrx_word' id='word_1_250' title='bbox 766 3261 864 3330; x_wconf 85' lang='lat' dir='ltr'><strong>esset,</strong></span> <span class='ocrx_word' id='word_1_251' title='bbox 892 3273 989 3335; x_wconf 88' lang='lat' dir='ltr'><strong>quam</strong></span> <span class='ocrx_word' id='word_1_252' title='bbox 1011 3270 1116 3316; x_wconf 37' lang='lat' dir='ltr'><strong>nune,</strong></span> 
     </span>
     <span class='ocr_line' id='line_1_33' title="bbox 142 3344 1116 3424; baseline 0.001 -16"><span class='ocrx_word' id='word_1_253' title='bbox 142 3344 265 3411; x_wconf 86' lang='lat' dir='ltr'><strong>vicinus</strong></span> <span class='ocrx_word' id='word_1_254' title='bbox 289 3344 417 3412; x_wconf 82' lang='lat' dir='ltr'><strong>Samnis</strong></span> <span class='ocrx_word' id='word_1_255' title='bbox 445 3347 521 3424; x_wconf 87' lang='lat' dir='ltr'><strong>urit,</strong></span> <span class='ocrx_word' id='word_1_256' title='bbox 557 3346 613 3412; x_wconf 90' lang='lat' dir='ltr'><strong>sed</strong></span> <span class='ocrx_word' id='word_1_257' title='bbox 638 3344 767 3413; x_wconf 91' lang='lat' dir='ltr'><strong>Poenus</strong></span> <span class='ocrx_word' id='word_1_258' title='bbox 794 3346 932 3423; x_wconf 90' lang='lat' dir='ltr'><strong>advena,</strong></span> <span class='ocrx_word' id='word_1_259' title='bbox 964 3344 1005 3411; x_wconf 90' lang='lat' dir='ltr'><strong>ab</strong></span> <span class='ocrx_word' id='word_1_260' title='bbox 1032 3355 1116 3410; x_wconf 83' lang='lat' dir='ltr'><strong>extre:</strong></span> 
     </span>
     <span class='ocr_line' id='line_1_34' title="bbox 142 3432 1116 3508; baseline 0.002 -6"><span class='ocrx_word' id='word_1_261' title='bbox 142 3436 227 3504; x_wconf 93' lang='lat' dir='ltr'><strong>orbis</strong></span> <span class='ocrx_word' id='word_1_262' title='bbox 241 3448 394 3506; x_wconf 85' lang='lat' dir='ltr'><strong>terrarum</strong></span> <span class='ocrx_word' id='word_1_263' title='bbox 408 3441 549 3507; x_wconf 89' lang='lat' dir='ltr'><strong>terminis</strong></span> <span class='ocrx_word' id='word_1_264' title='bbox 566 3449 674 3507; x_wconf 88' lang='lat' dir='ltr'><strong>nostra</strong></span> <span class='ocrx_word' id='word_1_265' title='bbox 691 3441 887 3508; x_wconf 87' lang='lat' dir='ltr'><strong>cunctatione</strong></span> <span class='ocrx_word' id='word_1_266' title='bbox 905 3450 938 3505; x_wconf 87' lang='lat' dir='ltr'><strong>et</strong></span> <span class='ocrx_word' id='word_1_267' title='bbox 956 3432 1116 3506; x_wconf 81' lang='lat' dir='ltr'><strong>socordial</strong></span> 
     </span>
    </p>

    <p class='ocr_par' dir='ltr' id='par_1_14' title="bbox 110 3526 1116 3905">
     <span class='ocr_line' id='line_1_35' title="bbox 110 3526 1116 3623; baseline -0.005 -21"><span class='ocrx_word' id='word_1_268' title='bbox 110 3531 205 3602; x_wconf 81' lang='lat' dir='ltr'><strong>ohuo</strong></span> <span class='ocrx_word' id='word_1_269' title='bbox 236 3535 445 3621; x_wconf 78' lang='lat' dir='ltr'><strong>progressus?</strong></span> <span class='ocrx_word' id='word_1_270' title='bbox 479 3544 601 3601; x_wconf 90' lang='lat' dir='ltr'><strong>tantum</strong></span> <span class='ocrx_word' id='word_1_271' title='bbox 628 3535 700 3622; x_wconf 85' lang='lat' dir='ltr'><strong>prol</strong></span> <span class='ocrx_word' id='word_1_272' title='bbox 736 3536 965 3623; x_wconf 87' lang='lat' dir='ltr'><strong>degeneramus</strong></span> <span class='ocrx_word' id='word_1_273' title='bbox 993 3558 1013 3601; x_wconf 87' lang='lat' dir='ltr'><strong>a</strong></span> <span class='ocrx_word' id='word_1_274' title='bbox 1038 3526 1116 3621; x_wconf 82' lang='lat' dir='ltr'><strong>patri</strong></span> 
     </span>
     <span class='ocr_line' id='line_1_36' title="bbox 124 3624 1116 3716; baseline -0.001 -23"><span class='ocrx_word' id='word_1_275' title='bbox 124 3627 272 3705; x_wconf 86' lang='lat' dir='ltr'><strong>nostris,</strong></span> <span class='ocrx_word' id='word_1_276' title='bbox 301 3640 335 3694; x_wconf 92' lang='lat' dir='ltr'><strong>ut</strong></span> <span class='ocrx_word' id='word_1_277' title='bbox 357 3639 482 3716; x_wconf 92' lang='lat' dir='ltr'><strong>praeter</strong></span> <span class='ocrx_word' id='word_1_278' title='bbox 503 3652 599 3714; x_wconf 85' lang='lat' dir='ltr'><strong>quam</strong></span> <span class='ocrx_word' id='word_1_279' title='bbox 622 3629 705 3716; x_wconf 92' lang='lat' dir='ltr'><strong>(per)</strong></span> <span class='ocrx_word' id='word_1_280' title='bbox 728 3653 816 3696; x_wconf 88' lang='lat' dir='ltr'><strong>oram</strong></span> <span class='ocrx_word' id='word_1_281' title='bbox 837 3630 883 3696; x_wconf 89' lang='lat' dir='ltr'><strong>illi</strong></span> <span class='ocrx_word' id='word_1_282' title='bbox 901 3629 1023 3716; x_wconf 88' lang='lat' dir='ltr'><strong>(suam)</strong></span> <span class='ocrx_word' id='word_1_283' title='bbox 1040 3624 1116 3695; x_wconf 91' lang='lat' dir='ltr'><strong>Puni</strong></span> 
     </span>
     <span class='ocr_line' id='line_1_37' title="bbox 142 3722 1116 3810; baseline -0.001 -24"><span class='ocrx_word' id='word_1_284' title='bbox 142 3723 253 3809; x_wconf 83' lang='lat' dir='ltr'><strong>vagari</strong></span> <span class='ocrx_word' id='word_1_285' title='bbox 279 3722 398 3790; x_wconf 87' lang='lat' dir='ltr'><strong>classes</strong></span> <span class='ocrx_word' id='word_1_286' title='bbox 427 3723 563 3790; x_wconf 80' lang='lat' dir='ltr'><strong>dedecus</strong></span> <span class='ocrx_word' id='word_1_287' title='bbox 591 3746 661 3789; x_wconf 87' lang='lat' dir='ltr'><strong>esse</strong></span> <span class='ocrx_word' id='word_1_288' title='bbox 687 3724 811 3810; x_wconf 91' lang='lat' dir='ltr'><strong>imperii</strong></span> <span class='ocrx_word' id='word_1_289' title='bbox 839 3725 889 3791; x_wconf 86' lang='lat' dir='ltr'><strong>sui</strong></span> <span class='ocrx_word' id='word_1_290' title='bbox 916 3724 1077 3802; x_wconf 86' lang='lat' dir='ltr'><strong>duxerint,</strong></span> <span class='ocrx_word' id='word_1_291' title='bbox 1106 3741 1116 3785; x_wconf 83' lang='lat' dir='ltr'><strong>e</strong></span> 
     </span>
     <span class='ocr_line' id='line_1_38' title="bbox 142 3815 1116 3905; baseline 0.002 -27"><span class='ocrx_word' id='word_1_292' title='bbox 142 3836 226 3881; x_wconf 90' lang='lat' dir='ltr'><strong>nuno</strong></span> <span class='ocrx_word' id='word_1_293' title='bbox 247 3815 374 3903; x_wconf 91' lang='lat' dir='ltr'><strong>plenam</strong></span> <span class='ocrx_word' id='word_1_294' title='bbox 396 3817 536 3884; x_wconf 91' lang='lat' dir='ltr'><strong>hostium</strong></span> <span class='ocrx_word' id='word_1_295' title='bbox 558 3817 829 3905; x_wconf 89' lang='lat' dir='ltr'><strong>Numidarumque</strong></span> <span class='ocrx_word' id='word_1_296' title='bbox 852 3840 890 3885; x_wconf 89' lang='lat' dir='ltr'><strong>ac</strong></span> <span class='ocrx_word' id='word_1_297' title='bbox 906 3816 1095 3886; x_wconf 89' lang='lat' dir='ltr'><strong>Maurorum</strong></span> <span class='ocrx_word' id='word_1_298' title='bbox 1113 3816 1116 3880; x_wconf 69' lang='grc' dir='ltr'><em>ἔ</em></span> 
     </span>
    </p>

    <p class='ocr_par' dir='ltr' id='par_1_15' title="bbox 111 3907 1116 4090">
     <span class='ocr_line' id='line_1_39' title="bbox 111 3907 1108 4003; baseline 0.003 -26"><span class='ocrx_word' id='word_1_299' title='bbox 111 3907 261 3977; x_wconf 72' lang='lat' dir='ltr'><strong>electam</strong></span> <span class='ocrx_word' id='word_1_300' title='bbox 290 3912 475 3979; x_wconf 78' lang='lat' dir='ltr'><strong>videamus?</strong></span> <span class='ocrx_word' id='word_1_301' title='bbox 510 3913 565 3998; x_wconf 92' lang='lat' dir='ltr'><strong>qui</strong></span> <span class='ocrx_word' id='word_1_302' title='bbox 595 3912 689 3978; x_wconf 92' lang='lat' dir='ltr'><strong>modo</strong></span> <span class='ocrx_word' id='word_1_303' title='bbox 717 3911 898 4002; x_wconf 89' lang='lat' dir='ltr'><strong>Saguntum</strong></span> <span class='ocrx_word' id='word_1_304' title='bbox 929 3913 1108 4003; x_wconf 85' lang='lat' dir='ltr'><strong>oppugnari</strong></span> 
     </span>
     <span class='ocr_line' id='line_1_40' title="bbox 143 4001 1116 4090; baseline 0.006 -23"><span class='ocrx_word' id='word_1_305' title='bbox 143 4001 302 4090; x_wconf 87' lang='lat' dir='ltr'><strong>dignando</strong></span> <span class='ocrx_word' id='word_1_306' title='bbox 337 4028 402 4073; x_wconf 91' lang='lat' dir='ltr'><strong>non</strong></span> <span class='ocrx_word' id='word_1_307' title='bbox 432 4006 575 4074; x_wconf 91' lang='lat' dir='ltr'><strong>homines</strong></span> <span class='ocrx_word' id='word_1_308' title='bbox 607 4016 741 4083; x_wconf 90' lang='lat' dir='ltr'><strong>tantum,</strong></span> <span class='ocrx_word' id='word_1_309' title='bbox 781 4010 837 4076; x_wconf 92' lang='lat' dir='ltr'><strong>sed</strong></span> <span class='ocrx_word' id='word_1_310' title='bbox 872 4009 1002 4077; x_wconf 86' lang='lat' dir='ltr'><strong>foedera</strong></span> <span class='ocrx_word' id='word_1_311' title='bbox 1039 4020 1071 4076; x_wconf 90' lang='lat' dir='ltr'><strong>et</strong></span> <span class='ocrx_word' id='word_1_312' title='bbox 1104 4007 1116 4073; x_wconf 68' lang='lat' dir='ltr'><strong>s*</strong></span> 
     </span>
    </p>
   </div>
   <div class='ocr_carea' id='block_1_3' title="bbox 0 0 1268 4514">
    <p class='ocr_par' dir='ltr' id='par_1_16' title="bbox 0 0 1268 4514">
     <span class='ocr_line' id='line_1_41' title="bbox 0 0 1268 4514; baseline 0 0"><span class='ocrx_word' id='word_1_313' title='bbox 0 0 1268 4514; x_wconf 95' lang='lat' dir='ltr'><strong> </strong></span> 
     </span>
    </p>
   </div>
  </div>
 </body>
</html>
