2528 4514
141 225 207 293 480
366 233 484 289 amna
501 231 657 301 arvum,
674 226 770 285 saar
790 230 832 299 [a
844 228 954 299 caci]

141 396 193 463 Ti.
213 392 349 462 Olautlio
366 401 525 480 praetore,
552 387 642 455 ouius
660 411 699 454 θα
720 386 887 475 provincia
909 398 994 468 erat,
1019 387 1152 477 ingcubn

107 491 209 564 avim
234 487 385 555 frumenti
410 484 553 562 advexit,
580 484 757 567 horreaque
783 506 849 549 non
875 482 986 549 solum
1011 505 1089 569 quac
1107 483 1154 549 ian

142 586 228 651 facta
246 593 336 649 erant
351 580 487 666 repleta,
514 579 572 645 sed
588 601 673 644 nova
695 577 871 644 aedificata.
917 577 1103 645 vestimenta
1114 601 1154 645 ex·

143 678 254 745 ercitui
272 677 416 742 decrantr
442 673 477 737 id
497 673 683 739 mandatum
702 671 856 750 Octavio,
884 683 925 737 ut
946 694 1023 738 cum
1037 684 1154 760 pneun

144 782 266 859 ageret,
285 770 312 835 si
330 768 406 853 quid
424 790 464 832 ex
482 790 520 832 θα
536 766 701 854 provincia
717 765 897 854 comparari
911 788 952 833 ac
964 767 1049 833 mitti
1061 776 1153 855 possa

108 894 125 942 3
144 890 183 933 θα
199 885 326 949 quoque
344 862 430 927 haud
448 861 587 947 segniter
605 871 715 925 curata
727 882 795 926 rest
813 860 902 926 mille
917 862 1151 949 ducentactopc

143 959 234 1027 brevi
252 957 356 1046 spatio
374 967 406 1021 et
423 955 591 1021 duodecim
607 954 695 1019 milia
712 954 892 1021 tunicarum
910 956 1025 1024 missa.

108 1083 126 1129 4
208 1055 343 1119 Aestate
361 1073 414 1128 ea,
442 1071 505 1134 qua
522 1049 601 1114 baec
617 1048 652 1113 in
668 1049 783 1115 Africa
798 1060 895 1137 gesta
916 1063 1010 1131 sunt,
1032 1052 1071 1119 P.
1086 1049 1155 1119 sm

143 1149 274 1237 pronius
293 1145 418 1224 consul,
446 1144 498 1209 cui
513 1142 632 1209 Bruttii
653 1143 818 1230 provincia
838 1155 924 1225 erat,
950 1146 989 1213 in
1007 1170 1080 1234 agro
1095 1143 1155 1213 cn

144 1242 281 1310 tonicnsi
299 1263 371 1306 cum
379 1238 561 1304 Hannibale
578 1238 613 1302 in
629 1236 701 1325 ipso
714 1238 826 1305 itinere
839 1241 1051 1309 tumultuario
1061 1240 1155 1330 procl'n

145 1335 295 1404 conflixit.
348 1332 527 1420 agminibus
556 1331 659 1419 magis
692 1354 789 1418 quam
820 1335 889 1400 acie
916 1347 1092 1423 pugnatum
1111 1344 1153 1403 ccl.

109 1459 126 1504 5
144 1429 282 1498 Romani
299 1428 384 1515 pulsi
401 1437 434 1492 et
450 1425 587 1491 tumultu
611 1426 716 1492 verius
740 1449 835 1512 quam
856 1452 973 1517 pugna
990 1431 1034 1497 ad
1048 1430 1155 1497 millcct
1172 1470 1175 1475 -

110 1552 126 1599 s
145 1525 272 1593 ducenti
294 1524 333 1588 de
355 1521 495 1588 exercitu
516 1520 655 1588 consulis
680 1522 852 1589 interfecti:
884 1523 920 1589 in
938 1537 1047 1593 castra
1062 1522 1154 1612 nepio

144 1622 294 1699 reditum,
311 1639 416 1702 neque
433 1640 618 1703 oppugnare
631 1628 738 1683 tamen
752 1641 791 1683 ca
805 1618 917 1685 hostes
931 1621 1016 1689 ausi.
1045 1631 1154 1689 ceterum

146 1717 270 1783 silentio
288 1713 451 1801 proximae
468 1710 570 1777 noctis
587 1713 748 1798 profectus
765 1713 840 1779 inde
857 1715 990 1796 consul,
1008 1715 1152 1803 praemisso

144 1811 256 1876 nuntio
274 1809 315 1873 ad
326 1807 366 1873 P.
381 1806 543 1871 Licinium
559 1807 796 1892 proconsulem,
813 1818 850 1873 ut
867 1832 946 1875 suas
965 1810 1102 1899 legiones
1114 1806 1152 1875 nl·

145 1916 300 1980 moveret,
319 1901 427 1987 copias
445 1900 616 1967 coniunxit.
659 1901 705 1967 ita
721 1902 784 1967 duo
802 1903 917 1983 duces,
940 1905 1010 1971 duo
1027 1902 1151 1971 exercitu
1188 1980 1190 1985 Α

112 2023 126 2068 r
147 2000 188 2064 ad
196 1997 412 2062 Hannibalem
428 1995 598 2062 redierunt.
624 2018 684 2062 nec
697 2020 787 2064 mora
803 1998 981 2065 dimicandi
997 2002 1087 2079 lacta,
1101 2018 1152 2065 cm
1185 2032 1190 2075 t

146 2093 268 2161 consuli
286 2103 318 2158 et
335 2091 511 2177 duplicatae
531 2092 614 2156 vires
619 2139 629 2170 ,
654 2091 767 2160 Poeno
788 2115 902 2160 recens
926 2095 1061 2163 victoria
1074 2092 1152 2160 amnt
1184 2100 1190 2175 ᾗ

108 2200 242 2259 cesset
294 2187 329 2251 in
348 2186 483 2272 primam
505 2186 605 2251 aciem
632 2210 707 2252 suas
729 2187 872 2274 legiones
897 2187 1101 2278 Sempronius
1120 2186 1152 2251 in·

147 2283 250 2361 duxit,
276 2281 311 2346 in
337 2280 486 2346 subsidiis
513 2281 634 2347 locatae
659 2283 699 2347 P.
722 2282 840 2348 Licinii
859 2283 1021 2372 legiones.
1070 2280 1153 2353 consu

144 2377 298 2464 principio
320 2398 448 2462 pugnae
471 2377 582 2440 aedem
603 2377 764 2443 Fortunae
784 2379 1006 2466 Primigeniae
1028 2381 1117 2458 vovit,
1136 2374 1154 2443 si

110 2495 126 2542 o
146 2497 183 2539 eo
202 2472 253 2537 die
271 2471 372 2538 hostis
390 2470 540 2548 fudisset3
568 2493 760 2558 composque
778 2473 847 2539 eius
865 2474 934 2541 voti
951 2476 1025 2542 fuit.
1063 2474 1118 2541 fusi
1129 2492 1154 2538 ac

145 2567 248 2652 fugati
270 2566 391 2642 Poeni,
428 2587 524 2651 supra
556 2577 702 2650 quattuor
731 2567 819 2633 milia
849 2581 1048 2636 armatorum
1076 2589 1154 2641 cacat,

144 2662 239 2747 paulo
266 2661 370 2725 minus
398 2659 528 2725 trecenti
555 2659 619 2724 vivi
646 2661 730 2747 capti
756 2673 789 2727 et
815 2663 889 2746 equi
916 2665 1156 2752 quadragintae

144 2755 292 2820 undecim
309 2754 457 2818 militaria
475 2754 576 2840 signa.
611 2755 775 2842 perculsus
794 2758 931 2825 adverso
949 2761 1073 2846 proelio
1087 2759 1156 2823 Hau-

144 2849 230 2914 nibal
249 2847 423 2914 Crotonem
441 2849 615 2914 exercitum
633 2851 767 2916 reduxit.

94 2964 126 3011 10
206 2943 332 3008 Eodem
355 2954 497 3029 tempore
517 2944 566 3009 M.
587 2942 754 3012 Cornelius
779 2949 890 3013 consul
912 2948 947 3013 in
971 2951 1072 3017 altera
1090 2958 1158 3037 parit

142 3037 255 3103 Italiae
272 3061 337 3103 non
355 3050 420 3103 tam
438 3038 534 3104 armis
553 3062 647 3123 quam
668 3041 855 3108 iudiciorum
877 3053 1003 3111 terrore
1020 3043 1158 3112 Etruriam

144 3132 295 3210 continet,
319 3143 418 3198 totam
435 3134 535 3199 ferme
554 3135 594 3198 ad
611 3135 788 3221 Magonem
805 3157 843 3201 ac
859 3158 919 3222 per
936 3161 1015 3205 eum
1033 3142 1075 3206 ad
1089 3158 1158 3225 spem

94 3248 123 3293 11
143 3227 282 3292 novandi
298 3250 349 3292 res
368 3251 503 3293 versam.
540 3251 594 3294 eas
613 3230 814 3313 quaestiones
833 3254 874 3296 ex
888 3231 1158 3301 senatusconsulto

142 3321 270 3386 minime
289 3321 454 3386 ambitiose
476 3321 599 3401 habuit3
628 3323 781 3407 multique
802 3324 927 3391 nobiles
951 3328 1099 3407 Etrusci,
1119 3322 1159 3410 qui

143 3427 197 3479 aut
213 3415 276 3501 ipsi
293 3417 395 3480 ierant
417 3427 471 3480 aut
492 3416 644 3483 miserant
666 3419 707 3483 ad
724 3419 903 3505 Magonem
925 3421 969 3487 (le
992 3423 1159 3511 populonia

143 3531 272 3574 suorum
295 3510 486 3588 defectione,
517 3511 619 3596 primo
642 3514 820 3598 praesentis
843 3526 934 3580 erant
964 3513 1158 3591 condemnati

92 3623 122 3671 12
140 3615 254 3690 postea
269 3605 460 3670 conscientia
474 3605 601 3671 sibimet
613 3607 675 3693 ipsi
690 3609 819 3674 exilium
836 3610 1088 3692 consciscentes,
1104 3632 1158 3677 cun

142 3697 282 3762 absentis
294 3699 432 3763 damnati
443 3711 559 3778 essent,
575 3703 759 3788 corporibus
771 3704 940 3770 subtractis
951 3707 1039 3773 bona
1047 3718 1156 3778 anun

141 3814 221 3874 quae
238 3792 393 3878 publicari
409 3806 570 3880 poterant,
587 3796 786 3883 pigneranda
802 3821 926 3884 poenae
943 3803 1138 3887 praebebant

107 3904 120 3950 1
204 3886 394 3956 XXXVII.
445 3889 535 3954 Dum
556 3891 636 3957 haec
659 3894 805 3959 consules
829 3894 966 3960 diversis
994 3894 1155 3981 regionibus

139 3992 253 4063 agunt,
272 4004 418 4050 censores
437 3984 562 4050 interim
578 3986 702 4054 Romae
720 3989 769 4056 M.
784 3988 900 4054 Livius
918 4000 952 4055 et
967 3987 1006 4057 C.
1022 3985 1154 4055 Claudius
