<?xml version="1.0" encoding="UTF-8"?>
<!DOCTYPE html PUBLIC "-//W3C//DTD XHTML 1.0 Transitional//EN"
    "http://www.w3.org/TR/xhtml1/DTD/xhtml1-transitional.dtd">
<html xmlns="http://www.w3.org/1999/xhtml" xml:lang="en" lang="en">
 <head>
  <title>
</title>
<meta http-equiv="Content-Type" content="text/html;charset=utf-8" />
  <meta name='ocr-system' content='tesseract 3.04.00' />
  <meta name='ocr-capabilities' content='ocr_page ocr_carea ocr_par ocr_line ocrx_word'/>
</head>
<body>
  <div class='ocr_page' id='page_1' title='image "./titiliviaburbec00weisgoog_0381.png"; bbox 0 0 2528 4530; ppageno 0'>
   <div class='ocr_carea' id='block_1_1' title="bbox 329 251 1103 334">
    <p class='ocr_par' dir='ltr' id='par_1_1' title="bbox 329 251 1103 334">
     <span class='ocr_line' id='line_1_1' title="bbox 329 251 1103 334; baseline 0.001 -17"><span class='ocrx_word' id='word_1_1' title='bbox 329 261 445 317; x_wconf 76' lang='lat' dir='ltr'><strong>amsa</strong></span> <span class='ocrx_word' id='word_1_2' title='bbox 462 260 560 333; x_wconf 84' lang='lat' dir='ltr'><strong>xxv,</strong></span> <span class='ocrx_word' id='word_1_3' title='bbox 578 261 620 317; x_wconf 83' lang='lat' dir='ltr'><strong>so.</strong></span> <span class='ocrx_word' id='word_1_4' title='bbox 634 260 676 317; x_wconf 87' lang='lat'><strong>40.</strong></span> <span class='ocrx_word' id='word_1_5' title='bbox 697 264 736 332; x_wconf 79' lang='lat' dir='ltr'><strong>[a.</strong></span> <span class='ocrx_word' id='word_1_6' title='bbox 747 262 850 334; x_wconf 73' lang='lat' dir='ltr'><strong>ema]</strong></span> <span class='ocrx_word' id='word_1_7' title='bbox 1040 251 1103 319; x_wconf 84' lang='lat'><strong>261</strong></span> 
     </span>
    </p>
   </div>
   <div class='ocr_carea' id='block_1_2' title="bbox 78 418 1247 3999">
    <p class='ocr_par' dir='ltr' id='par_1_2' title="bbox 95 418 1159 976">
     <span class='ocr_line' id='line_1_2' title="bbox 100 418 1106 508; baseline 0 -20"><span class='ocrx_word' id='word_1_8' title='bbox 100 419 160 488; x_wconf 87' lang='lat' dir='ltr'><strong>intra</strong></span> <span class='ocrx_word' id='word_1_9' title='bbox 180 428 286 508; x_wconf 83' lang='lat' dir='ltr'><strong>portas</strong></span> <span class='ocrx_word' id='word_1_10' title='bbox 314 441 469 484; x_wconf 84' lang='lat' dir='ltr'>concursu</span> <span class='ocrx_word' id='word_1_11' title='bbox 502 441 543 483; x_wconf 85' lang='lat' dir='ltr'><strong>ex</strong></span> <span class='ocrx_word' id='word_1_12' title='bbox 568 418 642 485; x_wconf 90' lang='lat' dir='ltr'><strong>totis</strong></span> <span class='ocrx_word' id='word_1_13' title='bbox 668 420 780 486; x_wconf 87' lang='lat' dir='ltr'><strong>castris</strong></span> <span class='ocrx_word' id='word_1_14' title='bbox 810 420 852 486; x_wconf 88' lang='lat' dir='ltr'><strong>ad</strong></span> <span class='ocrx_word' id='word_1_15' title='bbox 876 421 1013 507; x_wconf 87' lang='lat' dir='ltr'><strong>primum</strong></span> <span class='ocrx_word' id='word_1_16' title='bbox 1042 422 1106 488; x_wconf 83' lang='lat' dir='ltr'><strong>ola·</strong></span> 
     </span>
     <span class='ocr_line' id='line_1_3' title="bbox 100 511 1159 600; baseline 0.001 -17"><span class='ocrx_word' id='word_1_17' title='bbox 100 538 195 583; x_wconf 90' lang='lat' dir='ltr'><strong>norem</strong></span> <span class='ocrx_word' id='word_1_18' title='bbox 212 524 244 581; x_wconf 89' lang='lat' dir='ltr'><strong>et</strong></span> <span class='ocrx_word' id='word_1_19' title='bbox 261 512 430 578; x_wconf 89' lang='lat' dir='ltr'><strong>tumultum</strong></span> <span class='ocrx_word' id='word_1_20' title='bbox 451 511 537 579; x_wconf 84' lang='lat' dir='ltr'><strong>facto</strong></span> <span class='ocrx_word' id='word_1_21' title='bbox 558 523 648 580; x_wconf 84' lang='lat' dir='ltr'><strong>atrox</strong></span> <span class='ocrx_word' id='word_1_22' title='bbox 668 514 822 600; x_wconf 92' lang='lat' dir='ltr'><strong>proelium</strong></span> <span class='ocrx_word' id='word_1_23' title='bbox 839 515 945 581; x_wconf 85' lang='lat' dir='ltr'><strong>oritur.</strong></span> <span class='ocrx_word' id='word_1_24' title='bbox 989 515 1159 600; x_wconf 88' lang='lat' dir='ltr'><strong>diuque1o</strong></span> 
     </span>
     <span class='ocr_line' id='line_1_4' title="bbox 99 607 1106 688; baseline -0.003 -11"><span class='ocrx_word' id='word_1_25' title='bbox 99 610 246 688; x_wconf 83' lang='lat' dir='ltr'><strong>tenuisset,</strong></span> <span class='ocrx_word' id='word_1_26' title='bbox 281 608 315 673; x_wconf 94' lang='lat' dir='ltr'><strong>ni</strong></span> <span class='ocrx_word' id='word_1_27' title='bbox 345 616 474 672; x_wconf 85' lang='lat' dir='ltr'><strong>eruenta</strong></span> <span class='ocrx_word' id='word_1_28' title='bbox 503 619 593 673; x_wconf 87' lang='lat' dir='ltr'><strong>scuta</strong></span> <span class='ocrx_word' id='word_1_29' title='bbox 617 607 832 674; x_wconf 89' lang='lat' dir='ltr'><strong>Romanorum</strong></span> <span class='ocrx_word' id='word_1_30' title='bbox 861 609 932 675; x_wconf 86' lang='lat' dir='ltr'><strong>visa</strong></span> <span class='ocrx_word' id='word_1_31' title='bbox 956 609 1106 675; x_wconf 88' lang='lat' dir='ltr'><strong>indicium</strong></span> 
     </span>
     <span class='ocr_line' id='line_1_5' title="bbox 98 700 1156 788; baseline 0.004 -18"><span class='ocrx_word' id='word_1_32' title='bbox 98 704 200 771; x_wconf 71' lang='lat' dir='ltr'><strong>alterius</strong></span> <span class='ocrx_word' id='word_1_33' title='bbox 219 702 318 769; x_wconf 89' lang='lat' dir='ltr'><strong>cladis</strong></span> <span class='ocrx_word' id='word_1_34' title='bbox 335 700 453 767; x_wconf 87' lang='lat' dir='ltr'>Poenis</span> <span class='ocrx_word' id='word_1_35' title='bbox 471 712 565 786; x_wconf 84' lang='lat' dir='ltr'><strong>atque</strong></span> <span class='ocrx_word' id='word_1_36' title='bbox 580 701 654 767; x_wconf 87' lang='lat' dir='ltr'><strong>inde</strong></span> <span class='ocrx_word' id='word_1_37' title='bbox 671 724 820 788; x_wconf 86' lang='lat' dir='ltr'><strong>pavorem</strong></span> <span class='ocrx_word' id='word_1_38' title='bbox 837 703 1027 770; x_wconf 87' lang='lat' dir='ltr'><strong>iniecissent.</strong></span> <span class='ocrx_word' id='word_1_39' title='bbox 1055 704 1107 769; x_wconf 93' lang='lat' dir='ltr'><strong>hic</strong></span> <span class='ocrx_word' id='word_1_40' title='bbox 1126 725 1156 773; x_wconf 80' lang='lat'><strong>11</strong></span> 
     </span>
     <span class='ocr_line' id='line_1_6' title="bbox 97 795 1105 883; baseline -0.001 -19"><span class='ocrx_word' id='word_1_41' title='bbox 97 808 173 865; x_wconf 82' lang='lat' dir='ltr'><strong>terror</strong></span> <span class='ocrx_word' id='word_1_42' title='bbox 197 796 232 862; x_wconf 94' lang='lat' dir='ltr'><strong>in</strong></span> <span class='ocrx_word' id='word_1_43' title='bbox 257 796 368 883; x_wconf 85' lang='lat' dir='ltr'><strong>sugam</strong></span> <span class='ocrx_word' id='word_1_44' title='bbox 398 795 510 861; x_wconf 83' lang='lat' dir='ltr'><strong>avertit</strong></span> <span class='ocrx_word' id='word_1_45' title='bbox 537 796 658 861; x_wconf 85' lang='lat' dir='ltr'><strong>omnis:</strong></span> <span class='ocrx_word' id='word_1_46' title='bbox 693 796 846 882; x_wconf 83' lang='lat' dir='ltr'><strong>effusique</strong></span> <span class='ocrx_word' id='word_1_47' title='bbox 873 820 936 882; x_wconf 89' lang='lat' dir='ltr'><strong>qua</strong></span> <span class='ocrx_word' id='word_1_48' title='bbox 963 799 1023 864; x_wconf 91' lang='lat' dir='ltr'><strong>iter</strong></span> <span class='ocrx_word' id='word_1_49' title='bbox 1047 809 1105 876; x_wconf 89' lang='lat' dir='ltr'><strong>est,</strong></span> 
     </span>
     <span class='ocr_line' id='line_1_7' title="bbox 95 889 1104 976; baseline -0.001 -17"><span class='ocrx_word' id='word_1_50' title='bbox 95 892 139 959; x_wconf 86' lang='lat' dir='ltr'><strong>nisi</strong></span> <span class='ocrx_word' id='word_1_51' title='bbox 160 913 240 976; x_wconf 92' lang='lat' dir='ltr'><strong>quos</strong></span> <span class='ocrx_word' id='word_1_52' title='bbox 267 891 380 956; x_wconf 89' lang='lat' dir='ltr'><strong>caedes</strong></span> <span class='ocrx_word' id='word_1_53' title='bbox 406 889 575 976; x_wconf 81' lang='lat' dir='ltr'><strong>oppressit,</strong></span> <span class='ocrx_word' id='word_1_54' title='bbox 602 901 760 956; x_wconf 86' lang='lat' dir='ltr'><strong>exuuntur</strong></span> <span class='ocrx_word' id='word_1_55' title='bbox 780 891 900 958; x_wconf 87' lang='lat' dir='ltr'><strong>eastris.</strong></span> <span class='ocrx_word' id='word_1_56' title='bbox 943 893 988 959; x_wconf 89' lang='lat' dir='ltr'><strong>ita</strong></span> <span class='ocrx_word' id='word_1_57' title='bbox 1012 903 1104 958; x_wconf 89' lang='lat' dir='ltr'><strong>noete</strong></span> 
     </span>
    </p>

    <p class='ocr_par' dir='ltr' id='par_1_3' title="bbox 79 984 1160 2747">
     <span class='ocr_line' id='line_1_8' title="bbox 95 984 1105 1072; baseline -0.001 -20"><span class='ocrx_word' id='word_1_58' title='bbox 95 1008 121 1053; x_wconf 82' lang='lat' dir='ltr'><strong>ac</strong></span> <span class='ocrx_word' id='word_1_59' title='bbox 140 987 188 1052; x_wconf 86' lang='lat' dir='ltr'><strong>die</strong></span> <span class='ocrx_word' id='word_1_60' title='bbox 214 984 290 1052; x_wconf 88' lang='lat' dir='ltr'><strong>bina</strong></span> <span class='ocrx_word' id='word_1_61' title='bbox 316 993 420 1050; x_wconf 87' lang='lat' dir='ltr'><strong>castra</strong></span> <span class='ocrx_word' id='word_1_62' title='bbox 444 984 583 1050; x_wconf 92' lang='lat' dir='ltr'><strong>hostium</strong></span> <span class='ocrx_word' id='word_1_63' title='bbox 605 996 784 1072; x_wconf 85' lang='lat' dir='ltr'><strong>expugnata</strong></span> <span class='ocrx_word' id='word_1_64' title='bbox 806 986 904 1051; x_wconf 88' lang='lat' dir='ltr'><strong>ductu</strong></span> <span class='ocrx_word' id='word_1_65' title='bbox 920 986 962 1053; x_wconf 87' lang='lat' dir='ltr'><strong>L.</strong></span> <span class='ocrx_word' id='word_1_66' title='bbox 980 985 1105 1053; x_wconf 82' lang='lat' dir='ltr'><strong>Marcii.</strong></span> 
     </span>
     <span class='ocr_line' id='line_1_9' title="bbox 98 1078 1160 1168; baseline 0.004 -21"><span class='ocrx_word' id='word_1_67' title='bbox 98 1080 261 1168; x_wconf 80' lang='lat' dir='ltr'><strong>adtriginta</strong></span> <span class='ocrx_word' id='word_1_68' title='bbox 283 1091 403 1165; x_wconf 77' lang='lat' dir='ltr'><strong>septem</strong></span> <span class='ocrx_word' id='word_1_69' title='bbox 425 1078 512 1144; x_wconf 86' lang='lat' dir='ltr'><strong>milia</strong></span> <span class='ocrx_word' id='word_1_70' title='bbox 533 1078 671 1144; x_wconf 88' lang='lat' dir='ltr'><strong>hostium</strong></span> <span class='ocrx_word' id='word_1_71' title='bbox 693 1101 786 1147; x_wconf 88' lang='lat' dir='ltr'><strong>caesa</strong></span> <span class='ocrx_word' id='word_1_72' title='bbox 807 1091 916 1146; x_wconf 79' lang='lat' dir='ltr'><strong>auctor</strong></span> <span class='ocrx_word' id='word_1_73' title='bbox 938 1091 987 1147; x_wconf 90' lang='lat' dir='ltr'><strong>est</strong></span> <span class='ocrx_word' id='word_1_74' title='bbox 1010 1080 1160 1151; x_wconf 76' lang='lat' dir='ltr'><strong>Clau-12</strong></span> 
     </span>
     <span class='ocr_line' id='line_1_10' title="bbox 98 1170 1107 1258; baseline 0.001 -19"><span class='ocrx_word' id='word_1_75' title='bbox 98 1174 160 1253; x_wconf 87' lang='lat' dir='ltr'><strong>dios,</strong></span> <span class='ocrx_word' id='word_1_76' title='bbox 185 1174 242 1258; x_wconf 93' lang='lat' dir='ltr'><strong>qui</strong></span> <span class='ocrx_word' id='word_1_77' title='bbox 268 1172 397 1238; x_wconf 85' lang='lat' dir='ltr'><strong>annales</strong></span> <span class='ocrx_word' id='word_1_78' title='bbox 419 1172 583 1238; x_wconf 82' lang='lat' dir='ltr'><strong>Acilianos</strong></span> <span class='ocrx_word' id='word_1_79' title='bbox 610 1194 650 1238; x_wconf 84' lang='lat' dir='ltr'><strong>ex</strong></span> <span class='ocrx_word' id='word_1_80' title='bbox 668 1170 792 1240; x_wconf 88' lang='lat' dir='ltr'><strong>Graeco</strong></span> <span class='ocrx_word' id='word_1_81' title='bbox 813 1174 846 1238; x_wconf 92' lang='lat' dir='ltr'><strong>in</strong></span> <span class='ocrx_word' id='word_1_82' title='bbox 867 1173 1019 1240; x_wconf 87' lang='lat' dir='ltr'><strong>Latinum</strong></span> <span class='ocrx_word' id='word_1_83' title='bbox 1042 1197 1107 1240; x_wconf 88' lang='lat' dir='ltr'><strong>ser-</strong></span> 
     </span>
     <span class='ocr_line' id='line_1_11' title="bbox 96 1266 1107 1356; baseline 0.003 -24"><span class='ocrx_word' id='word_1_84' title='bbox 96 1290 198 1334; x_wconf 88' lang='lat' dir='ltr'><strong>nonem</strong></span> <span class='ocrx_word' id='word_1_85' title='bbox 216 1268 324 1345; x_wconf 88' lang='lat' dir='ltr'><strong>vertit,</strong></span> <span class='ocrx_word' id='word_1_86' title='bbox 347 1277 456 1352; x_wconf 90' lang='lat' dir='ltr'><strong>captos</strong></span> <span class='ocrx_word' id='word_1_87' title='bbox 474 1267 516 1331; x_wconf 89' lang='lat' dir='ltr'><strong>ad</strong></span> <span class='ocrx_word' id='word_1_88' title='bbox 532 1266 617 1332; x_wconf 91' lang='lat' dir='ltr'><strong>mille</strong></span> <span class='ocrx_word' id='word_1_89' title='bbox 635 1267 831 1354; x_wconf 86' lang='lat' dir='ltr'><strong>octingentos</strong></span> <span class='ocrx_word' id='word_1_90' title='bbox 849 1269 990 1356; x_wconf 83' lang='lat' dir='ltr'><strong>triginta,</strong></span> <span class='ocrx_word' id='word_1_91' title='bbox 1015 1291 1107 1356; x_wconf 86' lang='lat' dir='ltr'><strong>prae-</strong></span> 
     </span>
     <span class='ocr_line' id='line_1_12' title="bbox 95 1360 1159 1449; baseline 0.003 -22"><span class='ocrx_word' id='word_1_92' title='bbox 95 1360 149 1427; x_wconf 86' lang='lat' dir='ltr'><strong>dam</strong></span> <span class='ocrx_word' id='word_1_93' title='bbox 171 1362 335 1448; x_wconf 87' lang='lat' dir='ltr'><strong>ingentem</strong></span> <span class='ocrx_word' id='word_1_94' title='bbox 359 1369 510 1446; x_wconf 87' lang='lat' dir='ltr'><strong>paratam.</strong></span> <span class='ocrx_word' id='word_1_95' title='bbox 567 1360 600 1425; x_wconf 93' lang='lat' dir='ltr'><strong>in</strong></span> <span class='ocrx_word' id='word_1_96' title='bbox 626 1383 665 1426; x_wconf 90' lang='lat' dir='ltr'><strong>ea</strong></span> <span class='ocrx_word' id='word_1_97' title='bbox 693 1361 794 1427; x_wconf 78' lang='lat' dir='ltr'><strong>fuisse</strong></span> <span class='ocrx_word' id='word_1_98' title='bbox 819 1362 965 1449; x_wconf 91' lang='lat' dir='ltr'><strong>clupeum</strong></span> <span class='ocrx_word' id='word_1_99' title='bbox 994 1383 1159 1449; x_wconf 79' lang='lat' dir='ltr'><strong>orgen-13</strong></span> 
     </span>
     <span class='ocr_line' id='line_1_13' title="bbox 96 1453 1107 1544; baseline 0.003 -25"><span class='ocrx_word' id='word_1_100' title='bbox 96 1464 159 1521; x_wconf 80' lang='lat' dir='ltr'><strong>tum</strong></span> <span class='ocrx_word' id='word_1_101' title='bbox 175 1456 283 1541; x_wconf 91' lang='lat' dir='ltr'><strong>pondo</strong></span> <span class='ocrx_word' id='word_1_102' title='bbox 301 1465 427 1520; x_wconf 88' lang='lat' dir='ltr'><strong>centum</strong></span> <span class='ocrx_word' id='word_1_103' title='bbox 444 1453 571 1542; x_wconf 80' lang='lat' dir='ltr'><strong>triginta</strong></span> <span class='ocrx_word' id='word_1_104' title='bbox 592 1465 713 1541; x_wconf 86' lang='lat' dir='ltr'><strong>septem</strong></span> <span class='ocrx_word' id='word_1_105' title='bbox 735 1477 807 1521; x_wconf 93' lang='lat' dir='ltr'><strong>cum</strong></span> <span class='ocrx_word' id='word_1_106' title='bbox 824 1456 962 1544; x_wconf 84' lang='lat' dir='ltr'><strong>imagine</strong></span> <span class='ocrx_word' id='word_1_107' title='bbox 978 1456 1107 1522; x_wconf 82' lang='lat' dir='ltr'><strong>Barcini</strong></span> 
     </span>
     <span class='ocr_line' id='line_1_14' title="bbox 97 1547 1158 1639; baseline 0.003 -23"><span class='ocrx_word' id='word_1_108' title='bbox 97 1547 296 1616; x_wconf 81' lang='lat' dir='ltr'><strong>Hasdrubalis.</strong></span> <span class='ocrx_word' id='word_1_109' title='bbox 339 1548 486 1615; x_wconf 87' lang='lat' dir='ltr'><strong>Valerius</strong></span> <span class='ocrx_word' id='word_1_110' title='bbox 504 1549 618 1616; x_wconf 89' lang='lat' dir='ltr'><strong>Antias</strong></span> <span class='ocrx_word' id='word_1_111' title='bbox 636 1572 700 1616; x_wconf 88' lang='lat' dir='ltr'><strong>uno</strong></span> <span class='ocrx_word' id='word_1_112' title='bbox 722 1560 825 1616; x_wconf 87' lang='lat' dir='ltr'><strong>castra</strong></span> <span class='ocrx_word' id='word_1_113' title='bbox 841 1551 992 1639; x_wconf 85' lang='lat' dir='ltr'><strong>Magonis</strong></span> <span class='ocrx_word' id='word_1_114' title='bbox 1014 1561 1107 1637; x_wconf 85' lang='lat' dir='ltr'><strong>capta</strong></span> <span class='ocrx_word' id='word_1_115' title='bbox 1126 1571 1158 1619; x_wconf 76' lang='lat'><strong>14</strong></span> 
     </span>
     <span class='ocr_line' id='line_1_15' title="bbox 96 1643 1105 1732; baseline 0.002 -23"><span class='ocrx_word' id='word_1_116' title='bbox 96 1644 214 1723; x_wconf 75' lang='lat' dir='ltr'><strong>radidit,</strong></span> <span class='ocrx_word' id='word_1_117' title='bbox 251 1652 371 1730; x_wconf 87' lang='lat' dir='ltr'><strong>septem</strong></span> <span class='ocrx_word' id='word_1_118' title='bbox 405 1643 493 1708; x_wconf 91' lang='lat' dir='ltr'><strong>milia</strong></span> <span class='ocrx_word' id='word_1_119' title='bbox 527 1665 621 1709; x_wconf 86' lang='lat' dir='ltr'><strong>caesa</strong></span> <span class='ocrx_word' id='word_1_120' title='bbox 654 1644 808 1725; x_wconf 86' lang='lat' dir='ltr'><strong>hostium3</strong></span> <span class='ocrx_word' id='word_1_121' title='bbox 856 1645 953 1712; x_wconf 89' lang='lat' dir='ltr'><strong>altero</strong></span> <span class='ocrx_word' id='word_1_122' title='bbox 986 1646 1105 1732; x_wconf 90' lang='lat' dir='ltr'><strong>proelio</strong></span> 
     </span>
     <span class='ocr_line' id='line_1_16' title="bbox 92 1737 1107 1826; baseline 0.002 -21"><span class='ocrx_word' id='word_1_123' title='bbox 92 1739 235 1826; x_wconf 80' lang='lat' dir='ltr'><strong>eruptione</strong></span> <span class='ocrx_word' id='word_1_124' title='bbox 262 1747 437 1825; x_wconf 82' lang='lat' dir='ltr'><strong>pugnatum</strong></span> <span class='ocrx_word' id='word_1_125' title='bbox 464 1760 537 1803; x_wconf 87' lang='lat' dir='ltr'><strong>eum</strong></span> <span class='ocrx_word' id='word_1_126' title='bbox 563 1737 780 1818; x_wconf 83' lang='lat' dir='ltr'><strong>Hasdrubale,</strong></span> <span class='ocrx_word' id='word_1_127' title='bbox 807 1739 917 1806; x_wconf 89' lang='lat' dir='ltr'><strong>decem</strong></span> <span class='ocrx_word' id='word_1_128' title='bbox 942 1740 1029 1807; x_wconf 89' lang='lat' dir='ltr'><strong>milia</strong></span> <span class='ocrx_word' id='word_1_129' title='bbox 1054 1762 1107 1806; x_wconf 89' lang='lat' dir='ltr'><strong>oc-</strong></span> 
     </span>
     <span class='ocr_line' id='line_1_17' title="bbox 89 1832 1160 1922; baseline 0.002 -23"><span class='ocrx_word' id='word_1_130' title='bbox 89 1832 159 1913; x_wconf 75' lang='lat' dir='ltr'><strong>osa,</strong></span> <span class='ocrx_word' id='word_1_131' title='bbox 192 1844 342 1919; x_wconf 88' lang='lat' dir='ltr'><strong>quattuor</strong></span> <span class='ocrx_word' id='word_1_132' title='bbox 374 1833 462 1898; x_wconf 88' lang='lat' dir='ltr'><strong>milia</strong></span> <span class='ocrx_word' id='word_1_133' title='bbox 496 1840 651 1900; x_wconf 83' lang='lat' dir='ltr'><strong>trecentos</strong></span> <span class='ocrx_word' id='word_1_134' title='bbox 686 1834 813 1921; x_wconf 84' lang='lat' dir='ltr'><strong>triginta</strong></span> <span class='ocrx_word' id='word_1_135' title='bbox 847 1844 966 1922; x_wconf 84' lang='lat' dir='ltr'><strong>captos.</strong></span> <span class='ocrx_word' id='word_1_136' title='bbox 1027 1834 1106 1902; x_wconf 89' lang='lat' dir='ltr'><strong>Piso</strong></span> <span class='ocrx_word' id='word_1_137' title='bbox 1126 1852 1160 1901; x_wconf 83' lang='lat'><strong>15</strong></span> 
     </span>
     <span class='ocr_line' id='line_1_18' title="bbox 86 1925 1105 2015; baseline 0.001 -22"><span class='ocrx_word' id='word_1_138' title='bbox 86 1927 211 2014; x_wconf 87' lang='lat' dir='ltr'><strong>quinque</strong></span> <span class='ocrx_word' id='word_1_139' title='bbox 241 1927 328 1993; x_wconf 87' lang='lat' dir='ltr'><strong>milia</strong></span> <span class='ocrx_word' id='word_1_140' title='bbox 357 1925 539 2005; x_wconf 90' lang='lat' dir='ltr'><strong>hominum,</strong></span> <span class='ocrx_word' id='word_1_141' title='bbox 575 1949 648 1993; x_wconf 91' lang='lat' dir='ltr'><strong>eum</strong></span> <span class='ocrx_word' id='word_1_142' title='bbox 677 1926 779 2015; x_wconf 86' lang='lat' dir='ltr'><strong>Mago</strong></span> <span class='ocrx_word' id='word_1_143' title='bbox 809 1929 950 1996; x_wconf 89' lang='lat' dir='ltr'><strong>cedentis</strong></span> <span class='ocrx_word' id='word_1_144' title='bbox 980 1940 1105 1996; x_wconf 87' lang='lat' dir='ltr'><strong>nostros</strong></span> 
     </span>
     <span class='ocr_line' id='line_1_19' title="bbox 84 2020 1159 2110; baseline 0.007 -27"><span class='ocrx_word' id='word_1_145' title='bbox 84 2020 174 2088; x_wconf 87' lang='lat' dir='ltr'><strong>effuse</strong></span> <span class='ocrx_word' id='word_1_146' title='bbox 192 2030 388 2106; x_wconf 87' lang='lat' dir='ltr'><strong>sequeretur,</strong></span> <span class='ocrx_word' id='word_1_147' title='bbox 415 2043 509 2087; x_wconf 88' lang='lat' dir='ltr'><strong>caesa</strong></span> <span class='ocrx_word' id='word_1_148' title='bbox 530 2043 570 2087; x_wconf 84' lang='lat' dir='ltr'><strong>ex</strong></span> <span class='ocrx_word' id='word_1_149' title='bbox 591 2021 713 2087; x_wconf 86' lang='lat' dir='ltr'><strong>insidiis</strong></span> <span class='ocrx_word' id='word_1_150' title='bbox 736 2021 853 2089; x_wconf 82' lang='lat' dir='ltr'><strong>scribit.</strong></span> <span class='ocrx_word' id='word_1_151' title='bbox 898 2024 982 2110; x_wconf 90' lang='lat' dir='ltr'><strong>apud</strong></span> <span class='ocrx_word' id='word_1_152' title='bbox 1004 2025 1106 2090; x_wconf 92' lang='lat' dir='ltr'><strong>omnis</strong></span> <span class='ocrx_word' id='word_1_153' title='bbox 1126 2042 1159 2091; x_wconf 75' lang='lat'><strong>16</strong></span> 
     </span>
     <span class='ocr_line' id='line_1_20' title="bbox 81 2114 1105 2204; baseline 0.004 -24"><span class='ocrx_word' id='word_1_154' title='bbox 81 2130 224 2203; x_wconf 79' lang='lat' dir='ltr'><strong>magnum</strong></span> <span class='ocrx_word' id='word_1_155' title='bbox 247 2137 362 2181; x_wconf 92' lang='lat' dir='ltr'><strong>nomen</strong></span> <span class='ocrx_word' id='word_1_156' title='bbox 383 2114 498 2181; x_wconf 90' lang='lat' dir='ltr'><strong>Marcii</strong></span> <span class='ocrx_word' id='word_1_157' title='bbox 520 2115 609 2181; x_wconf 90' lang='lat' dir='ltr'><strong>ducis</strong></span> <span class='ocrx_word' id='word_1_158' title='bbox 632 2125 690 2182; x_wconf 90' lang='lat' dir='ltr'><strong>est.</strong></span> <span class='ocrx_word' id='word_1_159' title='bbox 735 2125 766 2182; x_wconf 88' lang='lat' dir='ltr'><strong>et</strong></span> <span class='ocrx_word' id='word_1_160' title='bbox 787 2138 880 2182; x_wconf 86' lang='lat' dir='ltr'><strong>verae</strong></span> <span class='ocrx_word' id='word_1_161' title='bbox 902 2118 1020 2204; x_wconf 89' lang='lat' dir='ltr'><strong>gloriae</strong></span> <span class='ocrx_word' id='word_1_162' title='bbox 1038 2119 1105 2184; x_wconf 90' lang='lat' dir='ltr'><strong>eius</strong></span> 
     </span>
     <span class='ocr_line' id='line_1_21' title="bbox 80 2209 1107 2289; baseline 0.002 -14"><span class='ocrx_word' id='word_1_163' title='bbox 80 2210 168 2276; x_wconf 83' lang='lat' dir='ltr'><strong>etiam</strong></span> <span class='ocrx_word' id='word_1_164' title='bbox 201 2209 354 2275; x_wconf 84' lang='lat' dir='ltr'><strong>miracula</strong></span> <span class='ocrx_word' id='word_1_165' title='bbox 387 2209 526 2289; x_wconf 90' lang='lat' dir='ltr'><strong>addunt,</strong></span> <span class='ocrx_word' id='word_1_166' title='bbox 570 2210 728 2275; x_wconf 85' lang='lat' dir='ltr'><strong>flammam</strong></span> <span class='ocrx_word' id='word_1_167' title='bbox 764 2210 794 2276; x_wconf 89' lang='lat' dir='ltr'><strong>ei</strong></span> <span class='ocrx_word' id='word_1_168' title='bbox 829 2212 1022 2278; x_wconf 81' lang='lat' dir='ltr'><strong>contionanti</strong></span> <span class='ocrx_word' id='word_1_169' title='bbox 1056 2213 1107 2277; x_wconf 86' lang='lat' dir='ltr'><strong>fu-</strong></span> 
     </span>
     <span class='ocr_line' id='line_1_22' title="bbox 80 2303 1107 2391; baseline -0.001 -20"><span class='ocrx_word' id='word_1_170' title='bbox 80 2322 141 2371; x_wconf 81' lang='lat' dir='ltr'><strong>sam</strong></span> <span class='ocrx_word' id='word_1_171' title='bbox 162 2326 182 2370; x_wconf 87' lang='lat' dir='ltr'><strong>e</strong></span> <span class='ocrx_word' id='word_1_172' title='bbox 207 2305 310 2390; x_wconf 88' lang='lat' dir='ltr'><strong>capite</strong></span> <span class='ocrx_word' id='word_1_173' title='bbox 333 2303 400 2370; x_wconf 91' lang='lat' dir='ltr'><strong>sine</strong></span> <span class='ocrx_word' id='word_1_174' title='bbox 418 2303 518 2390; x_wconf 90' lang='lat' dir='ltr'><strong>ipsius</strong></span> <span class='ocrx_word' id='word_1_175' title='bbox 546 2326 642 2371; x_wconf 88' lang='lat' dir='ltr'><strong>sensu</strong></span> <span class='ocrx_word' id='word_1_176' title='bbox 669 2325 741 2368; x_wconf 87' lang='lat' dir='ltr'><strong>eum</strong></span> <span class='ocrx_word' id='word_1_177' title='bbox 762 2326 879 2391; x_wconf 85' lang='lat' dir='ltr'><strong>magno</strong></span> <span class='ocrx_word' id='word_1_178' title='bbox 905 2327 1021 2390; x_wconf 86' lang='lat' dir='ltr'><strong>pavore</strong></span> <span class='ocrx_word' id='word_1_179' title='bbox 1047 2307 1107 2370; x_wconf 90' lang='lat' dir='ltr'><strong>eir-</strong></span> 
     </span>
     <span class='ocr_line' id='line_1_23' title="bbox 80 2396 1157 2482; baseline 0 -17"><span class='ocrx_word' id='word_1_180' title='bbox 80 2399 297 2465; x_wconf 85' lang='lat' dir='ltr'><strong>cumstantium</strong></span> <span class='ocrx_word' id='word_1_181' title='bbox 330 2398 466 2463; x_wconf 90' lang='lat' dir='ltr'><strong>militum</strong></span> <span class='ocrx_word' id='word_1_182' title='bbox 528 2398 819 2482; x_wconf 88' lang='lat' dir='ltr'><strong>monimentumque</strong></span> <span class='ocrx_word' id='word_1_183' title='bbox 852 2396 1002 2463; x_wconf 82' lang='lat' dir='ltr'><strong>victoriae</strong></span> <span class='ocrx_word' id='word_1_184' title='bbox 1037 2399 1104 2464; x_wconf 92' lang='lat' dir='ltr'><strong>eius</strong></span> <span class='ocrx_word' id='word_1_185' title='bbox 1124 2417 1157 2465; x_wconf 74' lang='lat'><strong>17</strong></span> 
     </span>
     <span class='ocr_line' id='line_1_24' title="bbox 79 2489 1106 2578; baseline -0.002 -18"><span class='ocrx_word' id='word_1_186' title='bbox 79 2492 112 2560; x_wconf 79' lang='lat' dir='ltr'><strong>ta</strong></span> <span class='ocrx_word' id='word_1_187' title='bbox 144 2492 264 2558; x_wconf 89' lang='lat' dir='ltr'><strong>Poenis</strong></span> <span class='ocrx_word' id='word_1_188' title='bbox 298 2513 400 2578; x_wconf 89' lang='lat' dir='ltr'><strong>usque</strong></span> <span class='ocrx_word' id='word_1_189' title='bbox 434 2491 476 2557; x_wconf 91' lang='lat' dir='ltr'><strong>ad</strong></span> <span class='ocrx_word' id='word_1_190' title='bbox 508 2491 673 2558; x_wconf 90' lang='lat' dir='ltr'><strong>incensum</strong></span> <span class='ocrx_word' id='word_1_191' title='bbox 707 2489 899 2578; x_wconf 88' lang='lat' dir='ltr'><strong>Capitolium</strong></span> <span class='ocrx_word' id='word_1_192' title='bbox 938 2491 1039 2558; x_wconf 87' lang='lat' dir='ltr'><strong>fnisse</strong></span> <span class='ocrx_word' id='word_1_193' title='bbox 1073 2492 1106 2557; x_wconf 90' lang='lat' dir='ltr'><strong>in</strong></span> 
     </span>
     <span class='ocr_line' id='line_1_25' title="bbox 79 2584 1107 2675; baseline -0.002 -21"><span class='ocrx_word' id='word_1_194' title='bbox 79 2586 190 2675; x_wconf 72' lang='lat' dir='ltr'><strong>‘amplo</strong></span> <span class='ocrx_word' id='word_1_195' title='bbox 212 2586 348 2672; x_wconf 91' lang='lat' dir='ltr'><strong>clipeum</strong></span> <span class='ocrx_word' id='word_1_196' title='bbox 370 2585 529 2653; x_wconf 86' lang='lat' dir='ltr'><strong>Marcium</strong></span> <span class='ocrx_word' id='word_1_197' title='bbox 551 2587 742 2673; x_wconf 86' lang='lat' dir='ltr'><strong>appellatum</strong></span> <span class='ocrx_word' id='word_1_198' title='bbox 764 2607 836 2652; x_wconf 91' lang='lat' dir='ltr'><strong>eum</strong></span> <span class='ocrx_word' id='word_1_199' title='bbox 859 2584 998 2673; x_wconf 85' lang='lat' dir='ltr'><strong>imagine</strong></span> <span class='ocrx_word' id='word_1_200' title='bbox 1019 2586 1107 2652; x_wconf 89' lang='lat' dir='ltr'><strong>Has-</strong></span> 
     </span>
     <span class='ocr_line' id='line_1_26' title="bbox 79 2680 224 2747; baseline -0.007 0"><span class='ocrx_word' id='word_1_201' title='bbox 79 2680 224 2747; x_wconf 86' lang='lat' dir='ltr'><strong>drubalis.</strong></span> 
     </span>
    </p>

    <p class='ocr_par' dir='ltr' id='par_1_4' title="bbox 79 2772 1247 3051">
     <span class='ocr_line' id='line_1_27' title="bbox 138 2772 1247 2862; baseline 0.003 -21"><span class='ocrx_word' id='word_1_202' title='bbox 138 2772 274 2860; x_wconf 77' lang='lat' dir='ltr'><strong>Quietae</strong></span> <span class='ocrx_word' id='word_1_203' title='bbox 304 2774 417 2842; x_wconf 90' lang='lat' dir='ltr'><strong>deinde</strong></span> <span class='ocrx_word' id='word_1_204' title='bbox 447 2774 641 2860; x_wconf 88' lang='lat' dir='ltr'><strong>aliquamdiu</strong></span> <span class='ocrx_word' id='word_1_205' title='bbox 669 2775 704 2840; x_wconf 91' lang='lat' dir='ltr'><strong>in</strong></span> <span class='ocrx_word' id='word_1_206' title='bbox 733 2773 891 2862; x_wconf 85' lang='lat' dir='ltr'><strong>Hispania</strong></span> <span class='ocrx_word' id='word_1_207' title='bbox 920 2798 972 2842; x_wconf 91' lang='lat' dir='ltr'><strong>res</strong></span> <span class='ocrx_word' id='word_1_208' title='bbox 1006 2775 1160 2854; x_wconf 82' lang='lat' dir='ltr'><strong>fuere,1o</strong></span> <span class='ocrx_word' id='word_1_209' title='bbox 1244 2852 1247 2857; x_wconf 55' lang='grc'><strong>,</strong></span> 
     </span>
     <span class='ocr_line' id='line_1_28' title="bbox 79 2870 1106 2956; baseline -0.002 -18"><span class='ocrx_word' id='word_1_210' title='bbox 79 2870 214 2956; x_wconf 80' lang='lat' dir='ltr'><strong>rtrisque</strong></span> <span class='ocrx_word' id='word_1_211' title='bbox 235 2879 307 2956; x_wconf 89' lang='lat' dir='ltr'><strong>post</strong></span> <span class='ocrx_word' id='word_1_212' title='bbox 328 2879 431 2936; x_wconf 84' lang='lat' dir='ltr'><strong>tantas</strong></span> <span class='ocrx_word' id='word_1_213' title='bbox 452 2870 487 2935; x_wconf 91' lang='lat' dir='ltr'><strong>in</strong></span> <span class='ocrx_word' id='word_1_214' title='bbox 508 2870 610 2935; x_wconf 87' lang='lat' dir='ltr'><strong>vicem</strong></span> <span class='ocrx_word' id='word_1_215' title='bbox 632 2879 777 2956; x_wconf 87' lang='lat' dir='ltr'><strong>acceptas</strong></span> <span class='ocrx_word' id='word_1_216' title='bbox 798 2870 974 2956; x_wconf 88' lang='lat' dir='ltr'><strong>inlatasque</strong></span> <span class='ocrx_word' id='word_1_217' title='bbox 1000 2870 1106 2938; x_wconf 87' lang='lat' dir='ltr'><strong>clades</strong></span> 
     </span>
     <span class='ocr_line' id='line_1_29' title="bbox 79 2963 899 3051; baseline -0.002 -18"><span class='ocrx_word' id='word_1_218' title='bbox 79 2963 292 3033; x_wconf 77' lang='lat' dir='ltr'><strong>mactantibus</strong></span> <span class='ocrx_word' id='word_1_219' title='bbox 309 2964 485 3051; x_wconf 91' lang='lat' dir='ltr'><strong>periculum</strong></span> <span class='ocrx_word' id='word_1_220' title='bbox 503 2986 646 3030; x_wconf 86' lang='lat' dir='ltr'><strong>summae</strong></span> <span class='ocrx_word' id='word_1_221' title='bbox 662 2986 768 3031; x_wconf 89' lang='lat' dir='ltr'><strong>rerum</strong></span> <span class='ocrx_word' id='word_1_222' title='bbox 786 2963 899 3031; x_wconf 81' lang='lat' dir='ltr'><strong>facere.</strong></span> 
     </span>
    </p>

    <p class='ocr_par' dir='ltr' id='par_1_5' title="bbox 78 3057 1142 3999">
     <span class='ocr_line' id='line_1_30' title="bbox 132 3057 1138 3147; baseline 0.002 -21"><span class='ocrx_word' id='word_1_223' title='bbox 132 3058 295 3126; x_wconf 88' lang='lat' dir='ltr'>XXXX.</span> <span class='ocrx_word' id='word_1_224' title='bbox 345 3058 435 3124; x_wconf 93' lang='lat' dir='ltr'><strong>Dum</strong></span> <span class='ocrx_word' id='word_1_225' title='bbox 461 3058 540 3126; x_wconf 89' lang='lat' dir='ltr'><strong>haec</strong></span> <span class='ocrx_word' id='word_1_226' title='bbox 565 3061 599 3125; x_wconf 92' lang='lat' dir='ltr'><strong>in</strong></span> <span class='ocrx_word' id='word_1_227' title='bbox 623 3059 783 3146; x_wconf 84' lang='lat' dir='ltr'><strong>Hispania</strong></span> <span class='ocrx_word' id='word_1_228' title='bbox 811 3069 982 3147; x_wconf 86' lang='lat' dir='ltr'><strong>geruntur,</strong></span> <span class='ocrx_word' id='word_1_229' title='bbox 1016 3057 1138 3128; x_wconf 85' lang='lat' dir='ltr'><strong>Mar-1</strong></span> 
     </span>
     <span class='ocr_line' id='line_1_31' title="bbox 79 3151 1106 3241; baseline -0.004 -19"><span class='ocrx_word' id='word_1_230' title='bbox 79 3154 170 3222; x_wconf 69' lang='lat' dir='ltr'><strong>*ellus</strong></span> <span class='ocrx_word' id='word_1_231' title='bbox 193 3154 293 3240; x_wconf 84' lang='lat' dir='ltr'><strong>ceptis</strong></span> <span class='ocrx_word' id='word_1_232' title='bbox 313 3151 495 3241; x_wconf 84' lang='lat' dir='ltr'><strong>Syracusis,</strong></span> <span class='ocrx_word' id='word_1_233' title='bbox 523 3177 595 3222; x_wconf 91' lang='lat' dir='ltr'><strong>cum</strong></span> <span class='ocrx_word' id='word_1_234' title='bbox 617 3167 721 3222; x_wconf 89' lang='lat' dir='ltr'><strong>cetera</strong></span> <span class='ocrx_word' id='word_1_235' title='bbox 741 3155 775 3220; x_wconf 95' lang='lat' dir='ltr'><strong>in</strong></span> <span class='ocrx_word' id='word_1_236' title='bbox 799 3153 909 3222; x_wconf 78' lang='lat' dir='ltr'><strong>sicilia</strong></span> <span class='ocrx_word' id='word_1_237' title='bbox 934 3162 1022 3239; x_wconf 82' lang='lat' dir='ltr'><strong>tanta</strong></span> <span class='ocrx_word' id='word_1_238' title='bbox 1043 3153 1106 3219; x_wconf 85' lang='lat' dir='ltr'><strong>fide</strong></span> 
     </span>
     <span class='ocr_line' id='line_1_32' title="bbox 78 3247 1106 3336; baseline -0.002 -21"><span class='ocrx_word' id='word_1_239' title='bbox 78 3260 167 3335; x_wconf 76' lang='lat' dir='ltr'><strong>atque</strong></span> <span class='ocrx_word' id='word_1_240' title='bbox 188 3248 368 3336; x_wconf 85' lang='lat' dir='ltr'><strong>integritate</strong></span> <span class='ocrx_word' id='word_1_241' title='bbox 390 3251 633 3335; x_wconf 89' lang='lat' dir='ltr'><strong>composuisset,</strong></span> <span class='ocrx_word' id='word_1_242' title='bbox 659 3259 695 3315; x_wconf 87' lang='lat' dir='ltr'><strong>ut</strong></span> <span class='ocrx_word' id='word_1_243' title='bbox 715 3272 780 3315; x_wconf 92' lang='lat' dir='ltr'><strong>non</strong></span> <span class='ocrx_word' id='word_1_244' title='bbox 800 3248 896 3314; x_wconf 90' lang='lat' dir='ltr'><strong>modo</strong></span> <span class='ocrx_word' id='word_1_245' title='bbox 923 3270 1014 3313; x_wconf 88' lang='lat' dir='ltr'><strong>suam</strong></span> <span class='ocrx_word' id='word_1_246' title='bbox 1036 3247 1106 3334; x_wconf 87' lang='lat' dir='ltr'><strong>glo-</strong></span> 
     </span>
     <span class='ocr_line' id='line_1_33' title="bbox 78 3340 1106 3431; baseline -0.002 -22"><span class='ocrx_word' id='word_1_247' title='bbox 78 3342 165 3422; x_wconf 81' lang='lat' dir='ltr'><strong>iam,</strong></span> <span class='ocrx_word' id='word_1_248' title='bbox 202 3343 260 3408; x_wconf 91' lang='lat' dir='ltr'><strong>sed</strong></span> <span class='ocrx_word' id='word_1_249' title='bbox 294 3343 389 3409; x_wconf 87' lang='lat' dir='ltr'><strong>etiam</strong></span> <span class='ocrx_word' id='word_1_250' title='bbox 423 3343 619 3410; x_wconf 87' lang='lat' dir='ltr'><strong>maiestatem</strong></span> <span class='ocrx_word' id='word_1_251' title='bbox 653 3343 762 3431; x_wconf 92' lang='lat' dir='ltr'><strong>populi</strong></span> <span class='ocrx_word' id='word_1_252' title='bbox 795 3340 933 3409; x_wconf 87' lang='lat' dir='ltr'><strong>Romani</strong></span> <span class='ocrx_word' id='word_1_253' title='bbox 966 3350 1106 3428; x_wconf 81' lang='lat' dir='ltr'><strong>augeret,</strong></span> 
     </span>
     <span class='ocr_line' id='line_1_34' title="bbox 78 3434 1106 3525; baseline -0.005 -20"><span class='ocrx_word' id='word_1_254' title='bbox 78 3446 256 3505; x_wconf 75' lang='lat' dir='ltr'><strong>&gt;rnamenta</strong></span> <span class='ocrx_word' id='word_1_255' title='bbox 277 3437 379 3517; x_wconf 90' lang='lat' dir='ltr'><strong>urbis,</strong></span> <span class='ocrx_word' id='word_1_256' title='bbox 416 3437 508 3525; x_wconf 87' lang='lat' dir='ltr'><strong>signa</strong></span> <span class='ocrx_word' id='word_1_257' title='bbox 534 3437 734 3522; x_wconf 89' lang='lat' dir='ltr'><strong>tabulasque,</strong></span> <span class='ocrx_word' id='word_1_258' title='bbox 762 3436 877 3522; x_wconf 91' lang='lat' dir='ltr'><strong>quibus</strong></span> <span class='ocrx_word' id='word_1_259' title='bbox 903 3434 1106 3503; x_wconf 85' lang='lat' dir='ltr'><strong>abundabant</strong></span> 
     </span>
     <span class='ocr_line' id='line_1_35' title="bbox 78 3529 1142 3620; baseline 0 -21"><span class='ocrx_word' id='word_1_260' title='bbox 78 3529 267 3620; x_wconf 67' lang='lat' dir='ltr'><strong>Syracusae,</strong></span> <span class='ocrx_word' id='word_1_261' title='bbox 293 3533 429 3599; x_wconf 85' lang='lat' dir='ltr'><strong>Romam</strong></span> <span class='ocrx_word' id='word_1_262' title='bbox 455 3532 595 3611; x_wconf 85' lang='lat' dir='ltr'><strong>devexit,</strong></span> <span class='ocrx_word' id='word_1_263' title='bbox 621 3531 760 3598; x_wconf 87' lang='lat' dir='ltr'><strong>hostium</strong></span> <span class='ocrx_word' id='word_1_264' title='bbox 781 3531 908 3616; x_wconf 92' lang='lat' dir='ltr'><strong>quidem</strong></span> <span class='ocrx_word' id='word_1_265' title='bbox 929 3529 984 3596; x_wconf 90' lang='lat' dir='ltr'><strong>illa</strong></span> <span class='ocrx_word' id='word_1_266' title='bbox 1006 3530 1142 3617; x_wconf 66' lang='lat' dir='ltr'><strong>spolias</strong></span> 
     </span>
     <span class='ocr_line' id='line_1_36' title="bbox 78 3623 1107 3714; baseline -0.003 -22"><span class='ocrx_word' id='word_1_267' title='bbox 78 3635 105 3692; x_wconf 77' lang='lat' dir='ltr'><strong>et</strong></span> <span class='ocrx_word' id='word_1_268' title='bbox 120 3636 212 3713; x_wconf 81' lang='lat' dir='ltr'><strong>perta</strong></span> <span class='ocrx_word' id='word_1_269' title='bbox 229 3625 303 3692; x_wconf 91' lang='lat' dir='ltr'><strong>belli</strong></span> <span class='ocrx_word' id='word_1_270' title='bbox 320 3627 400 3706; x_wconf 83' lang='lat' dir='ltr'><strong>iure3</strong></span> <span class='ocrx_word' id='word_1_271' title='bbox 428 3635 567 3694; x_wconf 88' lang='lat' dir='ltr'><strong>ceterum</strong></span> <span class='ocrx_word' id='word_1_272' title='bbox 583 3626 657 3693; x_wconf 92' lang='lat' dir='ltr'><strong>inde</strong></span> <span class='ocrx_word' id='word_1_273' title='bbox 674 3626 811 3714; x_wconf 91' lang='lat' dir='ltr'><strong>primum</strong></span> <span class='ocrx_word' id='word_1_274' title='bbox 832 3624 956 3691; x_wconf 89' lang='lat' dir='ltr'><strong>initium</strong></span> <span class='ocrx_word' id='word_1_275' title='bbox 973 3623 1107 3690; x_wconf 90' lang='lat' dir='ltr'><strong>mirandi</strong></span> 
     </span>
     <span class='ocr_line' id='line_1_37' title="bbox 78 3717 1107 3809; baseline -0.004 -21"><span class='ocrx_word' id='word_1_276' title='bbox 78 3717 269 3788; x_wconf 67' lang='lat' dir='ltr'><strong>“neccarum</strong></span> <span class='ocrx_word' id='word_1_277' title='bbox 303 3721 416 3787; x_wconf 87' lang='lat' dir='ltr'><strong>artium</strong></span> <span class='ocrx_word' id='word_1_278' title='bbox 445 3743 542 3809; x_wconf 84' lang='lat' dir='ltr'><strong>opera</strong></span> <span class='ocrx_word' id='word_1_279' title='bbox 571 3722 777 3806; x_wconf 87' lang='lat' dir='ltr'><strong>licentiaeque</strong></span> <span class='ocrx_word' id='word_1_280' title='bbox 806 3719 880 3787; x_wconf 89' lang='lat' dir='ltr'><strong>huic</strong></span> <span class='ocrx_word' id='word_1_281' title='bbox 911 3740 1001 3786; x_wconf 87' lang='lat' dir='ltr'><strong>sacra</strong></span> <span class='ocrx_word' id='word_1_282' title='bbox 1033 3739 1107 3804; x_wconf 88' lang='lat' dir='ltr'><strong>pro-</strong></span> 
     </span>
     <span class='ocr_line' id='line_1_38' title="bbox 78 3814 1106 3903; baseline -0.002 -21"><span class='ocrx_word' id='word_1_283' title='bbox 78 3814 212 3900; x_wconf 79' lang='lat' dir='ltr'><strong>lanaque</strong></span> <span class='ocrx_word' id='word_1_284' title='bbox 228 3815 334 3882; x_wconf 88' lang='lat' dir='ltr'><strong>omnia</strong></span> <span class='ocrx_word' id='word_1_285' title='bbox 349 3814 447 3903; x_wconf 86' lang='lat' dir='ltr'><strong>vulgo</strong></span> <span class='ocrx_word' id='word_1_286' title='bbox 465 3816 619 3903; x_wconf 87' lang='lat' dir='ltr'><strong>spoliandi</strong></span> <span class='ocrx_word' id='word_1_287' title='bbox 637 3816 757 3883; x_wconf 83' lang='lat' dir='ltr'><strong>sactum</strong></span> <span class='ocrx_word' id='word_1_288' title='bbox 774 3824 832 3896; x_wconf 90' lang='lat' dir='ltr'><strong>est,</strong></span> <span class='ocrx_word' id='word_1_289' title='bbox 851 3836 933 3901; x_wconf 85' lang='lat' dir='ltr'><strong>quae</strong></span> <span class='ocrx_word' id='word_1_290' title='bbox 945 3820 1106 3902; x_wconf 89' lang='lat' dir='ltr'><strong>postremo</strong></span> 
     </span>
     <span class='ocr_line' id='line_1_39' title="bbox 78 3907 1106 3999; baseline -0.003 -22"><span class='ocrx_word' id='word_1_291' title='bbox 78 3934 103 3977; x_wconf 91' lang='lat' dir='ltr'><strong>n</strong></span> <span class='ocrx_word' id='word_1_292' title='bbox 127 3910 294 3977; x_wconf 85' lang='lat' dir='ltr'><strong>Romanos</strong></span> <span class='ocrx_word' id='word_1_293' title='bbox 323 3909 419 3989; x_wconf 90' lang='lat' dir='ltr'><strong>deos,</strong></span> <span class='ocrx_word' id='word_1_294' title='bbox 455 3911 606 3997; x_wconf 90' lang='lat' dir='ltr'><strong>templum</strong></span> <span class='ocrx_word' id='word_1_295' title='bbox 635 3910 799 3999; x_wconf 87' lang='lat' dir='ltr'><strong>idipsum</strong></span> <span class='ocrx_word' id='word_1_296' title='bbox 827 3910 984 3997; x_wconf 91' lang='lat' dir='ltr'><strong>primum,</strong></span> <span class='ocrx_word' id='word_1_297' title='bbox 1018 3907 1106 3996; x_wconf 88' lang='lat' dir='ltr'><strong>quod</strong></span> 
     </span>
    </p>
   </div>
   <div class='ocr_carea' id='block_1_3' title="bbox 0 0 1268 4530">
    <p class='ocr_par' dir='ltr' id='par_1_6' title="bbox 0 0 1268 4530">
     <span class='ocr_line' id='line_1_40' title="bbox 0 0 1268 4530; baseline 0 1"><span class='ocrx_word' id='word_1_298' title='bbox 0 0 1268 4530; x_wconf 95' lang='lat' dir='ltr'><strong> </strong></span> 
     </span>
    </p>
   </div>
  </div>
 </body>
</html>
