2528 4514
300 223 417 278 nmen
434 220 554 292 xxm,
565 222 590 278 5.
604 222 629 277 o.
649 225 688 291 [a.
699 221 728 276 o
739 221 802 290 211]
1001 211 1064 275 271

91 379 235 466 npissent
264 379 298 443 in
328 387 430 444 castra
458 378 650 463 inrupturos,
686 387 741 442 aut
770 377 980 444 conficiendos
1007 379 1067 446 sub

91 475 121 539 lo
140 495 224 538 esse.
268 494 326 538 nec
343 473 451 558 tegni
472 472 649 537 certaminis
669 493 736 536 rem
754 470 834 536 sore:
861 494 978 557 pancos
994 495 1067 542 esse
1087 493 1119 540 14

91 566 127 632 ab
147 566 216 632 suis
233 565 433 643 interclusos,
460 574 491 630 et
512 587 591 648 quae
613 565 689 629 dum
705 573 819 651 paveat
835 564 998 633 Romanum
1019 567 1067 634 in·

91 669 181 746 rupta
202 659 286 729 acies
308 659 463 737 videatur,
490 681 573 736 eam
601 658 629 724 si
649 681 684 723 se
705 658 860 742 utrimque
885 659 920 724 in
943 659 1068 727 hostem

91 765 153 832 tat,
191 753 318 838 ancipiti
339 775 447 839 pugna
472 752 591 817 medios
615 751 914 837 oircumrentnramy
943 751 1066 821 Navius
1086 773 1118 822 15

91 906 92 911 ,
109 847 191 912 haec
208 846 403 932 imperatoris
420 846 505 910 dicta
520 846 653 930 accepit,
672 847 802 911 secundi
813 845 929 912 hastati
941 846 1067 933 signum

91 952 223 1026 emptum
241 939 391 1026 signifero
412 940 444 1004 in
465 939 565 1004 hostis
587 939 693 1016 infert,
718 939 873 1004 iacturum
889 939 923 1005 in
944 940 1065 1007 medios

91 1079 93 1095 .
111 1034 276 1111 minitans,
302 1034 335 1098 ni
357 1055 391 1098 se
412 1055 543 1118 propere
566 1041 736 1116 sequantur
756 1031 871 1098 milites
893 1043 924 1097 et
944 1043 1066 1118 purtem

91 1137 207 1213 ¹>essunt
228 1149 362 1213 pugnae.
405 1127 517 1212 ingens
540 1147 652 1212 corpus
674 1134 741 1190 erat
761 1135 793 1190 et
813 1148 901 1190 arma
921 1125 1118 1195 honesta-16

91 1231 118 1286 nt
131 1231 166 1286 et
183 1219 341 1285 sublatum
359 1220 420 1285 alte
442 1220 567 1306 signum
585 1228 779 1284 converterat
796 1219 837 1284 ad
852 1219 1067 1304 spectaculum

91 1337 124 1379 es
151 1313 329 1397 hostesque.
374 1324 512 1379 umerum
537 1322 704 1398 postquam
724 1312 788 1378 iam
814 1313 856 1378 sd
880 1312 973 1398 signa
996 1333 1117 1398 per-17

91 1417 168 1473 reret
185 1407 414 1492 Hispanorum,
441 1416 508 1471 tum
529 1407 667 1491 undique
687 1407 722 1471 in
744 1428 817 1471 eum
833 1406 975 1492 tragulae
992 1428 1070 1474 cnu-

91 1511 137 1567 tae
157 1511 188 1565 et
205 1523 302 1586 prope
319 1511 384 1565 tota
399 1501 432 1565 in
450 1523 547 1564 unum
565 1500 649 1565 acies
666 1522 772 1578 νοτυς
792 1500 850 1565 sed
866 1521 968 1583 neque
986 1498 1067 1567 mul-

91 1595 139 1658 tdo
167 1593 303 1658 hostium
329 1615 430 1678 neque
456 1593 589 1658 telorum
613 1593 662 1659 vis
688 1615 794 1663 arcum
819 1593 972 1679 impetum
997 1591 1064 1659 eius

91 1689 294 1773 ipotuerunt.

101 1780 163 1845 VI.
207 1780 251 1845 Et
268 1780 316 1844 M.
334 1779 451 1845 Atilius
473 1780 597 1868 legatus
617 1780 710 1866 primi
730 1780 880 1866 principis
896 1802 938 1846 ex
955 1779 1065 1845 eadem
1084 1801 1097 1849 1

91 1874 163 1939 ione
190 1874 314 1960 signum
339 1873 446 1939 inferri
471 1873 505 1938 in
529 1873 689 1939 cohortem
710 1873 927 1960 Hispanorum
953 1873 1064 1959 coegit,

91 1967 143 2051 qui
160 1968 271 2032 castris
288 1976 451 2052 praeerant
468 1967 509 2032 L.
524 1966 655 2034 Porcius
669 1967 802 2033 Licinus
821 1977 852 2033 et
870 1967 908 2033 Τ.
922 1966 1065 2053 Popilius

91 2060 136 2126 ati
157 2083 215 2147 pro
236 2061 318 2126 vallo
341 2061 452 2125 acriter
476 2070 675 2147 propugnant
701 2061 944 2146 elephantosque
965 2070 1067 2125 trans-

91 2155 218 2221 dientes
244 2156 277 2219 in
301 2156 371 2241 ipso
398 2155 480 2220 vallo
507 2155 690 2220 conficiunt..
726 2177 861 2238 quorum
882 2154 1099 2239 corporibuse

91 2273 111 2314 n
133 2249 260 2336 oppleta
282 2249 369 2314 fossa
391 2259 487 2326 esset,
513 2248 599 2313 velut
621 2270 736 2334 aggere
758 2257 813 2314 aut
832 2258 927 2332 ponte
951 2247 1064 2313 iniecto

91 2346 204 2409 nsitnm
221 2344 365 2408 hostibus
382 2344 477 2408 dedit.
521 2342 565 2408 ibi
586 2365 643 2428 per
661 2351 798 2428 stragem
819 2341 986 2405 iacentium
1003 2341 1066 2405 ele-

91 2447 227 2503 mtorum
246 2448 335 2502 atrox
352 2438 435 2502 edita
453 2437 574 2502 caedes.
619 2435 716 2501 altera
732 2435 765 2498 in
781 2443 870 2519 parte
892 2443 1065 2501 castrorum
1083 2452 1100 2499 a

91 2555 100 2596 ι
127 2532 244 2618 inpulsi
275 2541 361 2596 erant
389 2529 544 2615 Campani
568 2528 787 2612 Punicumque
817 2526 1008 2612 praesidium
1033 2536 1065 2591 et
1193 2519 1196 2524 ’

91 2649 98 2690 t
119 2626 192 2711 ipsa
212 2636 303 2710 porta
321 2624 464 2710 Capuae,
492 2646 572 2706 quae
590 2621 781 2688 Vultmnnm
803 2620 877 2698 sert,
903 2618 1066 2706 pugnaba-

91 2743 105 2796 ·,
133 2741 236 2802 neque
262 2730 327 2784 tam
353 2718 463 2783 armati
488 2715 737 2801 inrumpentibus
763 2713 914 2781 Romanis
940 2713 1099 2780 resiste-4

91 2823 130 2891 rt,
148 2835 244 2897 quam
262 2811 352 2897 (quo)
370 2822 460 2898 porta
477 2810 609 2877 ballistis
623 2809 901 2896 scorpionibusque
913 2808 1065 2875 instructa

91 2907 212 2973 ssilibus
234 2907 341 2992 procul
362 2906 462 2972 hostis
488 2904 623 2970 arcebat
666 2915 698 2970 et
720 2904 893 2990 suppressit
913 2903 1064 2989 impetum
1083 2922 1099 2970 5

91 3023 253 3065 manorum
280 3000 393 3065 vulnus
420 2998 614 3084 imperatoris
641 2997 729 3084 Appi
755 2996 884 3075 Claudi,
913 2998 964 3062 cui
990 3019 1064 3062 suos

92 3095 235 3179 eprima
262 3095 352 3180 signa
374 3092 550 3158 adhortanti
577 3091 636 3158 sub
656 3091 747 3157 laevo
774 3113 882 3157 umero
908 3111 1065 3154 summum

91 3197 149 3252 itus
172 3209 269 3273 gaeso
291 3188 387 3251 ictum
409 3197 466 3251 est.
509 3208 625 3271 magna
646 3185 695 3250 vis
717 3195 822 3249 tamen
838 3182 975 3248 hostium
992 3189 1064 3244 ante

91 3290 161 3345 tam
188 3291 236 3345 est
261 3303 368 3358 caesa,
395 3280 489 3345 ceteri
514 3279 627 3364 trepidi
651 3278 685 3342 in
705 3277 815 3342 urbem
839 3273 990 3359 conpulsi.
1034 3281 1100 3341 ete

91 3374 216 3451 unibal‚
243 3386 408 3459 postquam
431 3374 566 3439 cohortis
588 3373 802 3456 Hispanorum
825 3378 962 3456 stragem
987 3367 1065 3433 vidit

91 3491 227 3552 nmaque
253 3470 285 3532 vi
311 3480 413 3533 castra
437 3467 575 3532 hostium
597 3465 738 3542 defendi,
765 3463 882 3528 omissa
903 3483 1065 3548 oppugna·
1150 3523 1154 3531 .

91 3585 122 3627 re
140 3563 279 3647 recipere
298 3563 388 3648 signa
405 3573 436 3626 et
453 3569 633 3626 convertere
650 3581 765 3646 agmen
781 3557 920 3642 peditum
942 3555 1064 3621 obiecto

101 3666 192 3741 tergo
215 3656 367 3738 equitatu,
394 3677 434 3719 ne
455 3653 554 3720 hostis
576 3653 719 3728 instaret,
751 3650 861 3736 coepit.
904 3648 1063 3735 legionum
1083 3668 1098 3712 u

91 3773 132 3816 or
159 3750 270 3834 ingens
292 3751 334 3814 ad
358 3749 480 3814 hostem
505 3746 732 3830 insequendum
754 3745 827 3823 fuit;
861 3744 995 3810 Flaccus
1016 3761 1065 3807 re-

91 3843 144 3908 ›tui
164 3843 233 3906 cani
250 3843 355 3920 iussit,
379 3844 453 3909 satis
471 3842 513 3907 ad
530 3850 695 3924 utmmque
712 3839 887 3924 profectum
903 3845 1002 3911 ratus,
1029 3844 1064 3900 ut

91 3937 249 4022 Campani
272 3958 367 4020 quam
393 3937 477 4001 haud
503 3934 635 3999 multum
660 3933 692 3998 in
714 3931 892 3999 Hannibale
917 3928 1064 4015 praesidii
