2528 4530
204 232 268 299 486
462 238 579 295 arana
597 236 697 307 xxx,
715 234 740 288 e.
753 235 779 289 4.
799 238 837 303 [a.
847 251 875 288 u.
886 251 910 289 e.
920 232 985 303 551]

267 401 356 466 Inter
378 399 518 464 haecne
542 393 701 483 Syphacis
725 391 854 476 quidem
879 390 1108 457 reconciliandi
1132 413 1219 460 ouran

204 521 245 562 ex
263 495 368 560 animo
385 491 529 567 miserat,
554 489 582 553 si
598 489 680 555 forte
697 487 762 551 iam
780 484 877 552 satias
896 484 1015 551 amoris
1032 484 1067 551 in
1084 509 1176 552 uxore
1190 510 1218 554 er

170 614 187 660 e
204 591 305 656 multa
322 587 414 676 copia
432 584 579 672 cepisset
616 584 656 647 ab
677 581 826 669 Syphace
843 580 947 666 magis
965 580 1055 666 pacis
1074 602 1144 646 curn
1157 579 1216 648 Car·

205 680 458 769 thaginiensibus
473 676 684 754 condiciones,
698 687 734 740 ut
743 672 881 740 Romani
889 674 1019 753 Africa,
1032 674 1134 740 Poeni
1145 675 1215 741 Italia

205 776 409 852 excederent,
428 795 538 858 quam,
557 771 585 835 si
603 770 786 846 bellaretur,
806 790 880 855 spes
898 767 964 832 ulla
978 768 1166 834 desciturum
1177 769 1215 834 nd

173 871 374 942 sistebatur.
419 867 499 932 haec
520 888 578 952 per
600 863 727 930 nuntios
751 873 823 928 acta
844 863 947 949 magis
971 863 1119 948 equidem
1138 863 1214 928 credi·

207 964 307 1030 derim
325 972 401 1028 —et
422 961 468 1026 ita
488 984 563 1048 pars
591 959 691 1025 maior
713 968 857 1025 auctores
881 969 957 1023 sunt
973 995 1001 1005 -
1018 979 1114 1043 quam
1134 959 1214 1046 ipsum

209 1059 406 1146 Syphacem,
423 1068 461 1121 ut
477 1055 594 1120 Antias
611 1053 761 1123 Valerius
778 1053 898 1141 prodit,
921 1053 955 1119 in
973 1065 1080 1119 eastra
1095 1055 1214 1120 Romana

174 1178 187 1225 r
208 1155 249 1220 ad
267 1151 469 1237 conloquium
486 1150 624 1216 venisse.
660 1150 762 1237 primo
781 1172 836 1215 eas
849 1149 1053 1216 condiciones
1072 1151 1214 1237 imperator

205 1250 370 1316 Romanus
388 1246 443 1312 vix
461 1245 589 1310 auribus
604 1244 746 1323 admisit3
763 1255 890 1331 postea,
908 1255 943 1309 ut
958 1265 1057 1310 eausa
1069 1243 1214 1331 probabilis

208 1343 274 1408 suis
297 1339 496 1408 commeandi
518 1339 601 1404 foret
621 1338 656 1403 in
678 1349 782 1405 castra
804 1338 957 1418 bostium,
985 1339 1112 1405 mollius
1128 1338 1214 1404 eadem

207 1437 262 1501 illa
280 1437 417 1500 abnuere
436 1455 474 1498 ac
492 1455 582 1519 spem
599 1433 704 1499 facere
723 1433 850 1520 saepius
867 1433 950 1499 ultro
964 1433 1105 1517 citroque
1119 1433 1214 1520 agitrn

209 1531 293 1595 tibus
311 1551 380 1593 rem
397 1537 635 1593 conventuram.
1053 1533 1059 1545 '

174 1643 190 1692 s
272 1621 491 1688 Hibemacula
518 1619 844 1709 Carthaginiensium,
877 1630 1031 1708 congesta
1057 1631 1167 1687 temere
1186 1641 1214 1685 ex

175 1739 190 1786 e
209 1717 294 1806 egris
312 1717 445 1782 materia
462 1717 683 1796 exaedificata,
705 1716 812 1803 lignea
829 1717 928 1782 ferme
947 1726 1014 1782 tota
1032 1727 1131 1782 erant
1165 1713 1214 1779 Nu·

207 1812 313 1878 midae
329 1811 499 1898 praecipue
517 1811 693 1876 harundine
711 1811 806 1876 textis
825 1821 993 1895 storeaque
1009 1833 1086 1898 pars
1103 1808 1215 1874 maxine

208 1906 300 1971 tectis
322 1905 443 1995 passim
465 1904 552 1970 nullo
576 1905 700 1983 ordine,
728 1905 870 1990 quidam,
897 1916 934 1970 ut
952 1904 1021 1970 sine
1039 1903 1216 1991 imperiose

209 1999 331 2087 cupatis
353 1999 446 2078 locis,
474 2010 565 2064 extra
585 2000 708 2066 fossam
730 2001 826 2066 etiam
843 1999 1025 2084 vallumque
1047 1998 1217 2064 habitabant

158 2116 191 2163 10
208 2094 288 2159 haec
314 2092 414 2159 relata
436 2091 580 2179 Scipioni
607 2117 697 2181 spem
723 2095 864 2160 fecerant
889 2103 994 2159 castra
1021 2093 1157 2159 hostium
1176 2111 1218 2178 per

210 2188 410 2254 occasionem
428 2186 627 2254 incendendi.

176 2306 188 2351 1
273 2283 355 2352 ΗΠ.
401 2280 486 2348 Cum
502 2282 632 2370 legatis,
656 2304 735 2366 quos
753 2281 892 2348 mitte‘ret
909 2283 950 2347 ad
969 2279 1164 2369 Syphacem,
1183 2302 1222 2345 ea·

209 2380 318 2445 lonum
339 2377 409 2443 loco
431 2376 551 2464 primos
575 2377 701 2442 ordines
725 2387 885 2464 spectatae
908 2376 1033 2441 virtutis
1057 2388 1150 2461 atque
1165 2396 1223 2462 pru·

167 2494 190 2541 a
209 2472 334 2538 dentiae
362 2471 468 2538 servili
494 2471 604 2536 habitu
630 2471 789 2549 mittebat,
817 2471 885 2556 qui,
913 2471 989 2535 dum
1015 2471 1050 2535 in
1078 2469 1224 2555 conloquio

207 2567 305 2655 legati
323 2578 445 2644 essent,
464 2566 539 2652 vagi
556 2589 615 2651 per
632 2577 749 2644 castra,
773 2565 853 2630 alius
872 2565 935 2631 alia
952 2565 1059 2630 aditus
1079 2566 1226 2650 exitusque

208 2685 333 2740 omnes,
366 2662 462 2726 sitnm
488 2661 686 2744 formamque
713 2672 745 2726 et
770 2660 990 2725 universorum
1013 2671 1186 2727 castrorum
1203 2668 1227 2723 et

207 2757 358 2843 partium,
386 2778 449 2840 qua
474 2755 590 2833 Poeni,
623 2778 685 2839 qua
709 2755 867 2820 Numidae
894 2754 1065 2832 haberent,
1095 2765 1228 2841 quantun

208 2850 364 2915 intervalli
382 2850 464 2913 inter
480 2849 695 2915 Hasdrubalis
708 2871 751 2913 ac
767 2849 857 2935 regia
874 2859 979 2913 castra
1001 2862 1106 2927 esset,
1135 2868 1228 2937 specu·

175 2964 190 3010 e
208 2945 348 3008 latentur
364 2964 548 3026 moremque
568 2943 661 3008 simul
679 2953 847 3008 noscerent
861 2941 1035 3008 stationum
1050 2943 1227 3031 vigiliarum

209 3061 285 3122 que,
303 3047 397 3103 nocte
416 3061 456 3102 an
473 3037 611 3102 interdiu
629 3037 870 3124 opportuniores
883 3035 1051 3101 insidianti
1069 3048 1184 3105 essent
1205 3048 1228 3100 et

207 3134 289 3198 inter
316 3131 426 3197 crebra
454 3131 621 3216 conloquia
648 3131 700 3196 alii
727 3142 821 3215 atque
844 3131 897 3197 alii
919 3130 958 3195 de
981 3130 1158 3212 industrie,
1181 3151 1228 3215 qno

174 3227 351 3313 lpluribus
374 3226 480 3292 omnia
501 3236 578 3292 nota
600 3238 721 3304 essent,
749 3226 963 3292 mittebantur.
1019 3246 1099 3293 oum
1121 3225 1228 3315 saepius

208 3323 326 3409 agitata
352 3344 404 3387 res
432 3321 597 3386 certiorem
620 3344 709 3408 spem
736 3321 824 3407 pacis
847 3321 881 3385 in
903 3320 972 3385 dies
997 3332 1030 3386 et
1050 3319 1229 3410 Syphaciet

208 3415 527 3501 Carthaginiensibus
545 3437 602 3501 per
620 3438 693 3481 eum
711 3415 844 3493 faceret,
862 3413 960 3502 legati
968 3414 1117 3482 Romani
1133 3415 1229 3482 vetitos

209 3531 243 3575 se
265 3510 380 3574 reverti
407 3510 448 3573 ad
469 3508 692 3595 imperatorem
715 3509 803 3574 aiunt
823 3509 886 3574 nisi
908 3519 1033 3574 certum
1056 3528 1230 3599 responsum

173 3604 312 3669 edetur:
344 3603 491 3689 proinde,
521 3625 578 3667 seu
598 3602 661 3689 ipsi
684 3615 782 3669 staret
802 3604 867 3668 iam
889 3603 1066 3684 sententia,
1096 3628 1152 3672 seu
1172 3625 1231 3670 eon·

207 3698 358 3762 sulendus
368 3697 554 3762 Hasdrubal
568 3708 600 3762 et
610 3695 892 3785 Carthaginienses
907 3710 1033 3778 essent,
1053 3699 1229 3771 consuleres

206 3804 332 3879 tempus
351 3814 422 3857 esse
441 3802 496 3857 ant
512 3814 624 3877 pacem
643 3793 790 3880 componi
813 3804 866 3858 aut
884 3793 1007 3859 bellum
1023 3796 1153 3861 naviter
1167 3789 1228 3880 geri

173 3887 282 3954 edum
309 3887 481 3954 consulitur
503 3887 689 3952 Hasdrubal
716 3889 756 3954 ab
781 3885 945 3976 Syphace,
974 3891 1015 3955 ab
1041 3884 1228 3957 Hasdrubele

207 3978 503 4068 Carthaginienses,
527 3993 558 4048 et
577 3984 792 4069 speculatores
811 3983 918 4050 omnia
937 3984 1070 4053 visendi
1087 3979 1228 4069 arsapio
