2528 4530
204 262 269 328 526
471 266 590 322 LIBER
607 265 710 336 XXX,
727 264 770 319 42.
790 268 865 332 [au.
875 263 974 333 aeae]

203 453 275 497 rum
301 428 390 493 varia
415 425 514 492 oratio
540 425 613 502 fuit,
640 421 755 509 partim
780 421 1000 508 purgantium,
1028 441 1107 506 quae
1130 422 1203 506 questi

206 534 297 592 erant
313 521 403 587 missi
421 520 462 585 ad
479 541 588 605 regem
606 517 647 582 ab
664 516 769 581 Roma
790 515 888 602 legati
905 516 945 580 de
963 515 1156 601 populatione
1168 539 1203 582 se

206 620 340 695 ciorum,
367 614 482 701 partim
503 613 586 677 ultro
608 609 824 677 accusantium
845 608 975 694 quidem
996 620 1031 673 et
1052 609 1146 675 socios
1164 632 1203 697 pe

172 734 187 781 3
205 713 272 799 puli
288 708 440 785 Romani,
460 707 517 772 sed
533 705 633 770 multo
651 703 797 769 infestius
814 703 863 768 M.
878 702 1063 781 Aurelium,
1085 725 1165 788 quen
1177 727 1203 769 er

205 807 306 872 tribus
325 804 366 868 ad
384 825 419 867 se
436 800 543 866 missis
560 799 674 887 legatis
694 798 810 863 dilectu
827 797 936 863 habito
947 798 1203 864 'substitissectse

205 899 290 965 bello
316 896 484 962 lacessisse
511 905 621 959 contra
646 893 760 958 foedus
789 903 822 957 et
847 914 944 979 saepe
971 914 1046 958 cum
1071 893 1201 981 prodais

172 993 273 1062 esuis
302 991 401 1078 signis
428 990 561 1056 conlatis
582 1011 759 1077 pugnasse,
788 988 903 1074 partim
929 988 1159 1074 postulantium,
1180 999 1206 1050 ut

205 1087 403 1152 Macedones
422 1085 548 1168 duxque
567 1106 676 1148 eorum
687 1081 837 1169 Sopater,
857 1083 911 1167 qui
928 1083 1015 1169 apud
1024 1082 1207 1148 Hannibalem

206 1180 352 1245 mercede
369 1178 571 1256 militassent,
594 1187 662 1242 tum
680 1177 764 1263 eapti
781 1177 814 1240 in
831 1176 944 1242 vinclis
962 1188 1085 1255 essent,
1111 1176 1209 1242 sibire

172 1300 188 1345 o
209 1276 422 1340 stituerentur.
458 1273 611 1337 adversus
629 1293 668 1337 ea
680 1271 729 1335 M.
738 1272 870 1349 Furius,
888 1270 1069 1337 missus‘ad
1083 1270 1211 1358 idipsum

207 1371 248 1436 ab
265 1367 399 1433 Aurelio
417 1389 457 1432 ex
474 1365 680 1442 Macedonia,
708 1364 871 1443 dissonuit,
896 1365 1069 1430 Aurelium
1083 1365 1210 1439 relietum,

207 1485 248 1528 ne
268 1462 345 1528 socii
361 1462 471 1549 populi
487 1461 625 1527 Romani
647 1461 726 1526 fessi
746 1460 1005 1549 populationibus
1028 1461 1062 1526 vi
1080 1472 1166 1547 atque
1178 1461 1213 1523 in·

174 1581 189 1628 e
207 1558 289 1623 iuria
314 1558 356 1622 ad
380 1578 489 1643 regem
511 1556 695 1622 deficerent:
725 1555 841 1621 finibus
864 1556 1024 1621 sociorum
1045 1579 1108 1622 non
1127 1576 1215 1621 exces-

208 1653 303 1729 sisse,
328 1651 454 1716 dedisse
473 1673 617 1738 operam,
645 1673 686 1715 ne
702 1650 832 1737 impune
848 1649 883 1713 in
900 1672 996 1736 agros
1014 1672 1121 1716 eorum
1134 1671 1217 1736 popu

207 1745 324 1810 latores
346 1746 614 1810 transcenderent
661 1742 833 1831 Sopatrum
853 1766 895 1809 ex
915 1744 1098 1830 purpuratis
1117 1754 1146 1808 et
1157 1765 1219 1828 pre

207 1840 334 1926 pinquis
352 1840 437 1927 regis
452 1863 523 1906 esse
528 1865 538 1918 ;
557 1863 629 1906 eum
643 1861 715 1905 oum
728 1849 875 1924 quattuor
887 1839 1017 1904 milibus
1028 1838 1220 1904 Macedonum

209 1946 242 1999 et
262 1935 397 2020 pecunia
417 1935 552 1999 missum
574 1957 675 2020 nuper
698 1935 732 1999 in
754 1934 900 1999 Africam
922 1956 995 1999 csse
1013 1932 1181 1999 Hannibali
1197 1944 1221 1996 et

176 2049 189 2094 7
211 2025 529 2113 Carthaginiensibus
552 2029 679 2095 auxilio.
726 2029 766 2093 de
783 2028 833 2093 his
850 2029 946 2094 rebus
964 2027 1149 2115 interrogati
1163 2027 1221 2091 Ma-

209 2122 345 2188 cedones
365 2144 437 2187 eum
454 2123 604 2210 perplexe
621 2124 863 2210 responderent,
890 2145 994 2208 neque
1018 2123 1081 2211 ipsi
1099 2122 1170 2187 mite
1184 2143 1221 2185 re-

210 2240 363 2305 sponsum
381 2217 533 2282 tulerunt:
563 2217 682 2282 bellum
700 2239 849 2301 quaerere
871 2240 981 2304 regem
999 2228 1047 2295 et,
1074 2218 1102 2283 si
1119 2226 1221 2304 perget,

174 2333 189 2380 8
208 2311 393 2398 propediem
410 2312 622 2377 inventurum.
659 2312 824 2399 dupliciter
842 2312 934 2377 abeo
950 2311 1066 2377 foedus
1081 2312 1222 2384 violatum,

209 2417 240 2471 et
258 2407 342 2489 quod
361 2405 455 2471 sociis
474 2405 583 2491 populi
600 2405 737 2472 Romani
753 2405 883 2469 iniurias
901 2405 1015 2470 fecerit
1036 2427 1075 2471 ac
1092 2406 1173 2471 bello
1187 2427 1223 2468 ar-

208 2501 332 2584 misque
358 2500 567 2578 lacessiverit,
603 2511 635 2564 et
661 2500 746 2584 quod
772 2500 872 2564 hostis
902 2499 1028 2565 auxiliis
1055 2512 1091 2565 et
1112 2499 1224 2588 pecnnia
1258 2504 1260 2571 j

175 2615 189 2660 9
208 2594 330 2660 iuverit.
367 2606 399 2659 et
411 2594 450 2659 P.
463 2591 645 2680 Scipionem
662 2605 748 2659 reete
767 2605 860 2677 atque
878 2594 987 2659 ordine
1006 2595 1128 2661 fecisse
1144 2591 1222 2660 rideri

209 2700 241 2754 et
258 2690 377 2768 facere,
396 2690 481 2773 quod
499 2712 568 2767 eos,
588 2689 642 2772 qui
660 2712 748 2754 arma
767 2700 877 2755 contra
893 2687 1049 2775 populum
1061 2690 1225 2756 Romanum
1258 2748 1260 2761 ,

209 2784 347 2848 ferentes
374 2784 458 2869 capti
481 2784 557 2861 sint,
595 2783 735 2849 hostium
760 2805 892 2849 numero
921 2783 956 2847 iri
977 2783 1097 2850 vinclis
1119 2786 1224 2856 habeat.
1258 2784 1260 2839 ἶ

159 2896 190 2942 10
209 2888 241 2941 et
257 2877 307 2940 M.
319 2877 487 2941 Aurelium
505 2900 522 2942 e
540 2901 574 2943 re
592 2878 719 2964 publica
736 2878 840 2943 facere
858 2887 1050 2964 gratumque
1070 2879 1107 2944 id
1124 2875 1225 2946 senaui
1257 2878 1260 2897 ¹

209 2991 294 3046 esse,
322 2970 408 3051 quod
429 2971 532 3036 socios
555 2972 666 3059 populi
682 2972 833 3050 Romani,
861 2971 989 3055 quando
1012 2972 1086 3038 iure
1109 2970 1225 3040 foederis

208 3085 272 3128 non
290 3064 406 3149 possit,
427 3065 522 3129 armis
539 3077 676 3131 tueatur.

158 3178 187 3224 11
273 3156 357 3222 Cum
381 3158 442 3224 hoc
468 3169 533 3223 tam
559 3160 640 3225 tristi
666 3182 820 3246 responso
843 3159 984 3225 dimissis
1007 3160 1220 3228 Macedonibus

207 3252 304 3339 legati
323 3249 605 3339 Carthaginienses
624 3255 742 3333 vocati3
770 3276 904 3339 quorum
927 3255 1094 3322 aetatibus
1113 3254 1224 3344 dignior

208 3346 354 3429 tibusque
382 3348 560 3433 conspectis
577 3385 604 3394 -
620 3372 695 3414 nam
716 3348 814 3436 longe
833 3347 926 3434 primi
949 3347 1093 3416 civitatis
1116 3360 1224 3416 erant-

157 3461 188 3507 12
208 3452 275 3505 tum
301 3465 358 3528 pro
386 3465 420 3507 se
443 3442 575 3525 quisque
603 3443 707 3509 dicere
734 3466 807 3509 vere
831 3444 871 3509 de
891 3465 972 3529 pace
1000 3445 1068 3531 agi.
1113 3441 1225 3531 insigne

207 3546 313 3601 tamen
331 3535 412 3601 inter
430 3547 551 3602 ceteros
569 3538 756 3604 Hasdrubal
774 3547 842 3602 erat
857 3574 883 3584 -
899 3536 1058 3603 Haedum
1075 3540 1226 3628 populare·

208 3630 396 3717 cognomine
418 3631 621 3718 appellabant
637 3669 664 3680 -
680 3633 768 3720 pacis
792 3654 917 3718 semper
939 3644 1054 3699 auctor
1079 3636 1228 3700 adversus

158 3744 189 3791 13
207 3746 268 3808 que
295 3725 424 3791 factioni
441 3726 608 3792 Barcinae.
652 3751 691 3794 eo
714 3740 780 3793 tum
802 3728 875 3814 plus
896 3727 944 3791 illi
966 3730 1166 3796 auctoritatis
1180 3725 1226 3792 luit

206 3819 281 3884 belli
299 3820 424 3906 eulpam
442 3821 475 3885 in
488 3843 661 3907 paucorum
675 3822 879 3908 cupiditatem
893 3822 934 3887 ab
947 3845 983 3888 re
997 3825 1132 3910 publiea
1143 3836 1226 3889 nana
1257 3854 1260 3911 5

156 3912 329 3978 referenti.
375 3915 429 3998 qui
455 3937 528 3980 cum
554 3917 642 3980 varia
667 3917 808 3982 oratione
833 3937 912 3980 usus
944 3928 1035 3982 esset
1061 3941 1147 3984 nunc
1168 3936 1226 4003 pur-

207 4007 312 4089 gando
341 4008 486 4086 crimina,
512 4030 597 4073 nune
624 4010 780 4093 quaedam
805 4009 951 4088 fatendo,
979 4034 1023 4077 ne
1044 4012 1226 4100 impudenter
