2566 4538
180 209 225 275 46
422 221 542 276 umus
559 219 645 300 xxi,
663 218 707 274 ss
720 217 766 274 55.
784 213 971 286 [essese]

177 393 338 468 postremo
361 375 470 446 omnes
493 379 600 465 copias
623 377 665 442 sd
686 376 879 442 destinatum
899 376 964 441 iam
986 383 1065 440 ante
1089 397 1127 441 co

146 476 291 544 tavidus
314 473 494 540 certaminis
518 472 635 538 eduxit.
672 480 738 536 erat
764 471 845 536 forte
870 469 1003 536 brumae
1030 480 1127 556 temp]

176 569 291 637 nivalis
310 568 377 634 dies
394 567 429 632 in
444 566 523 633 locis
536 564 675 651 Alpibus
689 562 923 650 Apenninoque
936 564 1127 643 interiectis,

145 664 354 750 spinquitato
380 661 474 727 etiam
499 661 665 726 fluminum
691 681 729 725 ac
749 659 914 745 paludium
935 658 1127 747 praegelidis

177 760 238 825 hoo
254 758 368 844 raptim
386 757 508 822 eductis
526 754 706 822 hominibus
724 764 819 838 atque
832 754 936 838 equis,
954 777 1021 820 non
1036 764 1127 841 capto

178 852 263 931 cibo,
291 874 357 918 nou
381 873 442 938 ope
468 851 532 915 ulla
558 850 599 915 ad
625 849 795 914 arcendum
820 848 923 935 frigus
948 848 1109 928 adhibita,

179 946 290 1012 caloris
308 946 418 1024 inerat,
438 956 471 1010 et
483 943 636 1028 quidquid
649 965 743 1009 aurae
756 942 895 1008 fluminis
908 943 1127 1031 adpropinqua

144 1061 160 1109 s
178 1040 316 1106 adflabat
338 1040 438 1106 acrior
460 1038 587 1127 frigoris
605 1038 664 1104 vis.
700 1048 736 1102 ut
752 1059 827 1104 vero
844 1037 1041 1125 refugientes
1060 1037 1127 1104 Nur

177 1136 379 1220 insequentes
394 1157 509 1218 aquam
523 1132 659 1219 ingressi
673 1143 782 1198 sunt·
791 1145 822 1197 et
834 1142 901 1198 erat
913 1131 1097 1218 pectoribus
1111 1144 1127 1199 t

179 1241 272 1295 aucta
285 1238 439 1295 nocturno
452 1226 581 1293 imbri·
590 1238 657 1292 tum
671 1226 779 1312 utique
793 1227 930 1314 egressis
947 1228 1052 1315 rigere
1069 1250 1127 1294 our

178 1347 324 1412 corpora,
342 1323 447 1390 utrix
460 1345 618 1389 armorum
633 1322 838 1387 tenendorum
850 1322 993 1407 potentia
1007 1335 1109 1403 esset,

179 1420 245 1485 mul
259 1418 445 1484 lassitudine
460 1428 490 1484 et
502 1417 692 1504 procedente
704 1417 768 1482 iam
786 1417 837 1482 die
854 1417 939 1482 fame
957 1418 1054 1484 etiam
1072 1419 1127 1484 dei

146 1533 159 1579 1
242 1512 318 1579 LV.
361 1511 552 1578 Hannibalis
574 1512 700 1578 interim
721 1510 812 1577 miles
834 1511 963 1599 ignibus
985 1522 1060 1580 ante
1082 1523 1127 1578 ter

178 1607 422 1693 factis-oleoque
439 1628 497 1694 per
513 1605 705 1692 manipulos,
725 1616 760 1671 ut
772 1604 929 1672 mollirent
945 1618 1048 1687 artus,
1067 1608 1127 1674 mis

180 1702 252 1770 cibo
268 1724 326 1790 per
343 1702 442 1767 otium
460 1713 567 1788 capto,
586 1700 642 1765 ubi
654 1690 869 1789 transgressos
883 1701 1002 1768 flumen
1014 1702 1117 1770 hostis

62 1799 64 1803 ’
179 1798 292 1862 tiatum
310 1804 372 1873 est,
396 1795 500 1861 alacer
517 1793 630 1861 animis
649 1794 895 1881 corporibusque
912 1820 1001 1862 arma
1018 1798 1127 1883 capita

146 1916 160 1963 2
180 1891 213 1956 in
230 1889 330 1955 aciem
342 1889 493 1974 procedit.
529 1889 672 1956 Baliares
690 1889 773 1955 locat
791 1900 863 1954 ante
882 1891 974 1978 signa
990 1890 1096 1958 levem
1113 1914 1127 1956 a

179 1996 282 2049 turam
300 1993 371 2050 octo
389 1983 487 2049 ferme
509 1984 596 2049 milia
617 1984 796 2062 hominum,
824 1984 897 2049 dein
917 1986 1098 2072 graviorem
1117 2009 1127 2050 a

52 2130 54 2134 ,
134 2126 137 2131 .
178 2077 331 2165 peditem,
358 2079 445 2162 quod
469 2079 598 2157 virium,
630 2079 716 2163 quod
740 2078 862 2145 roboris
889 2091 965 2145 erat.
1004 2080 1039 2146 in
1065 2102 1127 2146 con

181 2171 381 2238 circumfudit
393 2173 503 2238 decem
517 2173 604 2239 milia
617 2173 757 2257 equitum
772 2182 803 2238 et
821 2173 861 2238 ab
880 2173 1028 2242 cornibus
1044 2175 1081 2240 in
1097 2184 1127 2240 ut

146 2289 161 2336 3
180 2289 241 2354 que
259 2277 381 2353 partem
403 2268 522 2335 divisos
546 2268 729 2354 elephantos
753 2268 870 2333 stabnt.
906 2269 1019 2334 consul
1040 2269 1127 2335 effus

178 2363 302 2448 quentis
326 2363 462 2448 equites,
490 2385 563 2429 cum
585 2361 626 2427 ab
643 2361 861 2428 resistentibus
881 2362 985 2428 subito
1000 2362 1127 2429 Numidi

178 2457 263 2525 cauti
285 2458 511 2544 exciperentur,
535 2458 627 2545 signo
644 2457 785 2542 receptui
803 2457 876 2522 dato
894 2469 1058 2524 revocatos
1082 2460 1127 2524 cir

142 2575 160 2622 4
178 2552 265 2618 dedit
276 2552 443 2637 peditibus.
473 2550 690 2638 duodeviginti
707 2550 794 2616 milia
805 2549 952 2617 Romana
969 2561 1076 2633 eraut,
1094 2575 1127 2620 so

177 2645 313 2712 nominis
330 2644 441 2711 Latini
463 2645 588 2734 viginti,
617 2645 734 2710 auxilia
755 2656 918 2731 praeterea
940 2644 1127 2714 Cenomano

179 2762 217 2806 ea
235 2739 303 2806 sola
319 2738 354 2804 in
371 2739 434 2804 fide
452 2751 611 2806 manserat
629 2736 753 2805 Gallica
769 2761 861 2827 gens.
894 2740 934 2806 iis
959 2740 1060 2827 copiis
1084 2764 1127 2808 cor

144 2856 158 2901 5
178 2857 249 2900 sum
272 2842 330 2899 est.
365 2833 519 2919 proelium
542 2859 562 2900 a
583 2833 761 2900 Baliaribus
785 2843 888 2900 ortum
911 2844 974 2915 est;
1001 2835 1119 2922 quibus

177 2927 295 2994 maiore
316 2926 429 2994 robore
450 2929 592 3016 legiones
616 2928 819 3007 obsisterent,
846 2928 1001 2996 deductae
1022 2951 1127 3019 prope:

144 3045 159 3092 e
178 3044 296 3088 cornua
308 3021 395 3090 leves
410 3034 585 3090 armaturae
604 3033 691 3102 sunt,
710 3045 860 3109 quaeres
878 3024 984 3092 effecit
1000 3035 1037 3090 ut
1054 3026 1127 3111 equi

177 3116 342 3184 Romanus
365 3117 523 3204 extemplo
546 3126 723 3204 urgeretur:
751 3142 826 3184 num
849 3141 922 3185 cum
943 3118 999 3184 vix
1020 3119 1127 3207 iamp

175 3212 358 3280 resisterent
380 3212 490 3279 decem
512 3212 639 3279 milibus
658 3213 799 3298 equitum
816 3222 963 3298 quattuor
979 3213 1070 3280 milia
1088 3225 1120 3281 et

175 3306 307 3394 integris
322 3306 500 3396 plerisque,
525 3307 629 3373 obruti
652 3317 725 3373 sunt
741 3307 871 3394 insuper
887 3307 974 3373 velut
991 3306 1079 3374 nube
1095 3309 1127 3375 ia

145 3422 159 3470 7
176 3423 248 3466 rum
265 3401 476 3468 aBaiiaribus
490 3401 640 3468 coniecta.
668 3402 784 3468 adhoc
801 3401 961 3488 elephanti
978 3402 1127 3469 eminent<

178 3494 324 3562 extremis
339 3495 496 3573 cornibus,
515 3496 603 3581 equis
617 3496 830 3561 maximenon
839 3496 911 3561 visu
920 3496 1026 3575 modo,
1045 3498 1105 3562 sed
1118 3519 1127 3563 t

144 3610 159 3659 8
177 3589 304 3657 insolito
321 3589 450 3668 territis,
469 3589 580 3677 fugam
592 3589 654 3656 late
668 3589 836 3655 faciebant.
855 3590 1018 3676 pedestris
1032 3613 1127 3679 pugn

126 3766 129 3772 Ι
177 3683 289 3750 animis
316 3684 418 3772 magis
445 3706 541 3769 quam
567 3683 686 3750 viribus
714 3693 795 3763 erat,
822 3707 902 3769 quas
923 3685 1061 3750 recentis
1083 3684 1127 3752 Pe

176 3779 272 3866 paulo
289 3790 362 3848 ante
381 3778 496 3846 curatis
516 3779 696 3866 corporibus
710 3780 743 3844 in
756 3781 909 3866 proelium
923 3779 1086 3846 attulerat:
1105 3803 1127 3847 c

177 3875 282 3942 ieiuna
302 3875 451 3962 fessaque
473 3897 603 3961 corpora
623 3874 776 3941 Romanis
800 3885 831 3941 et
853 3877 987 3964 rigentia
1009 3876 1088 3963 gelu
1110 3885 1127 3941 t

177 3967 263 4036 bant.
289 3971 478 4038 restitissent
491 3979 598 4036 tamen
611 3968 738 4049 animis,
758 3970 871 4036 sicum
884 3972 989 4056 pedite
1008 3969 1115 4037 solnm
