2528 4514
251 250 369 306 nmnn
385 251 486 322 xxn,
505 252 605 308 maa.
624 253 779 324 [acan]
994 242 1039 311 π

85 407 167 474 dodae
190 405 328 472 hostium
353 407 489 488 falleret,
517 411 745 490 constituisset,
775 412 816 477 ad
843 414 1039 498 conpositam

85 498 269 566 niishoram
291 501 435 568 excitatis
459 504 643 570 custodibus
669 526 839 591 puerorum
865 507 1037 592 profectus,

85 595 113 660 rti
131 595 254 682 ignarus
280 594 314 659 in
340 608 542 683 praeparatae
570 621 628 664 sua
653 599 765 665 fraude
786 600 916 667 insidias
938 602 1037 668 ducit.

85 698 166 754 astra
185 687 334 754 Romana
353 692 511 777 perducti:
543 702 646 758 cetera
672 694 778 759 omnia
804 694 845 759 de
869 695 1038 762 reddendis
1058 718 1090 767 18

85 781 181 860 libus,
209 782 292 847 sicut
314 804 388 849 cum
405 785 539 851 Bostare
557 787 761 853 constitutum
783 797 864 867 erat,
890 798 962 854 acta
982 812 1040 876 per
1085 799 1089 807 '

85 879 137 942 lem
159 876 270 943 ordine
292 898 355 962 quo
377 878 405 943 si
424 877 735 967 Carthaginiensium
755 882 882 948 nomine
900 883 946 949 sic
963 905 1040 971 age-

85 996 97 1037 ·.
138 971 242 1036 maior
261 970 422 1056 aliquanto
439 973 655 1040 Romanorum
672 976 774 1062 gratia
790 975 852 1042 fuit
868 977 902 1041 in
918 999 953 1043 re
970 978 1040 1063 pari
1058 999 1089 1047 ra

85 1089 97 1130 r
113 1075 237 1151 quanta
252 1065 361 1132 futura
379 1066 690 1156 Carthaginiensium
707 1069 819 1136 fuerat.
862 1070 934 1137 illos
952 1072 1037 1137 enim

85 1161 119 1239 is,
148 1159 305 1247 superbos
327 1161 361 1225 in
382 1162 478 1229 rebus
506 1164 653 1229 secundis
679 1174 824 1250 expertos
851 1163 980 1232 fortuna
1005 1177 1038 1231 et

85 1276 97 1319 r
116 1254 284 1340 mitigasse
308 1255 405 1321 videri
426 1266 563 1342 poterat:
589 1258 753 1324 Romanus
775 1259 877 1344 primo
899 1259 1038 1325 adventu
1056 1281 1089 1328 20

85 1349 181 1435 quitus
200 1358 274 1413 ante
292 1347 332 1413 ab
350 1371 384 1415 re
403 1350 551 1417 clementi
568 1351 751 1436 liberalique
768 1353 893 1418 initium
909 1352 1037 1419 fecerat

85 1443 198 1523 belux,
226 1444 276 1508 vir
299 1445 453 1530 prudens,
486 1447 583 1512 haud*
600 1446 718 1514 frustra
743 1446 910 1513 videbatur
933 1447 1038 1513 socios

85 1560 149 1605 ase.
194 1538 303 1623 itaque
332 1539 455 1627 ingenti
490 1563 647 1608 consensu
682 1541 892 1607 defectionem
926 1564 1036 1609 omnes
1056 1562 1088 1609 21

85 1655 157 1711 are;
179 1654 331 1716 armaque
350 1634 514 1720 extemplo¹
526 1645 612 1701 mota
629 1635 747 1713 forent,
765 1636 798 1701 ni
815 1635 932 1714 hiems,
954 1657 1038 1720 quae

85 1748 162 1792 anos
188 1748 317 1811 quoque
345 1738 375 1793 et
400 1727 680 1816 Carthaginienses
708 1730 880 1796 concedere
901 1730 935 1794 in
956 1739 1040 1795 tecta
1165 1756 1169 1765 ·

85 1821 119 1899 it,
135 1822 368 1887 intervenisset.

85 1914 202 1980 {xm
247 1915 340 1981 Haec
365 1918 398 1981 in
420 1917 578 2004 Hispania
604 1941 729 2003 quoque
757 1920 896 1985 secunda
918 1929 1037 1987 aestate
1057 1941 1070 1987 1

85 2009 121 2073 ici
137 2009 211 2074 belli
233 2021 337 2097 gesta,
365 2034 438 2076 cum
459 2012 493 2076 in
510 2012 603 2078 Italia
620 2013 751 2099 paulum
767 2013 923 2081 intervalli
941 2014 1038 2081 cladi·

95 2102 242 2169 Romanis
270 2105 379 2171 sollers
406 2107 564 2171 cunctatio
590 2105 683 2171 Fabii
710 2105 852 2186 secisset3
888 2129 970 2192 quae
1001 2116 1070 2176 uta

85 2196 213 2265 abatem
240 2221 306 2264 non
328 2200 478 2266 mediocri
502 2200 670 2266 sollicitum
692 2224 769 2266 cura
789 2199 942 2279 habebat,
969 2212 1038 2267 tan·

85 2312 172 2358 reum
188 2295 320 2360 militiae
342 2296 531 2383 magistrum
553 2296 709 2381 delegisse
727 2295 890 2361 Romanos
908 2318 1038 2363 cernen-

86 2387 165 2472 ,qm’
184 2388 305 2454 bellum
330 2389 467 2468 ratione,
493 2412 559 2454 non
583 2389 710 2454 fortuna
731 2399 868 2475 gereret,
895 2389 940 2454 ita
962 2411 1071 2458 con-a

85 2488 126 2564 pta
139 2493 203 2547 erat
220 2484 303 2548 inter
320 2484 397 2549 civis
416 2493 554 2550 armatos
572 2483 689 2570 pariter
705 2491 909 2570 togatosque,
927 2481 1036 2566 utique

85 2596 169 2660 quam
194 2577 326 2643 absente
353 2601 390 2643 eo
417 2579 592 2644 temeritate
618 2577 763 2665 magistri
788 2576 928 2662 equitum
954 2575 1037 2642 laeto

85 2690 110 2733 rs
133 2670 266 2735 dixerim
291 2693 387 2755 quam
413 2694 565 2758 prospero
588 2681 705 2738 eventu
725 2679 902 2759 pugnatum
923 2669 1037 2737 fuerat.

85 2775 198 2829 sacrant
229 2764 309 2830 duae
338 2788 389 2830 res
416 2768 457 2832 ad
484 2766 662 2854 augendam
687 2765 840 2832 invidiam
865 2764 1073 2843 dictatoriae

92 2855 197 2923 fraude
215 2880 253 2922 ac
270 2858 343 2924 dolo
360 2858 569 2940 Hannibalis,
592 2861 691 2946 quod,
715 2883 789 2927 cum
810 2883 830 2926 a
847 2858 990 2946 perfugis
1008 2858 1039 2924 ei

85 2960 192 3018 stratus
206 2975 282 3038 ager
295 2953 563 3057 dictatoriqesset,
581 2955 727 3022 omnibus
742 2956 825 3021 circa
839 2954 907 3021 solo
921 2977 1037 3039 aequa-

85 3043 108 3110 rb
127 3069 190 3112 uno
213 3069 251 3112 eo
272 3047 393 3113 ferrum
414 3049 585 3136 ignemque
608 3060 639 3115 et
659 3051 725 3115 vim
747 3071 873 3116 omnem
897 3048 1038 3116 hostium

85 3138 151 3205 ineri
167 3141 275 3220 iussit,
297 3152 333 3208 ut
350 3143 465 3208 occulti
482 3143 615 3209 alicuius
632 3145 717 3230 pacti
735 3166 773 3209 ea
794 3165 915 3210 merces
937 3142 1037 3209 videri

85 3243 124 3311 et,
142 3233 240 3300 altera
256 3236 357 3322 ipsius
375 3235 475 3316 facto,
493 3237 597 3323 primo
608 3238 740 3304 forsitan
754 3237 866 3317 dubio,
885 3237 960 3323 quia
972 3257 1071 3305 nono

85 3338 166 3395 cteta
182 3329 216 3393 in
234 3351 272 3395 eo
291 3341 418 3397 senatus
437 3332 608 3398 auctoritas
627 3342 689 3411 est,
708 3333 750 3398 ad
763 3341 938 3398 extremum
949 3330 1036 3397 haud

85 3420 149 3508 igue
166 3423 201 3488 in
217 3426 388 3490 maximam
405 3425 532 3491 laudem
549 3448 651 3492 verso.
682 3426 716 3490 in
727 3424 942 3512 permutandis
961 3447 1035 3511 cap·
1055 3445 1070 3493 6

85 3564 92 3594 ,
109 3518 195 3602 quod
211 3519 258 3583 sic
270 3520 371 3604 primo
383 3519 505 3587 Punico
518 3519 603 3586 bello
616 3521 735 3586 factum
749 3529 829 3598 erat,
848 3526 1037 3585 convenerat

99 3612 196 3678 duces
213 3612 392 3678 Romanum
408 3614 632 3699 Poenumque,
654 3624 691 3680 ut
708 3637 789 3699 quae
806 3635 879 3700 pars
895 3612 969 3700 plus
986 3634 1037 3679 re·

85 3717 117 3772 et
132 3729 228 3792 quam
246 3709 334 3772 daret
352 3711 472 3796 argenti
489 3711 596 3796 pondo
614 3706 689 3774 bina
706 3719 738 3774 et
756 3707 886 3775 selibras
903 3708 937 3773 in
953 3706 1037 3773 mili-

85 3811 265 3888 praestaret.
301 3802 453 3870 ducentos
472 3803 681 3890 quadraginta
699 3812 820 3889 septem
838 3802 1034 3889 cumplures
1054 3824 1070 3871 ⁷

85 3919 162 3962 anus
185 3918 283 3981 quam
303 3896 431 3964 Poenus
455 3898 627 3983 recepisset
652 3907 879 3985 argentumque
905 3918 962 3984 pro
989 3897 1035 3965 eis

85 4014 141 4056 um
159 4012 255 4078 saepe
272 3991 388 4058 iactata
405 3993 437 4056 in
456 4003 567 4057 senatu
589 4012 639 4070 re,
666 3992 814 4076 quoniam
835 4013 900 4056 non
922 4013 1036 4056 consu-
