2528 4514
201 212 317 271 umus
333 211 448 285 xxm,
466 212 512 269 21.
528 212 570 268 aa.
590 215 627 282 [a.
638 209 741 282 aas]
931 194 994 264 135

95 389 184 456 sueque
205 370 394 459 stipendium
417 392 519 456 neque
541 369 735 436 frumentum
756 369 798 434 ad
820 369 903 434 diem
926 368 995 433 dari

95 465 176 554 tunde
198 466 287 533 detur
313 488 398 546 esse3
434 487 624 553 magnopere
651 465 802 544 suadere,
837 474 872 530 ut
897 484 1029 549 quams

95 576 123 621 un
137 581 165 625 ea
181 560 354 639 mittantm,
383 559 521 644 sibique,
544 560 572 624 si
593 559 639 624 ita
658 559 817 638 videatur,
844 581 884 624 ex
901 560 993 626 novis

95 650 161 722 uibus
176 677 387 722 successorem
405 654 538 720 mittant.
575 654 747 739 eademque
764 654 864 720 ferme
881 655 921 720 de
940 657 995 722 sti·
1012 674 1029 720 4

95 743 313 835 bdumentoque
329 748 369 816 ab
383 747 426 813 A.
438 746 585 815 Cornelio
599 748 777 814 Mammula
794 760 994 836 propraetore

95 840 168 910 rdinia
188 844 313 931 scripta.
356 865 544 929 responsum
567 843 705 927 utrique,
731 865 796 909 non
818 866 889 910 esse
911 847 995 912 unde

95 945 152 1016 stur,
174 938 315 1023 iussique
336 937 399 1023 ipsi
422 937 576 1003 classibus
599 948 693 1021 atque
715 938 904 1005 exercitibus
927 940 994 1006 suis

95 1052 139 1097 ere.
171 1032 209 1099 Τ.
230 1029 387 1099 Otacilius
406 1032 447 1096 ad
463 1031 591 1096 unicum
610 1030 785 1096 subsidium
802 1033 912 1119 populi
928 1033 994 1101 Ro·
1014 1053 1030 1101 5

95 1123 250 1192 Hieronem
282 1126 402 1211 legatos
439 1148 512 1190 cum
546 1124 703 1205 misisset,
738 1125 773 1189 in
804 1126 995 1211 stipendium

103 1220 218 1307 argenti
245 1242 325 1305 opus
348 1219 407 1282 fuit
430 1229 461 1283 et
483 1241 539 1285 sex
561 1241 706 1284 mensum
727 1218 920 1285 frumentum
943 1243 995 1287 ac-

95 1313 233 1381 Comelio
256 1315 289 1379 in
309 1311 455 1379 Sardinia
476 1314 618 1380 civitates
641 1312 745 1380 sociae
767 1312 902 1401 benigne
921 1337 996 1381 con-

95 1503 210 1568 Romae
227 1525 353 1587 quoque
370 1514 497 1589 propter
513 1504 677 1589 penuriam
698 1504 820 1591 argenti
841 1504 996 1569 triumviri
1015 1527 1029 1573 c

95 1597 124 1675 ii,
151 1597 313 1684 rogatione
335 1596 383 1663 M.
406 1597 530 1662 Minuci
556 1597 672 1663 tribuni
697 1597 799 1684 plebis
827 1597 918 1663 facti:
952 1599 995 1663 L.

95 1715 120 1758 ss
136 1690 261 1777 Papus,
280 1691 334 1776 qui
353 1693 462 1757 consul
480 1713 653 1776 censorque
670 1692 786 1769 fuerat,
810 1703 841 1757 et
858 1690 905 1756 M
923 1691 996 1757 Ati-

95 1786 190 1874 gulus,
210 1786 265 1870 qui
282 1786 331 1852 bis
351 1787 460 1852 consul
478 1786 594 1864 fuerat,
614 1797 645 1851 et
653 1788 695 1852 L.
707 1785 890 1853 Scribonius
900 1787 994 1867 Libo,

95 1906 104 1946 ι
120 1881 264 1946 tribunus
281 1881 383 1967 plebis
403 1892 482 1960 erat3
502 1893 533 1947 et
551 1883 707 1947 duumviri
725 1883 821 1948 creati
838 1881 886 1947 M.
906 1892 938 1948 et
956 1882 995 1948 O.
1016 1902 1030 1948 7

95 1977 192 2041 tedem
212 1974 422 2053 Concordiae,
449 1998 544 2061 quam
562 1977 603 2041 L.
623 1976 763 2042 Manlius
789 1987 915 2062 praetor
940 2000 997 2042 vo-
1074 1988 1081 1996 “

95 2070 307 2134 ledicaverunt
313 2095 323 2148 3
342 2080 373 2133 et
390 2080 453 2134 tres
471 2070 635 2154 pontifices
654 2072 763 2148 creati,
784 2069 825 2153 Q.
838 2069 995 2137 Caecilius

95 2186 116 2229 ts
138 2174 170 2228 et
193 2161 234 2246 Q.
252 2162 372 2228 Fabius
394 2161 557 2230 Maximus
580 2175 611 2229 et
634 2162 674 2246 Q.
693 2164 826 2230 Fidvius
848 2165 995 2244 Flaccus,

95 2279 127 2323 m
140 2258 180 2323 P.
201 2256 344 2324 Scantini
371 2258 525 2324 demortui
551 2269 582 2324 et
603 2259 644 2323 L.
667 2256 786 2323 Aemili
807 2258 901 2324 Pauli
923 2282 998 2325 con-

95 2348 150 2435 tQ.
169 2353 245 2416 Aeli
262 2352 367 2430 Paeti,
387 2354 440 2437 qui
459 2353 634 2418 ceciderant
651 2376 759 2438 pugna
778 2351 948 2418 Cannensi.

95 2443 149 2512 [Π.
195 2445 279 2511 Cum
298 2457 414 2524 cetera,
438 2470 519 2530 quae
538 2447 692 2512 continuis
712 2446 852 2512 cladibus
871 2446 998 2511 fortuna
1017 2466 1030 2513 1

95 2550 132 2619 tt,
167 2551 322 2625 quantum
349 2540 486 2606 consiliis
513 2541 659 2606 humanis
686 2540 818 2624 adsequi
843 2548 997 2624 poterant,

95 2634 277 2721 explessent,
296 2636 423 2700 tandem
442 2658 476 2700 se
494 2656 618 2719 quoque
632 2646 663 2699 et
676 2634 876 2700 solitudinem
895 2633 1032 2703 curiaes

95 2738 218 2813 temque
242 2728 494 2794 convenientium
516 2729 556 2793 ad
578 2728 740 2815 publicum
764 2727 929 2793 consilium
951 2751 1000 2793 re-

95 2832 145 2887 mt.
180 2845 283 2908 neque
297 2823 380 2888 enim
393 2818 515 2907 postL.
526 2821 700 2888 Aemilium
713 2833 745 2889 et
760 2821 797 2888 C.
807 2822 999 2888 Flaminium
1018 2845 1032 2892 3

96 2941 111 2982 s
132 2928 259 2983 senatus
278 2918 377 2982 lectus
391 2917 507 2995 fuerat,
527 2939 599 2981 cum
613 2927 734 2983 tantum
750 2928 930 2984 senatorum
944 2918 1000 2982 ad·

95 3034 236 3097 pugnae,
263 3011 381 3076 adhoc
400 3011 449 3075 sui
467 3033 622 3095 quemque
641 3033 734 3077 casus
751 3034 809 3098 per
825 3012 1001 3096 quinquen-

95 3104 333 3189 bsumpsissent.
371 3127 443 3169 cum
461 3105 500 3168 de
519 3127 556 3169 ea
572 3127 606 3169 re
623 3104 672 3169 M.
690 3104 847 3171 Aemilius
865 3114 999 3189 praetor,
1017 3123 1034 3169 4

95 3222 116 3264 ·e
136 3209 208 3285 post
228 3197 403 3263 Casilinum
426 3199 578 3263 amissum
599 3199 740 3284 profecto
763 3200 826 3264 iam
849 3199 890 3262 ad
912 3219 1000 3261 exer-

105 3293 348 3379 cxposcentibus
372 3292 491 3357 cunctis
515 3293 698 3372 rettulisset,
726 3303 793 3357 tum
812 3289 869 3378 Sp.
890 3289 1001 3356 Carvi-

95 3411 142 3451 um
159 3386 256 3474 longa
274 3388 411 3452 oratione
430 3410 493 3452 non
512 3386 614 3452 solum
631 3387 769 3473 inopiam
789 3382 919 3474 [illam],
944 3385 1000 3452 sed

97 3493 160 3545 tem
179 3483 272 3546 etiam
291 3482 421 3558 civium,
450 3481 621 3565 exquibus
639 3483 673 3546 in
690 3491 794 3567 patres
812 3480 999 3567 legerentur,

95 3585 160 3640 stus
179 3587 277 3652 esset,
306 3575 452 3661 explendi
471 3586 597 3641 senatus
617 3598 713 3641 causa
736 3585 767 3640 et
783 3573 934 3660 iungendi
952 3596 1001 3638 ar·
1019 3592 1036 3640 5

95 3669 167 3732 atini
192 3670 326 3734 nominis
355 3692 426 3760 cum
444 3669 559 3755 populo
577 3669 722 3734 Romano
748 3688 940 3755 magnopere
966 3688 1001 3731 se

95 3786 103 3828 Ξ
117 3765 206 3840 dixit,
226 3775 260 3830 ut
275 3789 314 3830 ex
328 3765 459 3851 singulis
473 3765 597 3851 populis
610 3765 797 3830 Latinorum
811 3763 893 3830 binis
912 3784 1003 3827 sena-

98 3905 107 3935 ,
126 3857 269 3945 [quibus]
289 3869 393 3945 patres
403 3860 538 3924 Romani
556 3859 764 3938 censuissent,
784 3858 894 3925 civitas
913 3857 1004 3922 dare·

95 3973 137 4034 que
159 3953 192 4018 in
215 3955 448 4019 demortuorum
470 3952 575 4018 locum
597 3953 630 4018 in
654 3962 798 4020 senatum
814 3952 1004 4040 legerentur.
