2528 4514
140 228 204 295 212
359 240 478 296 uranu
494 239 626 310 xrnm,
644 238 745 297 111.
764 236 951 309 [suasu]

107 399 283 466 radvertit.
327 406 396 463 tum
421 397 558 483 primum
583 406 618 461 ut
643 418 701 482 pro
727 395 819 461 bonis
847 418 885 461 ac
911 394 1057 462 fidelibus

140 493 293 569 facerent,
322 490 437 569 oravit,
463 502 499 555 ut
520 492 583 556 duo
604 490 795 577 legationem
817 489 973 556 referrent
990 490 1031 555 ad
1046 490 1081 554 im

140 598 224 652 tores
245 608 329 662 suos,
347 606 430 649 unus
448 594 524 671 aput
542 606 612 650 sese
631 583 782 670 magister
798 582 844 649 rei
857 583 1003 649 militaris
1017 584 1081 649 resi(

140 680 252 746 rudem
270 680 312 744 ad
328 678 486 764 pedestria
504 677 588 743 bella
603 676 812 742 Numidarum
830 687 960 764 gentem
979 700 1060 756 esse,

107 785 264 844 stantum
281 772 433 851 habilem3
459 773 504 839 ita
525 773 589 837 iam
610 773 684 836 inde
706 795 725 836 a
742 772 904 858 principiis
922 774 1027 859 gentis
1044 794 1081 836 ma

143 893 218 935 suos
236 868 319 935 bella
335 868 488 955 gessisse,
515 867 559 931 ita
577 889 611 931 se
629 890 649 930 a
665 867 772 952 pueris
794 866 971 945 insuetum,
1000 867 1081 932 seth

141 964 264 1029 hostem
281 961 420 1049 pedestri
436 960 585 1026 fidentem
603 959 723 1038 Marte,
743 960 794 1025 cui
812 960 841 1025 si
858 961 989 1044 aequari
1005 960 1081 1026 robor

108 1078 123 1122 1
142 1059 223 1123 rium
245 1056 332 1134 velit,
362 1066 393 1121 et
415 1055 475 1121 sibi
497 1055 619 1141 pedites
642 1056 870 1141 comparandos
897 1076 980 1121 esse.
1024 1066 1053 1120 et
1075 1078 1081 1119 1

143 1151 341 1217 multitudine
358 1150 522 1216 hominum
544 1172 677 1236 regnum
700 1149 875 1227 abundare,
904 1159 954 1215 set
971 1149 1081 1215 armani

141 1245 300 1330 nandique
319 1254 350 1310 et
367 1244 541 1310 instruendi
560 1267 614 1309 eos
633 1255 733 1308 artem
750 1245 905 1330 ignorare.
953 1246 1067 1323 omnia,

141 1341 222 1407 forte
253 1349 462 1426 congregata,
499 1337 591 1404 turba
621 1361 679 1403 sua
713 1347 804 1403 vasta
834 1360 872 1403 ac
903 1339 1065 1404 temeraria

108 1436 281 1501 efacturos
308 1456 342 1500 se
368 1434 401 1498 in
426 1434 604 1519 praesentia
630 1423 715 1516 quod
740 1433 835 1497 vellet
860 1431 958 1519 legati
979 1455 1081 1518 respon

141 1530 204 1594 fide
222 1538 365 1614 accepta,
393 1537 428 1591 ut
446 1527 617 1592 remitteret
634 1526 792 1611 extemplo
815 1549 901 1604 eum,
931 1528 959 1591 si
975 1528 1081 1612 impera

106 1644 123 1691 9
143 1625 192 1690 sui
214 1647 278 1688 non
299 1621 556 1708 comprobassent
578 1620 706 1686 factum.
752 1619 793 1702 Q.
819 1618 957 1687 Statorio
983 1642 1081 1686 nomer

142 1719 197 1802 qui
214 1718 255 1782 ad
271 1738 380 1802 regem
396 1716 555 1780 remansit.
592 1737 664 1780 cum
683 1713 806 1780 duobus
816 1714 970 1781 Romanis
988 1714 1081 1801 legati

142 1811 228 1875 mida
253 1811 374 1896 legatos
401 1810 435 1874 in
455 1808 647 1894 Hispaniam
673 1808 758 1873 misit
780 1809 820 1873 ad
843 1809 1055 1893 accipiendam
1075 1810 1081 1871 t

92 1925 124 1972 10
143 1904 186 1970 ab
200 1902 440 1988 imperatoribus
458 1902 620 1968 Romanis.
666 1904 765 1968 isdem
784 1904 959 1981 mandavit,
987 1914 1022 1968 ut
1037 1923 1081 1989 pro

142 1997 311 2074 Numidas,
339 1998 394 2080 qui
410 1997 494 2061 intra
509 1995 666 2081 praesidia
684 1995 996 2083 Carthaginiensium
1014 1995 1081 2061 auxil

93 2113 124 2159 11
144 2101 262 2169 essent,
282 2092 322 2156 ad
340 2091 555 2156 transitionem
572 2091 766 2176 perlicerent.
804 2102 834 2155 et
849 2089 1008 2157 Statorius
1026 2110 1081 2156 err

142 2186 302 2250 iuventute
329 2185 397 2271 regi
422 2185 544 2270 pedites
571 2185 757 2270 conscripsit
787 2185 1011 2268 ordinatosque
1036 2200 1081 2269 put

142 2302 261 2347 morem
274 2281 454 2347 Romanum
471 2281 653 2345 instruendo
672 2291 701 2344 et
721 2281 913 2345 decurrendo
933 2281 1024 2367 signa
1040 2294 1081 2358 sed

92 2396 268 2443 reservare
290 2376 415 2443 ordines
437 2374 544 2440 docuit
565 2384 597 2439 et
619 2374 705 2459 operi
728 2374 860 2457 aliisque
881 2375 974 2440 iustis
993 2373 1081 2438 militar

141 2470 186 2534 ita
203 2470 391 2547 adsuefecit,
410 2479 444 2533 ut
462 2468 551 2534 brevi
567 2490 624 2532 rex
639 2490 704 2532 non
722 2469 819 2551 equiti
836 2470 939 2554 magis
958 2469 1081 2533 fideret(

141 2563 239 2650 pediti
262 2563 456 2646 cordatisque
483 2583 584 2646 aequo
607 2584 718 2646 campo
741 2563 840 2647 signis
862 2563 947 2627 iusto
965 2562 1074 2648 proelio

94 2677 125 2725 13
144 2658 375 2744 thaginiensem
393 2658 516 2724 hostem
536 2667 705 2742 superaret.
749 2656 902 2722 Romanis
926 2656 1081 2742 quoqueir

144 2752 254 2837 spania
271 2751 447 2837 legatorum
465 2752 549 2837 regis
568 2752 723 2818 adventus
741 2775 858 2838 magno
876 2753 1080 2818 emolumento

143 2868 278 2928 namque
296 2846 472 2912 adsumam
490 2870 598 2913 eorum
617 2848 815 2912 transitiones
834 2847 963 2913 crebrae
982 2847 1022 2911 ab
1035 2845 1081 2911 Nu

143 2949 273 3024 coeptae
299 2939 376 3004 fieri.
427 2941 472 3005 ita
502 2963 574 3006 cum
601 2939 749 3027 Syphace
780 2940 934 3007 Romanis
966 2950 1074 3026 coepta

144 3033 217 3099 citia
235 3042 291 3099 est.
327 3035 413 3117 quod
430 3035 485 3101 ubi
504 3033 782 3122 Carthaginienses
800 3044 1004 3120 acceperunt,
1024 3043 1081 3100 extr

143 3129 185 3192 ad
203 3123 317 3193 Gaiam
342 3128 376 3192 in
401 3139 490 3214 parte
516 3132 614 3195 altera
638 3128 805 3194 Numidiae
823 3167 849 3176 -
870 3129 1013 3194 Maesuli
1039 3152 1072 3193 ea

144 3232 273 3287 vocatur
289 3234 516 3308 —regnantem
535 3225 656 3310 legatos
675 3223 811 3287 mittunt.

111 3335 124 3382 1
207 3315 468 3381 XXXXVIIII.
504 3317 621 3381 Filium
635 3314 718 3382 Gala
729 3316 937 3381 Masinissam
955 3317 1081 3383 habebat

144 3410 318 3474 temdecem
336 3433 435 3476 annos
458 3421 580 3489 natum,
609 3421 748 3478 ceterum
771 3412 917 3475 iuvenem
941 3433 979 3476 ea
1001 3408 1081 3475 indol

143 3503 207 3567 iam
233 3513 300 3568 tum
326 3515 491 3590 appareret
520 3505 622 3570 maius
653 3528 787 3592 regnum
817 3506 1059 3591 opulentiusque

110 3597 230 3680 rquod
255 3599 429 3684 accepisset
451 3598 616 3664 facturum.
670 3599 781 3685 legati,
809 3599 961 3682 quoniam
988 3597 1081 3687 Syph:

143 3690 296 3757 Romanis
314 3693 482 3771 iunxisset,
505 3704 541 3758 ut
557 3695 713 3779 potentior
732 3693 881 3758 societate
900 3716 1011 3758 eorum
1029 3694 1081 3758 adr

112 3803 127 3850 3
144 3807 235 3870 reges
253 3787 450 3871 populosque
459 3787 588 3854 Africae
608 3798 705 3865 esset,
725 3789 851 3864 docent,
870 3788 985 3853 melius
1004 3788 1071 3854 fore

145 3899 270 3962 quoque
290 3881 602 3968 Carthaginiensibus
625 3882 714 3968 iungi
736 3903 831 3966 quam
852 3881 992 3968 primum
1015 3891 1081 3947 ante

147 3967 279 4056 Syphax
300 3976 333 4040 in
351 3977 540 4063 Hispaniam
562 3988 616 4043 aut
633 3977 769 4043 Romani
791 3978 831 4043 in.
842 3976 990 4046 Africam
1008 3988 1081 4045 tram
