2528 4514
293 206 409 260 arasa
427 205 570 276 xxvru,
590 206 713 260 ao-aa.
735 209 771 274 [a
783 205 887 274 croc]
1044 195 1107 260 407

97 365 255 431 essionem
281 363 362 429 inter
390 361 673 451 Carthaginienses
706 374 799 448 atque
827 363 991 451 Hispanos
1023 365 1108 434 fecit

95 460 126 525 ris
145 457 346 524 Cerdubelus
363 459 528 545 propalam
551 458 718 524 deditionis
726 470 859 537 ⁶auctor3
886 459 1026 528 Himilco
1043 462 1110 526 Pu·
1129 484 1159 533 11

95 553 155 618 icis
174 552 379 618 auxiliaribus
401 564 560 640 praeerat,
588 575 668 637 quos
685 554 859 638 urbemque
878 554 960 621 clam
976 555 1039 621 fide
1058 579 1109 623 ac-

95 662 168 738 epta
183 647 381 715 Cerdubelus
394 649 541 714 Romano
559 648 674 735 prodit.
709 648 814 715 mitior
832 673 871 715 ea
887 651 1018 717 victoria
1035 652 1107 730 fuit3
1128 674 1159 723 12

95 767 136 810 rec
157 746 345 809 tantundem
365 767 468 810 noxae
492 744 667 809 admissum
690 754 757 809 crat
780 756 812 811 et
829 745 1026 829 aliquantum
1043 747 1108 814 irae

95 839 209 904 euierat
227 838 406 905 voluntaria
423 838 551 904 deditio.

141 935 243 1002 XXI.
269 935 413 1000 Marcius
431 935 505 1000 inde
523 936 556 999 in
573 935 743 1013 barbaros,
763 934 790 999 si
808 936 861 1019 qui
879 937 1019 1002 nondum
1038 961 1110 1025 per·
1128 960 1141 1006 1

95 1029 188 1096 domiti
214 1042 318 1109 erant,
352 1031 411 1095 sub
438 1031 487 1094 ius
516 1030 733 1114 dicionemque
759 1030 949 1116 redigendos
976 1033 1108 1112 missus3

95 1121 186 1212 Scipio
197 1121 427 1210 Carthaginem
441 1124 482 1188 ad
500 1134 575 1188 vota
593 1123 747 1188 solvenda
764 1124 830 1189 deis
845 1147 1022 1210 munusque
1040 1126 1109 1212 gla-

95 1217 260 1298 diatorium,
285 1219 375 1303 quod
388 1217 497 1284 mortis
516 1239 614 1282 causa
629 1218 730 1304 patris
748 1219 913 1304 patruique
931 1232 1107 1306 paraverat,

95 1313 236 1378 edendum
252 1314 355 1378 rediit.
390 1311 601 1399 gladiatorum
620 1313 836 1400 spectaculum
853 1313 913 1378 fuit
930 1338 994 1380 non
1012 1338 1052 1380 ex
1070 1338 1107 1381 eo
1126 1337 1141 1384 2

96 1430 193 1492 genere
211 1409 390 1487 hominum,
410 1432 450 1473 ex
468 1430 530 1492 quo
547 1407 672 1474 lanistis
685 1429 868 1494 comparare
881 1432 951 1474 mos
965 1421 1023 1488 est,
1043 1432 1108 1475 ser·

98 1522 188 1568 rorum
215 1500 341 1590 qui[ve]
369 1503 516 1568 venalem
547 1502 733 1590 sanguinem
761 1503 896 1568 habent:
932 1504 1142 1573 voluntaria3

95 1599 178 1664 cuuis
197 1611 231 1664 et
247 1598 386 1685 gratuita
403 1622 500 1686 opera
516 1599 725 1686 pugnantium
743 1599 812 1664 fuit.
856 1623 930 1664 nam
949 1599 1001 1665 alii
1019 1600 1108 1666 missi

95 1691 255 1782 ubreguh's
275 1694 408 1758 suntad
433 1692 594 1779 specimen
614 1694 727 1758 insitae
749 1693 837 1779 genti
859 1694 983 1759 virtutis
1002 1706 1108 1761 osten-

95 1784 231 1866 dendum,
250 1788 303 1853 alii
320 1788 382 1876 ipsi
398 1787 536 1874 professi
555 1810 589 1853 se
603 1798 798 1874 pugnaturos
812 1788 845 1852 in
859 1789 994 1875 gratiam
1008 1789 1107 1869 ducis,
1126 1811 1143 1858 4

95 1879 155 1949 rios
174 1883 343 1949 aemulatio
362 1893 394 1948 et
411 1893 583 1971 certamen,
606 1893 642 1947 ut
658 1895 881 1969 provocarent,
905 1884 1107 1971 provocative

95 1970 161 2043 haud
182 1978 366 2055 abnuerent,
386 1976 495 2055 traxit3
514 1976 644 2060 quidam
661 1999 741 2061 quas
759 1977 965 2066 disceptando
984 1993 1108 2046 coutro-
1127 2003 1142 2049 5

95 2072 196 2139 vesias
215 2071 305 2136 finire
322 2071 508 2156 nequierant
526 2082 580 2136 aut
601 2071 768 2137 noluerant
783 2084 877 2159 pacto
895 2074 976 2139 inter
999 2097 1048 2152 se,
1073 2084 1109 2138 ut

95 2166 230 2232 dotorem
246 2189 298 2232 res
318 2176 537 2251 sequerentur,
564 2166 648 2232 ferro
671 2166 887 2232 decreverunt
931 2190 1035 2252 neque
1052 2169 1142 2237 obs

95 2262 161 2327 curi
178 2262 305 2348 generis
323 2261 481 2338 homines,
510 2261 568 2325 sed
591 2259 667 2325 clari
688 2260 914 2344 inlustresque,
943 2259 1057 2327 Corbis
1077 2273 1109 2327 et

95 2354 186 2423 >rsus
211 2357 371 2444 patrueles
398 2356 526 2434 fratres,
560 2357 599 2421 de
625 2354 803 2442 principatu
830 2355 980 2434 civitatis,
1012 2379 1109 2440 quam

95 2453 167 2518 dem
185 2452 357 2529 vocabant,
385 2451 597 2538 ambigentes,
624 2451 708 2515 ferro
728 2473 762 2515 se
781 2460 952 2515 certaturos
969 2450 1108 2537 professi

95 2558 160 2612 unt.
207 2543 322 2613 Corbis
345 2545 445 2611 maior
467 2557 535 2610 erat
557 2555 680 2624 aetate3,
702 2544 828 2610 Orsuae
850 2555 940 2631 pater
960 2545 1141 2632 princepsa

95 2642 220 2709 roxime
237 2641 354 2721 fuerat,
379 2665 398 2707 a
414 2641 511 2707 fratre
530 2640 647 2706 maiore
665 2651 739 2727 post
755 2650 889 2705 mortem
907 2639 975 2705 eius
993 2638 1109 2726 princi·

95 2749 152 2805 chr
180 2748 321 2824 accepto.
375 2759 447 2801 cum
473 2735 578 2801 verbis
605 2735 782 2822 disceptare
810 2732 919 2822 Scipio
950 2734 1046 2800 vellet
1071 2751 1142 2802 acss

95 2832 188 2897 adare
207 2831 286 2910 iras,
313 2841 465 2918 negatum
483 2830 517 2895 id
535 2830 628 2895 ambo
647 2829 751 2895 dicere
773 2829 917 2917 cognatis
936 2828 1108 2895 commuui-

95 2946 136 2992 us
155 2946 217 2991 nec
234 2925 330 2990 alium
348 2927 479 2992 deorum
502 2924 706 2990 hominumve
729 2947 825 3009 quam
841 2925 982 2990 Martem
1004 2948 1039 2990 se
1061 2925 1109 2989 iu-

95 3020 180 3087 icam
198 3019 360 3085 habituros
380 3043 460 3086 esse.
505 3019 618 3085 robore
636 3019 750 3098 maior,
777 3019 880 3085 minor
900 3020 977 3084 flore
996 3017 1107 3084 aetatis
1127 3037 1141 3085 9

95 3139 181 3194 crox,
214 3127 348 3181 mortem
373 3115 407 3179 in
433 3115 602 3180 certamine
625 3136 721 3198 quarn
741 3125 778 3179 ut
799 3115 878 3179 alter
900 3112 1027 3178 alterius
1049 3111 1109 3176 im-

95 3209 163 3276 erio
183 3209 377 3276 subiceretur
394 3219 627 3296 praeoptantes,
647 3230 719 3274 cum
737 3207 840 3272 dirimi
858 3208 898 3271 ab
916 3215 1004 3270 tanta
1021 3205 1108 3270 rabie

95 3304 257 3390 requirent,
288 3303 413 3392 insigne
436 3303 651 3390 spectaculum
676 3301 827 3368 exercitui
852 3300 1026 3387 praebuere
1052 3299 1108 3364 do-

96 3410 340 3485 umeutumque,
377 3410 531 3484 quantum
557 3398 713 3485 cupiditas
739 3396 852 3482 imperi
882 3395 1002 3459 malum
1027 3393 1108 3459 int-er

95 3495 226 3562 nortales
254 3505 348 3560 esset.
391 3493 493 3560 maior
514 3517 575 3559 usu
598 3515 757 3560 armorum
779 3503 811 3557 et
833 3501 904 3556 astu
926 3489 1019 3554 facile
1043 3500 1158 3555 sto-10

95 3591 157 3655 {das
181 3589 265 3654 vires
286 3588 417 3654 minoris
441 3590 611 3675 superavit.
657 3588 729 3652 huic
752 3586 962 3673 gladiatorum
985 3595 1108 3671 specta-

96 3685 148 3751 ulo
178 3682 248 3749 ludi
277 3683 427 3749 funebres
460 3683 558 3748 additi
587 3707 646 3771 pro
678 3681 770 3770 copia
800 3692 833 3746 et
861 3677 1046 3767 provinciali
1076 3689 1108 3744 et
1139 3682 1142 3688 ’

95 3778 234 3845 astrensi
251 3777 404 3864 apparati.

139 3871 264 3939 XXIL
299 3870 366 3938 Res
384 3873 509 3938 interim
527 3871 623 3937 nihilo
641 3871 745 3936 minus
765 3869 936 3957 ablegatis
955 3867 1109 3956 gereban-
1131 3885 1144 3934 1

95 3990 137 4034 rr.
172 3966 317 4033 Marcius
337 3979 484 4054 superato
502 3969 602 4032 Baete
622 3966 721 4044 amni,
740 3987 835 4050 quem
851 3965 974 4029 incolae
988 3960 1109 4029 Certim
