2528 4514
144 215 191 284 86
372 229 496 310 LIBER
512 227 615 295 XXII,
632 229 675 285 82.
688 227 732 285 tt.
751 227 956 327 [coctili]¹

141 388 261 469 ,eodem
280 386 384 457 studio
402 386 502 454 luisse
520 385 703 453 oblaturos·
720 395 847 473 gratum
866 385 935 450 sibi'
944 393 1049 472 patres
1062 387 1137 454 lo:

106 523 110 561 :
146 505 205 549 nos
228 481 443 569 populumque
465 481 636 559 facturum,
659 482 689 547 si
706 501 815 547 omnes
832 500 885 547 res
902 479 1137 567 Neapolitano-

112 598 130 647 s
148 599 222 642 suas
241 575 421 654 duxissent,
438 575 614 662 dignosque
631 574 851 652 iudicaverint,
870 572 911 639 ab
924 574 1040 658 quibus
1053 576 1137 643 don

146 671 252 735 animo
274 690 312 733 ac
332 668 492 733 voluntate
516 689 625 733 eorum
647 667 703 752 qni
727 667 861 734 libentes
888 667 1001 733 darent
1025 689 1137 754 quam

113 763 248 832 smaius
270 762 485 849 ampliusque,
512 761 710 847 acciperent.
734 761 847 850 legatis
871 761 993 849 gratiae
1014 772 1104 829 actae
1131 787 1137 850 j

146 857 360 922 munificentia
383 878 533 942 curaque,
557 866 679 942 patera,
701 878 783 971 quae
800 857 950 943 ponderis
967 857 1137 924 minimid

147 973 222 1018 acce
246 961 287 1017 ta.

115 1067 130 1114 1
212 974 387 1111 LXXIII.
430 1043 494 1108 Per
512 1044 640 1115 eosdem
659 1045 726 1109 dies
745 1045 922 1131 speculator
940 1044 1137 1134 Carthagili!

113 1138 206 1218 osis,
234 1139 288 1224 qui
308 1160 366 1224 per
388 1137 549 1204 biennium
571 1137 740 1216 fefellerat,
761 1137 883 1204 Romae
901 1138 1075 1226 deprensus
1110 1144 1113 1149 '

145 1235 283 1318 cinisque
305 1233 451 1321 manibus
474 1233 624 1298 dimissus
647 1242 679 1298 et
702 1233 784 1299 servi
804 1234 944 1319 quinque
967 1243 1000 1300 et
1022 1152 1137 1399 vrguffl

147 1349 273 1393 crucem
296 1328 370 1405 acti,
398 1328 484 1411 quod
505 1327 538 1391 in
560 1348 671 1412 campo
689 1324 1060 1408 Martioconiurassenq
1085 1328 1091 1344 '

91 1442 129 1501 ,3
146 1422 222 1487 data
246 1420 375 1487 libertas
401 1430 433 1486 et
458 1421 539 1486 aeris
566 1421 673 1506 gravis
699 1419 811 1507 viginti
838 1421 933 1486 milio.
968 1421 1065 1510 legati
1086 1430 1111 1486 et

145 1512 329 1601 Philippum
343 1513 557 1580 Macedonum
574 1535 683 1601 regem
699 1515 790 1580 missi
807 1515 848 1580 ad
866 1432 1137 1600 deposcendnmll

96 1629 129 1691 54
145 1609 292 1673 metrium
309 1608 478 1686 Pharium,
505 1609 561 1693 qui
582 1607 666 1674 bello
689 1608 792 1674 victus
814 1609 857 1674 ad
878 1630 953 1676 eum
974 1609 1137 1697 fugissctsl¹

146 1701 199 1783 alii
220 1703 253 1766 in
270 1703 409 1790 Ligures
431 1702 473 1766 ad
496 1702 773 1788 expostulandum,
796 1703 882 1788 quod
900 1701 1048 1769 Poenum
1068 1700 1137 1789 opild

146 1796 335 1880 auxiliisque
358 1796 425 1861 suis
445 1796 615 1875 iuvissent,
638 1796 733 1863 simul
750 1797 792 1861 ad
809 1796 977 1863 visendum
994 1819 1037 1862 ex
1055 1792 1137 1884 propi

113 1909 224 1972 tquo,
252 1911 333 1972 quse
355 1889 388 1953 in
409 1888 488 1955 Bois
512 1899 606 1974 atque
626 1889 814 1956 Insubribus
837 1900 1043 1977 gererentur..
1071 1886 1137 2051 affl

117 2036 119 2041 .
145 2004 242 2046 neum
259 2003 385 2068 quoque
401 2004 511 2071 regem
527 1984 561 2048 in
574 1983 699 2070 Illyrios
713 1984 811 2071 legati
822 1984 912 2050 missi
925 1985 968 2049 ad
982 1987 1082 2072 stipen
1102 1984 1110 2000 ”

147 2078 237 2142 ouius
255 2078 323 2143 dies
342 2079 474 2157 exierat,
491 2079 686 2165 poscendum
705 2089 773 2157 aut,
793 2079 822 2144 si
833 2080 918 2145 diem
930 2076 1137 2166 proferrivellt

113 2190 128 2238 6
147 2170 276 2236 obsides
295 2174 503 2259 accipiendos.
541 2174 633 2251 adeo,
658 2173 718 2237 etsi
736 2172 856 2238 bellum
872 2172 986 2260 ingens
1004 2175 1041 2239 in
1057 2166 1137 2241 culfi

114 2308 119 2321 .
146 2265 207 2332 bus
226 2278 305 2347 erat,
279 2269 446 2334 tnullius
465 2291 600 2355 usquam
617 2277 769 2334 terrarum
786 2269 832 2334 rei
849 2291 925 2335 cura
941 2269 1137 2348 Romanos!

112 2381 127 2427 t
145 2360 319 2448 longinquo
336 2363 478 2448 quidem,
503 2362 729 2449 effugiebat
720 2387 754 2427 1n
770 2362 968 2450 religionem
973 2358 1137 2431 etiamsed

145 2455 257 2520 aedem
267 2453 473 2535 Concordiae,
491 2479 587 2540 quam
601 2478 658 2541 per
672 2457 762 2522 sedit'
741 2466 857 2522 tionem
870 2457 1040 2524 militarem
1057 2450 1137 2539 bicnl

145 2559 217 2614 ante
235 2551 277 2614 L.
292 2550 433 2616 Manlius
450 2560 575 2637 praetor
593 2550 626 2615 in
641 2547 746 2616 Gallia
764 2551 919 2629 vovisset,
937 2550 1076 2619 locatam
1089 2534 1137 2621 cdl

111 2651 270 2727 stempas
292 2666 357 2708 non
380 2665 466 2721 esse3
492 2644 599 2727 itaque
622 2644 780 2709 duumviri
802 2645 843 2710 ad
866 2666 937 2710 eam
959 2666 1028 2710 rem
1051 2639 1137 2712 creati

145 2732 193 2800 Μ
212 2735 351 2801 Aemilio
373 2745 515 2822 praetore
538 2736 608 2803 urb.
633 2735 672 2803 C.
690 2736 815 2823 Pupius
838 2748 870 2802 et
889 2736 994 2804 Caeso
1014 2732 1137 2822 Quinctil

146 2822 344 2896 Flamininus
363 2830 500 2895 aedem
491 2854 524 2895 m
542 2853 612 2897 arce
631 2831 809 2897 faciendam
824 2832 1019 2898 locaverunt.
1118 2858 1137 2899 .=

113 2943 127 2990 9
211 2921 267 2987 Ab
294 2924 404 2988 eodem
430 2935 519 3011 praet
520 2947 573 2991 ore
599 2947 639 2991 ex
666 2936 794 2991 senatus
822 2927 967 2993 consulto
993 2927 1137 2994 litteract

146 3015 292 3082 consules
310 3017 440 3097 missae,
459 3029 509 3096 ut,
533 3019 560 3084 si
576 3019 616 3085 iis
634 3020 802 3098 videretur,
826 3020 905 3086 alter
922 3042 1033 3087 eorum
1050 3022 1090 3088 ad
1102 3034 1137 3097 ott

117 3152 121 3161 ·
147 3108 232 3175 sules
254 3112 407 3178 creandos
428 3112 565 3179 Romam
590 3114 724 3180 veniret:
758 3137 792 3180 se
817 3114 851 3178 in
877 3135 948 3178 eam
975 3114 1060 3180 diem
1084 3126 1137 3197 qu!

96 3224 129 3271 1o
145 3204 314 3271 iussissent
340 3204 466 3286 comitia
493 3208 677 3273 edicturum.
713 3207 858 3274 adhaec
884 3232 904 3274 a
927 3207 1137 3275 consulibusn

147 3299 312 3385 scriptum,
337 3301 405 3367 sine
426 3302 612 3368 detrimento
633 3302 841 3388 reipublicae
859 3301 989 3369 abscedi
1006 3325 1071 3369 non
1085 3316 1137 3390 pc!

114 3434 122 3465 ,·
146 3391 187 3458 ab
212 3392 318 3474 hoste,
350 3395 457 3481 itaque
482 3418 539 3482 per
564 3395 752 3482 interregem
779 3394 905 3462 comitia
930 3395 1078 3462 habenda
1104 3410 1137 3461 et

98 3505 128 3553 11
146 3487 252 3572 potius
279 3510 375 3574 quam
402 3489 512 3555 consul
537 3489 616 3554 alter
642 3512 661 3554 a
686 3488 768 3555 bello
800 3499 995 3556 avocaretur.
1040 3484 1137 3578 patrib

145 3580 261 3647 rectius
288 3582 391 3648 visum
418 3592 467 3649 est
492 3583 676 3649 dictatorem
697 3605 717 3648 a
739 3582 876 3648 consule·
894 3584 958 3649 dici
984 3585 1137 3650 comitiorn

145 3673 363 3741 habendorum
385 3698 490 3740 causa.
531 3677 633 3742 dictus
655 3677 697 3741 L.
716 3676 867 3743 Veturius
889 3675 995 3743 Phile.
1019 3678 1068 3745 M.
1086 3675 1137 3742 Por

97 3789 128 3836 12
147 3769 276 3853 ponium
302 3767 490 3835 Mathonem
519 3772 707 3858 magistrum
737 3772 878 3858 equitum
905 3772 994 3839 dixit
1040 3768 1137 3841 iisd

148 3862 259 3928 creetis
275 3863 431 3949 iussisque
445 3864 496 3929 die
509 3875 619 3948 quarto
635 3866 756 3932 decimo
770 3889 804 3933 se
817 3867 1006 3952 magistratu
1024 3868 1137 3935 abdico

118 3998 127 4035 ·.
147 3975 198 4018 res
217 3955 258 4018 ad
274 3956 487 4045 interregnum
505 3958 607 4024 rediit.
