2528 4514
297 270 414 325 arnna
431 272 542 342 xxia,
561 274 603 326 11.
623 272 664 327 ra.
685 276 721 340 [a.
733 270 762 325 o.
772 272 834 341 211]
1013 263 1076 326 277

81 429 256 515 gentarias,
284 451 363 512 quae
382 428 465 493 circa
483 427 586 493 forum
603 429 782 493 Romanum
805 439 923 507 essent,
950 431 1077 496 iusserit

82 523 164 586 nire.
201 521 251 585 his
270 533 373 586 motus
392 522 432 586 ad
451 522 578 587 Tutiam
597 522 726 587 fluvium
745 532 848 588 castra
864 524 996 602 rettulit,
1020 548 1076 590 sex
1093 548 1110 595 8

81 616 129 680 ilia
147 639 301 700 passuum
323 614 363 680 ab
386 615 473 680 urbe.
517 616 590 680 inde
613 616 654 680 ad
674 615 781 681 lucum
800 616 952 682 Feroniae
975 620 1077 705 pergit

81 735 102 786 ε,
126 707 280 794 templum
299 730 336 773 ea
353 718 539 794 tempestate
556 709 708 774 inclutum
726 710 852 774 divitiis.
898 710 1075 797 Capenates
1095 733 1110 779 9

81 804 160 887 ique
179 802 304 867 accolae
322 803 389 867 eius
408 814 503 867 crant.
547 803 700 888 primitias
722 803 850 890 frugum
873 827 910 870 eo
932 807 1076 891 donaque

81 922 105 962 a
132 920 190 982 pro
214 899 305 982 copia
329 907 489 982 portantes
516 899 615 963 multo
643 921 719 964 auro
747 910 937 986 argentoque
962 902 996 966 id
1023 924 1077 966 ex-

81 1003 190 1057 natum
220 991 388 1056 habebant.
441 993 480 1058 iis
513 992 660 1057 omnibus
693 993 783 1058 donis
810 1004 877 1057 tum
910 995 1075 1079 spoliatum

81 1087 208 1171 mplum.
254 1086 334 1150 aeris
353 1087 470 1164 acervi,
499 1108 570 1150 cum
592 1087 705 1151 rudera
727 1085 840 1153 milites
862 1087 1012 1172 religione
1029 1089 1077 1153 in-

81 1181 134 1243 rcti
154 1180 306 1257 iacerent,
337 1189 410 1264 post
435 1179 660 1264 prosectionem
683 1178 872 1244 Hannibalis
898 1181 1005 1266 magni
1030 1181 1078 1244 in-

81 1274 141 1338 enti.
178 1273 271 1338 huius
290 1274 449 1358 populatio
467 1273 575 1358 templi
596 1273 682 1338 haud
699 1272 796 1339 dubia
813 1274 893 1337 inter
910 1275 1075 1357 scriptores
1095 1295 1127 1342 10

81 1378 103 1430 t.
159 1365 289 1431 Coelius
315 1367 451 1431 Romam
482 1377 608 1433 euntem
639 1366 679 1432 ab
706 1367 804 1432 Ereto
835 1368 1007 1432 devertisse
1038 1390 1075 1432 eo

81 1461 259 1526 annibalem
283 1463 389 1540 tradit,
416 1462 536 1546 iterque
559 1463 626 1527 eius
650 1462 689 1528 ab
711 1463 811 1527 Reate
835 1461 1023 1546 Cutiliisque
1046 1477 1076 1527 et

81 1584 85 1615 t
103 1556 270 1620 Amiterno
288 1556 420 1620 orditur:
443 1579 483 1620 ex
502 1555 678 1642 Campania
694 1557 727 1620 in
747 1554 925 1635 Samnium,
953 1557 1025 1622 inde
1042 1557 1075 1621 in
1095 1576 1124 1622 11

81 1649 215 1735 religuos
241 1651 423 1735 pervenisse
449 1660 633 1734 praeterque
661 1650 811 1735 oppidum
832 1649 1016 1715 Sulmonem
1041 1650 1075 1714 in

81 1744 244 1809 'arrucinos
263 1745 426 1822 transisse,
449 1745 521 1808 inde
540 1744 675 1809 Albensi
693 1767 768 1830 agro
787 1746 819 1808 in
836 1743 979 1824 Marsos,
1002 1745 1075 1809 hinc

81 1838 245 1903 mitemum
262 1838 458 1923 Forulosque
484 1840 589 1903 vicum
615 1840 749 1904 venisse.
793 1862 895 1924 neque
921 1840 965 1906 ibi
992 1864 1075 1906 error
1094 1859 1125 1905 12

81 1941 109 2008 t,
135 1933 220 2016 quod
244 1930 340 2018 [tanti
362 1931 467 2018 ducis]
491 1934 631 2017 tantique
653 1934 808 1998 exercitus
834 1935 969 2021 vestigia
994 1936 1075 1999 intra

81 2047 115 2087 nn
129 2024 232 2091 brevis
251 2026 320 2090 aevi
338 2028 519 2090 memoriam
538 2028 693 2111 potuerint
707 2027 897 2092 confundi-
909 2032 972 2094 isse
991 2029 1074 2092 enim

81 2131 224 2185 aconstat
236 2159 276 2199 -,
304 2131 424 2185 tantum
446 2122 480 2185 id
501 2122 643 2199 interest,
670 2123 829 2187 veneritne
852 2146 889 2187 eo
906 2124 1014 2189 itinere
1033 2124 1074 2189 ad
1094 2142 1124 2189 13

81 2211 155 2278 rbem
173 2239 214 2279 an
231 2214 271 2279 ab
290 2215 367 2280 urbe
385 2216 418 2278 in
437 2213 643 2299 Campaniam
661 2216 795 2279 redierit.

112 2309 190 2374 XII.
237 2308 386 2375 Ceterum
405 2333 467 2374 non
485 2319 637 2394 quantum
655 2310 807 2374 Romanis
825 2311 1014 2394 pertinaciae
1033 2311 1073 2374 ad
1092 2331 1105 2375 1

81 2405 246 2470 amendam
265 2403 428 2468 obsidione
447 2403 591 2489 Capuam
609 2403 683 2480 fuit,
707 2413 827 2467 tantum
846 2405 886 2467 ad
904 2402 1073 2467 defenden-

81 2515 121 2562 tur
136 2498 318 2564 Hannibali.
355 2520 490 2583 namque
514 2521 553 2562 ex
571 2498 711 2563 Lucanis
734 2499 767 2560 in
784 2497 944 2561 Bruttium
962 2520 1073 2584 agrum
1091 2515 1106 2561 a

81 2585 226 2657 dsretum
253 2616 290 2656 ac
307 2593 444 2678 Regium
471 2613 508 2656 eo
532 2614 626 2656 cursu
648 2591 819 2668 contendit,
848 2601 883 2655 ut
903 2612 1001 2676 prope
1022 2612 1073 2654 re-

81 2685 171 2750 atino
193 2687 330 2750 adventu
352 2688 493 2751 incautos
517 2684 715 2769 oppresserit.
762 2682 873 2770 Capua
895 2685 954 2749 etsi
975 2683 1072 2749 nihilo
1092 2701 1107 2748 3

81 2779 172 2860 egrius
200 2780 332 2845 obsessa
358 2803 415 2865 per
441 2803 495 2846 eos
523 2780 590 2844 dies
617 2779 736 2856 fuerat,
773 2788 878 2844 tamen
903 2779 1073 2844 adventum

81 2859 152 2938 lacci
169 2875 280 2951 sensit,
300 2884 330 2938 et
348 2874 511 2939 admiratio
531 2883 599 2938 orta
616 2883 678 2950 est,
701 2895 764 2936 non
783 2873 876 2938 simul
893 2895 1073 2959 regressum

81 2953 267 3032 lannibalem.
320 2968 393 3031 inde
418 2990 475 3052 per
502 2966 665 3050 conloquia
690 2965 921 3042 intellexerunt,
948 2967 1071 3030 relictos
1091 2987 1108 3032 4

81 3063 309 3145 tdesertosque
336 3072 368 3125 et
395 3084 483 3146 spem
511 3059 641 3145 Capuae
672 3060 850 3124 retinendae
882 3058 1072 3143 deploratam

81 3165 120 3217 tut
137 3156 262 3220 Poenos
281 3177 361 3221 esse.
406 3155 539 3220 accessit
557 3155 693 3219 edictum
712 3152 906 3238 proconsulis
926 3173 966 3216 ex
984 3171 1106 3217 sena-5

81 3260 95 3303 Β
114 3249 258 3314 consulto
275 3249 472 3334 propositum
492 3248 716 3334 vulgatumque
734 3257 809 3332 aput
826 3245 940 3322 hostis,
967 3243 1073 3326 utqui

81 3339 122 3409 tis
142 3342 325 3429 Campanus
345 3356 416 3408 ante
434 3353 550 3408 certam
574 3342 657 3406 diem
675 3342 850 3416 transisset,
879 3339 945 3403 sine
962 3337 1072 3402 fraude

81 3449 137 3503 set.
181 3461 240 3503 nec
259 3437 323 3502 ulla
345 3438 429 3502 sacta
447 3446 494 3503 est
516 3437 658 3501 transitio
681 3444 767 3499 metu
784 3433 886 3518 magis
906 3454 959 3496 eos
978 3453 1071 3515 quam
1091 3453 1105 3498 o
1140 3433 1145 3439 “

81 3523 107 3592 le
138 3533 329 3608 continente,
366 3532 440 3615 quia
471 3532 590 3596 maiora
619 3531 652 3594 in
678 3528 852 3592 defectione
880 3525 1072 3609 deliquerant

81 3642 139 3691 am
166 3627 280 3711 quibus
306 3627 429 3713 ignosci
451 3636 567 3712 posset.
604 3635 741 3690 ceterum
764 3644 858 3704 quem
881 3620 921 3684 ad
943 3619 1104 3684 modum?

81 3732 137 3786 uro
155 3722 276 3806 privato
295 3721 425 3786 consilio
443 3722 483 3786 ad
505 3721 628 3784 hostem
646 3715 811 3794 transibat,
835 3716 878 3780 ita
894 3713 971 3778 nihil
990 3713 1072 3776 salu-

81 3825 111 3878 ’θ
135 3816 169 3879 in
195 3816 333 3880 medium
361 3814 592 3880 consulebatur.
648 3810 793 3876 nobilitas
820 3831 886 3874 rem
913 3806 1105 3893 publicamss

81 3920 248 3974 seruerant
266 3932 366 3992 neque
384 3910 417 3973 in
432 3919 574 3973 senatum
588 3907 659 3993 cogi
671 3913 823 3991 poterant,
842 3904 875 3967 in
888 3901 1072 3988 magistratu

81 4013 113 4067 tt
129 4005 183 4089 qui
202 4004 343 4069 nonsibi
365 4003 515 4068 honorem
538 4002 716 4077 adiecisset,
741 3999 796 4064 sed
814 3996 997 4086 indignitate
1016 4017 1073 4059 sua
1127 3998 1129 4003 ’
