2528 4514
143 246 208 312 320
349 254 466 310 amun
483 253 597 323 xxvr,
616 253 658 309 49.
673 251 716 307 oo.
738 252 930 322 [anasse]

142 415 228 481 mani
248 422 450 501 potestatem,
477 412 532 495 qui
554 410 705 476 beneficio
727 432 824 495 quam
846 421 937 477 metu
957 410 1089 498 obligare
1103 409 1144 476 bo·

143 509 244 574 mines
270 506 359 571 malit
385 514 569 588 exterasque
595 505 699 590 gentis
725 504 789 569 fide
815 525 853 569 ac
876 505 1029 571 societate
1051 505 1145 569 iunctas

107 602 259 675 ahebere
284 621 380 684 quam
406 598 488 664 tristi
519 598 676 664 subiectas
708 598 844 664 servitio.
898 599 1016 665 deinde
1040 598 1147 685 acceptis

142 693 321 760 nominibus
348 692 521 757 civitatium
547 692 705 757 recensuit
730 692 888 777 captivos,
920 702 1002 777 quot
1026 693 1147 775 cuiusque
1186 693 1189 703 '

142 789 252 874 populi
269 795 388 864 essent,
415 795 446 850 et
464 787 590 851 nuntios
609 786 738 850 domum
755 786 855 864 misit,
883 797 920 853 ut
937 790 982 853 ad
1001 810 1072 856 auos
1086 786 1148 871 quie
1186 856 1187 864 χ

93 905 125 955 10
143 905 204 967 que
221 881 416 967 recipiendos
434 880 563 945 veniret
592 879 619 944 si
637 902 770 964 quarum
788 879 869 945 forte
888 881 1065 947 civitatium
1078 878 1147 967 legati
1185 886 1187 893 '

142 977 285 1053 aderant,
305 975 350 1040 eis
367 973 586 1059 praesentibus
605 996 680 1038 suos
697 974 849 1052 restituit,
873 985 1054 1041 ceterorum
1068 996 1147 1041 cuuu

143 1070 280 1156 benigne
297 1068 485 1132 tuendorum
504 1065 542 1132 O.
560 1067 717 1133 Flaminio
735 1070 895 1152 quaestori
912 1069 1065 1137 attribuit.
1187 1108 1189 1113 ·

93 1188 123 1236 11
206 1163 294 1228 Inter
311 1162 389 1227 haec
407 1184 425 1226 e
442 1161 546 1226 media
559 1160 652 1226 turba
665 1160 811 1226 obsidum
828 1162 944 1228 mulier
956 1185 1073 1250 magno
1086 1170 1145 1237 nota

142 1256 297 1323 Mandoni
314 1279 407 1333 uxor,
435 1255 490 1338 qui
508 1255 604 1319 frater
620 1255 766 1321 Indibilis
787 1255 967 1342 Ilergetum
983 1257 1081 1344 reguli
1094 1262 1144 1331 erl.
1179 1254 1181 1263 ’

142 1351 220 1417 flens
238 1352 280 1416 ad
300 1350 398 1436 pedes
420 1349 616 1435 imperatoris
637 1349 806 1434 procubuit
827 1350 1044 1437 obtestarique
1063 1348 1144 1435 coelii.
1176 1426 1179 1433 ,

142 1455 178 1510 ut
208 1445 316 1510 duram
348 1444 529 1527 cultumque
560 1443 748 1508 feminarum
781 1444 960 1529 impensius
996 1443 1143 1511 cutodita
1176 1446 1179 1455 '

93 1565 124 1612 12
144 1539 385 1606 commendaret.
430 1559 503 1602 cum
522 1535 630 1622 Scipio
656 1538 734 1602 nihil
760 1538 943 1605 defuturum
966 1536 1144 1627 profectod·
1179 1544 1189 1551 '

144 1644 240 1712 ceret,
276 1644 343 1697 tum
364 1655 458 1699 rusus
480 1632 611 1699 mulier:
645 1633 723 1699 ‘hau
743 1635 853 1720 magni
875 1636 938 1701 ista
960 1634 1144 1702 facimus’ir·
1187 1662 1189 1667 ·

143 1730 224 1814 quit3
252 1728 344 1810 ‘quid
369 1727 453 1793 enim
478 1727 552 1792 huic
578 1727 723 1793 fortunae
748 1730 812 1793 norl
835 1729 911 1794 satis
935 1730 1006 1796 est?
1039 1730 1096 1796 alia
1112 1746 1176 1811 ιιι·Ι

143 1846 219 1888 cura
248 1831 382 1885 aetatem
412 1821 524 1886 barum
550 1822 723 1887 intuentem
743 1859 771 1870 —·
791 1845 866 1889 nam
896 1824 971 1909 ipsa
1000 1825 1063 1891 iam
1085 1830 1143 1889 nu
1174 1876 1189 1887 .

93 1938 124 1986 13
142 1915 315 2002 periculum
342 1914 472 1978 iniuriae
499 1915 659 1982 muliebris
686 1940 757 1982 sum
774 1954 801 1965 -
818 1917 980 1985 stimulat!
1023 1928 1056 1985 et
1073 1912 1152 1984 Μ

144 2019 175 2074 et
187 2008 290 2073 forma
301 2006 447 2072 florentes
461 2009 628 2075 circaeam
641 2009 786 2075 Indibilis
800 2010 884 2076 filiae
898 2010 1006 2099 [erant
1023 2010 1142 2097 oliaelq!

142 2102 304 2168 nobilitate
329 2102 411 2188 pari,
442 2126 523 2187 quae
550 2126 659 2170 omnes
686 2127 756 2169 eam
781 2128 839 2191 pro
864 2119 998 2192 parente
1025 2107 1143 2175 edebat
1185 2102 1189 2111 ¹

93 2221 125 2270 14
144 2207 211 2262 tum
238 2194 345 2281 Scipio
373 2203 475 2261 ‘meac
501 2198 671 2282 populique
701 2198 839 2264 Romani
869 2201 1056 2288 disciplinae
1079 2218 1143 2267 cetu

143 2292 278 2357 facerem
287 2295 305 2374 ‚'
332 2291 434 2374 inquit
461 2297 515 2355 ‘ne
537 2293 628 2375 quid,
655 2295 740 2377 quod
762 2304 906 2359 sanctum
928 2319 1065 2382 usquam
1080 2302 1142 2367 aaa

92 2410 124 2457 15
142 2396 218 2472 aput
240 2409 297 2451 nos
320 2385 502 2463 violaretur3
528 2407 612 2450 nunc
634 2396 669 2450 ut
686 2387 720 2452 id
742 2410 849 2453 curem
866 2390 1048 2476 inpensius,
1071 2398 1143 2455 vab!

143 2503 267 2565 quoque
285 2480 384 2544 virtus
403 2480 603 2566 dignitasque
622 2480 712 2559 facit,
731 2504 812 2565 quse
830 2505 871 2548 ne
888 2485 922 2549 in
940 2487 1034 2552 malis
1050 2483 1143 2571 quido!
1187 2488 1189 2493 ’

93 2598 123 2646 16
143 2575 257 2640 oblitae
288 2573 409 2639 decoris
440 2574 621 2639 matronalis
654 2575 749 2639 estis?
795 2587 957 2661 spectatae
988 2575 1144 2645 deinde'n

142 2667 295 2753 tegritatis
314 2668 381 2732 viro
399 2668 525 2732 tradidit
543 2690 610 2744 eas,
630 2669 771 2751 tuerique
789 2669 875 2735 baud
894 2693 989 2738 secus
1002 2667 1143 2739 vereouol!

141 2782 180 2845 ac
197 2761 339 2825 modeste
358 2782 453 2844 quam
470 2762 631 2846 hospitum
649 2763 799 2849 coniuges
818 2786 856 2829 ac
873 2775 993 2833 matres
1011 2767 1105 2832 iussit.

109 2881 122 2927 ι
205 2855 248 2920 L.
303 2855 438 2941 Captiva
467 2858 580 2922 deinde
611 2882 630 2922 a
655 2858 806 2924 militibus
838 2861 1009 2928 adducitur
1039 2863 1078 2929 ad
1098 2876 1143 2927 et!
1177 2934 1187 2941 ,

142 2950 249 3014 adulta
266 2950 355 3035 virgo
374 2950 452 3015 adeo
471 2953 585 3017 eximia
603 2952 717 3030 forma,
740 2962 776 3017 ut
794 2976 997 3040 quacumque
1013 2952 1144 3023 inodeu

107 3068 123 3114 2
143 3052 336 3109 converteret
353 3044 492 3109 omnium
510 3045 628 3111 oculos.
661 3044 783 3132 Scipio,
801 3060 1028 3132 percunctatus
1045 3048 1144 3138 petrin

141 3149 363 3223 parentesque,
390 3138 471 3202 inter
497 3149 601 3204 cetera
622 3141 757 3226 accepit,
784 3142 980 3228 desponsam
1002 3168 1072 3211 eam
1089 3140 1145 3230 prit-

106 3253 123 3301 3
142 3233 204 3317 cipi
222 3230 453 3297 Celtiberorum
471 3233 678 3311 adulescenti,
705 3233 840 3301 Aluccio
862 3259 984 3305 nomen
1004 3250 1079 3307 erat.
1113 3252 1146 3299 ss·

142 3327 259 3412 templo
277 3327 374 3412 igitur
390 3326 572 3413 parentibus
592 3350 771 3415 sponsoque
789 3330 829 3396 ab
848 3331 946 3398 domo
964 3335 1086 3411 accitis,
1099 3346 1146 3397 cult

141 3421 264 3485 interim
278 3422 412 3499 audiret,
431 3421 572 3507 deperire
586 3444 659 3488 eum
677 3446 812 3508 sponsae
830 3448 955 3505 amore,
974 3428 1031 3494 ubi
1042 3427 1146 3514 prinu

142 3516 242 3593 venit,
269 3517 460 3582 accuratiore
487 3539 560 3580 eum
586 3540 729 3583 sermone
755 3541 849 3602 quam
872 3523 1016 3606 parentis
1039 3512 1149 3603 adloqui·

105 3631 124 3678 4
142 3621 206 3677 tur:
240 3611 390 3675 ‘iuvenis’
412 3611 514 3695 inquit
536 3611 696 3677 ‘iuvenem
718 3613 854 3698 appello,
889 3613 986 3705 [quo]
1009 3618 1107 3683 minor
1125 3608 1148 3675 cl

141 3706 301 3770 internos
324 3705 417 3770 huius
442 3706 594 3771 sermonis
616 3708 813 3773 verecundia.
858 3731 937 3796 ego,
966 3734 1041 3777 cum
1062 3724 1150 3797 spoufl

141 3809 196 3864 tua
214 3810 306 3884 capta
323 3824 343 3864 a
360 3800 510 3866 militibus
529 3801 644 3866 nostris
667 3802 776 3868 adme
794 3803 891 3869 ducto
912 3816 1002 3873 esset
1024 3806 1152 3875 audirer

108 3912 126 3958 o
144 3912 204 3973 que
222 3893 279 3958 tibi
296 3916 366 3959 eam
384 3895 470 3961 cordi
488 3918 558 3961 esse
575 3905 607 3961 et
624 3895 727 3960 forma
744 3896 862 3963 faceret
878 3897 989 3979 fidem,
1007 3901 1081 3985 quia
1095 3898 1152 3983 ipa

144 3983 171 4048 si
188 3984 250 4049 frui
267 3986 373 4054 liceret
390 3990 465 4054 ludo
483 3989 820 4075 aetatis-praesertim
838 3991 872 4057 in
889 4002 979 4059 recto
994 4004 1026 4061 et
1038 3992 1153 4080 legitimo
