2566 4538
203 217 268 283 528
434 227 553 282 LIBER
570 226 671 297 XXX,
688 223 732 279 43.
747 223 790 280 ta
810 224 993 295 [auebbd]

172 409 285 473 rquos
310 384 459 450 mandata
480 407 501 446 a
520 381 705 468 propinquis
725 379 887 446 baberent.
929 381 1046 464 quibus
1067 384 1234 450 conventis

204 505 277 547 eum
296 501 407 544 rursus
427 486 582 562 peterent,
613 474 675 540 sibi
695 497 775 558 quos
797 474 912 539 vellent
932 497 973 539 ex
994 475 1034 541 iis
1059 476 1233 542 redimendi

204 583 345 661 potestas
361 571 464 648 tieret,
481 569 561 634 inssi
577 569 704 633 nomina
720 569 827 646 edere;
844 579 876 632 et
892 590 965 633 cum
981 567 1120 634 dueenta
1135 569 1233 635 ferme

171 690 188 737 8
206 670 347 744 ederent,
370 673 497 730 senatus
515 662 694 727 consultum
710 661 829 726 sactum
847 671 909 738 est,
931 671 967 725 nt
983 661 1081 748 legati
1097 662 1234 729 Romani

206 765 357 826 ducentos
374 781 416 822 ex
431 756 579 842 captivis,
595 778 676 839 quos
693 754 971 841 Carthaginienses
988 757 1121 834 vellent,
1140 759 1180 823 ad
1194 758 1232 822 P.

207 852 390 920 Cornelium
413 852 447 914 in
463 850 608 915 Africum
633 850 832 935 deportarent
856 850 1099 934 nuntiarentque
1119 852 1162 929 ei,
1188 862 1229 928 ut,

205 949 235 1013 si
251 969 315 1032 pax
331 944 543 1020 convenisset,
562 943 629 1008 sine
645 943 748 1028 pretio
764 965 820 1008 eos
833 939 1149 1028 Carthaginiensibus
1165 946 1234 1010 red·

172 1063 188 1110 9
207 1043 302 1106 deret.
345 1038 468 1103 fetiales
490 1059 564 1101 cum
583 1037 617 1100 in
634 1036 778 1101 Africam
799 1037 841 1101 ad
861 1036 974 1102 foedus
990 1037 1167 1102 feriendum
1187 1039 1233 1102 ire

206 1133 400 1208 iuberentur,
424 1132 505 1216 ipsis
521 1129 753 1216 postulantibus
770 1139 898 1195 senatus
919 1131 1099 1196 consultum
1114 1131 1235 1196 factum

206 1237 256 1292 est
271 1227 305 1290 in
321 1225 401 1289 haec
416 1223 527 1301 verba,
544 1234 580 1288 ut
596 1225 703 1310 privos
719 1224 841 1310 lapides
858 1224 963 1289 silices
979 1226 1149 1310 privasque
1167 1248 1236 1289 rer·

206 1321 305 1386 benas
323 1339 432 1384 seeum
447 1317 578 1382 ferrent:
611 1318 656 1382 uti
671 1329 797 1403 praetor
811 1317 976 1383 Romanus
992 1319 1173 1404 imperaret,
1200 1330 1236 1381 ut

206 1414 320 1478 foedus
336 1411 478 1488 ferirent,
495 1411 542 1475 illi
558 1422 733 1497 praetorem
750 1412 894 1497 ngmim
909 1422 1084 1498 poscerent.
1117 1411 1236 1476 herbae

207 1507 241 1570 id
256 1527 359 1592 genus
375 1527 416 1569 ex
433 1526 505 1568 arce
523 1514 684 1591 sumptum
700 1504 860 1570 fetialibus
876 1506 946 1570 dari
963 1505 1053 1570 solet.

157 1620 191 1668 10
270 1600 322 1664 Ita
338 1598 461 1663 dimissi
477 1597 518 1664 ab
533 1598 638 1664 Roma
651 1599 928 1686 Carthaginienses
945 1623 1019 1664 enm
1039 1600 1073 1664 in
1088 1597 1237 1663 Africam

206 1694 367 1759 venissent
387 1694 429 1757 ad
446 1690 642 1777 Scipionem,
668 1693 784 1777 quibus
804 1709 877 1758 ante
898 1693 1018 1758 dictum
1038 1702 1089 1757 est
1107 1692 1236 1778 legibus

157 1801 188 1854 1'1
207 1810 318 1873 pacem
334 1786 485 1851 fecerunt.
528 1809 626 1851 naves
643 1787 769 1874 longas,
786 1787 983 1872 elephantos,
1000 1786 1171 1872 perfugas,
1189 1786 1238 1850 fn-

207 1882 337 1966 gitivos‚
355 1880 549 1965 captivorum
565 1891 713 1964 quattuor
728 1881 816 1946 milia
832 1882 1038 1957 tradiderunt,
1055 1881 1141 1945 inter
1158 1903 1236 1988 quos

157 1975 251 2056 12Q.
278 1973 444 2038 Terentius
471 1972 584 2039 Culleo
609 1986 735 2039 senator
758 1975 829 2040 fnit.
887 1997 985 2039 naves
1010 1983 1181 2059 provectas
1205 1975 1235 2038 in

207 2068 306 2131 altum
330 2066 456 2133 incendi
479 2067 581 2133 iussit.
633 2069 820 2155 quingentas
845 2067 945 2133 fuisse
970 2067 1073 2132 omnis
1099 2068 1233 2154 generis,

207 2185 289 2247 qnae
309 2163 405 2227 remis
425 2173 605 2248 agerentur,
632 2163 762 2246 quidam
782 2163 921 2227 tradunt:
951 2183 1087 2245 quarum
1104 2182 1234 2246 eonspe-

206 2271 294 2321 ctum
309 2266 436 2341 repente
452 2257 631 2321 incendium
647 2268 712 2321 tam
732 2255 868 2342 lugubre
887 2256 987 2321 fuisse
1002 2255 1123 2320 Poenis
1141 2277 1232 2339 quam

159 2371 191 2418 ra
209 2351 237 2415 si
258 2352 329 2436 ipsa
345 2349 506 2436 Carthago
526 2351 658 2414 arderet.
702 2351 743 2415 de
763 2350 905 2436 perfugis
925 2350 1054 2436 gravius
1075 2349 1233 2432 quamde

207 2445 350 2530 fugitivis
367 2444 559 2521 eonsnltnm3
577 2444 712 2508 nominis
725 2444 835 2508 Latini
850 2444 906 2528 qui
922 2452 1024 2520 erant,
1043 2444 1149 2508 securi
1166 2465 1233 2528 per-

207 2539 306 2615 cussi,
323 2538 460 2602 Romani
475 2539 509 2601 in
526 2559 650 2602 crucem
668 2538 792 2604 sublati.

173 2652 187 2696 1
270 2631 499 2696 XXXXIIII.
541 2631 739 2696 Annisante
759 2630 1233 2718 qnadragintapaxcumCar·

207 2723 455 2810 thaginiensibus
472 2736 632 2810 postremo
647 2724 733 2790 facta
748 2736 816 2790 erat
832 2725 874 2808 Q.
891 2725 1036 2801 Lutatio,
1052 2724 1099 2789 A.
1111 2724 1233 2788 Manlio

172 2815 398 2882 aeonsulibus
448 2818 563 2882 bellum
588 2820 700 2883 initum
725 2820 815 2884 annis
841 2830 914 2904 post
939 2818 1039 2884 tribus
1063 2829 1097 2882 et
1121 2818 1234 2904 viginti

205 2909 244 2973 P.
272 2907 438 2989 Comelio‚
482 2911 533 2975 Ti.
561 2910 749 2998 Sempronio
782 2911 982 2988 consulibus,
1025 2911 1154 2975 finitum
1189 2921 1234 2976 est

207 3004 480 3089 septimodecimo
500 3028 583 3070 anno
601 3006 661 3071 Cn.
680 3005 842 3083 Cornelio,
867 3004 907 3070 P.
923 3005 1019 3070 Aelio
1034 3003 1140 3070 Paeto
1162 3028 1235 3070 oon-

172 3115 189 3160 a
207 3097 338 3163 salibus.
365 3121 460 3184 saepe
475 3097 776 3185 postenScipionem
792 3100 898 3165 ferunt
909 3099 1038 3175 dixisse,
1054 3097 1106 3162 Ti.
1118 3099 1236 3164 Claudi

205 3191 344 3274 primum
368 3192 585 3277 cupiditatem,
611 3195 685 3258 dein
706 3193 767 3258 Cn.
786 3191 925 3258 Cornelii
948 3191 1049 3258 fusse
1073 3192 1110 3256 in
1136 3216 1234 3269 mora,
1275 3226 1277 3277 i

205 3305 269 3366 quo
285 3286 390 3350 minus
406 3285 440 3349 id
455 3284 574 3350 bellum
590 3287 686 3352 exitio
703 3286 905 3374 Carthaginis
920 3285 1032 3350 liniret.

170 3395 189 3440 4
270 3377 456 3464 Carthagini
471 3400 545 3444 eum
560 3380 663 3465 prima
682 3381 817 3446 conlatio
836 3380 989 3466 pecuniae
1009 3379 1133 3444 diutino
1151 3380 1234 3446 bello

205 3470 366 3536 exhaustis
383 3472 521 3537 difficilis
537 3475 695 3538 rideretur
710 3476 928 3558 maestitiaque
939 3482 973 3538 et
987 3472 1082 3538 fletus
1098 3473 1234 3538 incuria

169 3583 188 3629 5
205 3573 303 3639 esset,
328 3565 481 3630 ridentem
506 3566 718 3633 Hannibalem
743 3569 848 3633 ferunt
874 3577 1089 3652 conspectum
1144 3569 1232 3632 cuius

204 3679 277 3720 enm
294 3657 477 3724 Hasdrubal
494 3660 627 3726 Haedus
644 3664 743 3728 risum
758 3663 934 3748 increparet
948 3662 983 3726 in
998 3660 1130 3746 publioo
1147 3661 1231 3736 fletu»
1275 3694 1277 3723 ι

170 3751 703 3836 seumipselacrimnrumeausa
725 3767 825 3834 esset,
852 3757 1013 3840 ‘siquem
1037 3756 1226 3822 admodum

204 3844 267 3906 oris
288 3843 413 3910 habitus
435 3850 572 3913 cernitur
591 3842 716 3926 oculis?
739 3851 841 3934 inquit
863 3848 926 3915 ‘sie
945 3859 979 3914 et
998 3849 1127 3915 animus
1143 3850 1224 3913 intus

202 3937 288 4000 cerni
303 3950 425 4021 posset,
447 3941 540 4008 facile
556 3942 647 4008 vobis
664 3957 840 4030 appareret,
861 3966 927 4009 non
941 3943 1032 4021 heti,
1059 3943 1116 4010 sed
1130 3960 1228 4026 pmpe
