<?xml version="1.0" encoding="UTF-8"?>
<!DOCTYPE html PUBLIC "-//W3C//DTD XHTML 1.0 Transitional//EN"
    "http://www.w3.org/TR/xhtml1/DTD/xhtml1-transitional.dtd">
<html xmlns="http://www.w3.org/1999/xhtml" xml:lang="en" lang="en">
 <head>
  <title>
</title>
<meta http-equiv="Content-Type" content="text/html;charset=utf-8" />
  <meta name='ocr-system' content='tesseract 3.04.00' />
  <meta name='ocr-capabilities' content='ocr_page ocr_carea ocr_par ocr_line ocrx_word'/>
</head>
<body>
  <div class='ocr_page' id='page_1' title='image "./titiliviaburbec00weisgoog_0247.png"; bbox 0 0 2528 4514; ppageno 0'>
   <div class='ocr_carea' id='block_1_1' title="bbox 209 233 991 320">
    <p class='ocr_par' dir='ltr' id='par_1_1' title="bbox 209 233 991 320">
     <span class='ocr_line' id='line_1_1' title="bbox 209 233 991 320; baseline 0.005 -19"><span class='ocrx_word' id='word_1_1' title='bbox 209 244 456 318; x_wconf 74' lang='lat' dir='ltr'>munxxm,</span> <span class='ocrx_word' id='word_1_2' title='bbox 475 246 517 303; x_wconf 87' lang='lat'>14.</span> <span class='ocrx_word' id='word_1_3' title='bbox 531 245 574 303; x_wconf 83' lang='lat'>15.</span> <span class='ocrx_word' id='word_1_4' title='bbox 593 249 632 317; x_wconf 76' lang='lat' dir='ltr'>[a</span> <span class='ocrx_word' id='word_1_5' title='bbox 643 248 674 303; x_wconf 90' lang='lat' dir='ltr'>c.</span> <span class='ocrx_word' id='word_1_6' title='bbox 684 248 748 320; x_wconf 80' lang='lat'>216]</span> <span class='ocrx_word' id='word_1_7' title='bbox 927 233 991 305; x_wconf 69' lang='lat'>127</span> 
     </span>
    </p>
   </div>
   <div class='ocr_carea' id='block_1_2' title="bbox 95 399 1047 2099">
    <p class='ocr_par' dir='ltr' id='par_1_2' title="bbox 95 399 1047 2099">
     <span class='ocr_line' id='line_1_2' title="bbox 99 399 994 495; baseline 0.01 -28"><span class='ocrx_word' id='word_1_8' title='bbox 99 399 262 470; x_wconf 71' lang='lat' dir='ltr'>tamenta</span> <span class='ocrx_word' id='word_1_9' title='bbox 278 403 426 471; x_wconf 86' lang='lat' dir='ltr'>Romana</span> <span class='ocrx_word' id='word_1_10' title='bbox 451 426 524 471; x_wconf 89' lang='lat' dir='ltr'>oum</span> <span class='ocrx_word' id='word_1_11' title='bbox 549 405 612 472; x_wconf 87' lang='lat' dir='ltr'>fide</span> <span class='ocrx_word' id='word_1_12' title='bbox 637 416 792 492; x_wconf 87' lang='lat' dir='ltr'>perstare,</span> <span class='ocrx_word' id='word_1_13' title='bbox 818 407 909 495; x_wconf 83' lang='lat' dir='ltr'>plebs</span> <span class='ocrx_word' id='word_1_14' title='bbox 935 431 994 477; x_wconf 92' lang='lat' dir='ltr'>no-</span> 
     </span>
     <span class='ocr_line' id='line_1_3' title="bbox 95 496 993 583; baseline 0.01 -23"><span class='ocrx_word' id='word_1_15' title='bbox 95 514 116 573; x_wconf 89' lang='lat' dir='ltr'>r,</span> <span class='ocrx_word' id='word_1_16' title='bbox 132 505 158 561; x_wconf 90' lang='lat' dir='ltr'>ut</span> <span class='ocrx_word' id='word_1_17' title='bbox 177 496 265 575; x_wconf 91' lang='lat' dir='ltr'>solet,</span> <span class='ocrx_word' id='word_1_18' title='bbox 291 519 397 563; x_wconf 88' lang='lat' dir='ltr'>rerum</span> <span class='ocrx_word' id='word_1_19' title='bbox 418 508 514 583; x_wconf 84' lang='lat' dir='ltr'>atque</span> <span class='ocrx_word' id='word_1_20' title='bbox 530 498 722 566; x_wconf 71' lang='lat' dir='ltr'><strong>Hannibalis</strong></span> <span class='ocrx_word' id='word_1_21' title='bbox 745 508 812 567; x_wconf 87' lang='lat' dir='ltr'>tota</span> <span class='ocrx_word' id='word_1_22' title='bbox 833 524 905 569; x_wconf 90' lang='lat' dir='ltr'>esse</span> <span class='ocrx_word' id='word_1_23' title='bbox 926 524 993 569; x_wconf 88' lang='lat' dir='ltr'>me-</span> 
     </span>
     <span class='ocr_line' id='line_1_4' title="bbox 95 592 992 681; baseline 0.01 -27"><span class='ocrx_word' id='word_1_24' title='bbox 95 609 117 654; x_wconf 88' lang='lat' dir='ltr'>u</span> <span class='ocrx_word' id='word_1_25' title='bbox 135 612 268 680; x_wconf 79' lang='lat' dir='ltr'>agrorum</span> <span class='ocrx_word' id='word_1_26' title='bbox 297 592 510 678; x_wconf 74' lang='lat' dir='ltr'><strong>populationis</strong></span> <span class='ocrx_word' id='word_1_27' title='bbox 537 604 569 660; x_wconf 89' lang='lat' dir='ltr'>et</span> <span class='ocrx_word' id='word_1_28' title='bbox 593 594 743 681; x_wconf 88' lang='lat' dir='ltr'>patienda</span> <span class='ocrx_word' id='word_1_29' title='bbox 767 594 802 661; x_wconf 92' lang='lat' dir='ltr'>in</span> <span class='ocrx_word' id='word_1_30' title='bbox 827 595 992 664; x_wconf 82' lang='lat' dir='ltr'>obsidione</span> 
     </span>
     <span class='ocr_line' id='line_1_5' title="bbox 95 686 1028 775; baseline 0.011 -24"><span class='ocrx_word' id='word_1_31' title='bbox 95 686 182 771; x_wconf 38' lang='lat' dir='ltr'>,gravia</span> <span class='ocrx_word' id='word_1_32' title='bbox 192 687 385 775; x_wconf 85' lang='lat' dir='ltr'>indignaque</span> <span class='ocrx_word' id='word_1_33' title='bbox 398 710 573 775; x_wconf 85' lang='lat' dir='ltr'>proponere</span> <span class='ocrx_word' id='word_1_34' title='bbox 587 689 703 755; x_wconf 84' lang='lat' dir='ltr'>animo.</span> <span class='ocrx_word' id='word_1_35' title='bbox 729 711 834 775; x_wconf 87' lang='lat' dir='ltr'>neque</span> <span class='ocrx_word' id='word_1_36' title='bbox 847 702 992 760; x_wconf 74' lang='lat' dir='ltr'>auctores</span> <span class='ocrx_word' id='word_1_37' title='bbox 1010 712 1028 761; x_wconf 82' lang='lat' dir='ltr'>s</span> 
     </span>
     <span class='ocr_line' id='line_1_6' title="bbox 95 778 994 874; baseline 0.01 -29"><span class='ocrx_word' id='word_1_38' title='bbox 95 778 151 847; x_wconf 90' lang='lat' dir='ltr'>ionis</span> <span class='ocrx_word' id='word_1_39' title='bbox 165 781 305 854; x_wconf 69' lang='lat' dir='ltr'>{demant</span> <span class='ocrx_word' id='word_1_40' title='bbox 349 782 454 868; x_wconf 88' lang='lat' dir='ltr'>itaque</span> <span class='ocrx_word' id='word_1_41' title='bbox 476 782 532 849; x_wconf 93' lang='lat' dir='ltr'>ubi</span> <span class='ocrx_word' id='word_1_42' title='bbox 554 793 698 851; x_wconf 88' lang='lat' dir='ltr'>senatum</span> <span class='ocrx_word' id='word_1_43' title='bbox 719 790 823 852; x_wconf 79' lang='lat' dir='ltr'>metus</span> <span class='ocrx_word' id='word_1_44' title='bbox 841 787 938 874; x_wconf 87' lang='lat' dir='ltr'>cepit,</span> <span class='ocrx_word' id='word_1_45' title='bbox 965 788 994 855; x_wconf 90' lang='lat' dir='ltr'>si</span> 
     </span>
     <span class='ocr_line' id='line_1_7' title="bbox 95 871 994 954; baseline 0.01 -15"><span class='ocrx_word' id='word_1_46' title='bbox 95 871 328 954; x_wconf 76' lang='lat' dir='ltr'>intenderent,</span> <span class='ocrx_word' id='word_1_47' title='bbox 363 877 468 942; x_wconf 77' lang='lat' dir='ltr'>resisti</span> <span class='ocrx_word' id='word_1_48' title='bbox 499 877 691 943; x_wconf 87' lang='lat' dir='ltr'>multitudini</span> <span class='ocrx_word' id='word_1_49' title='bbox 719 879 894 947; x_wconf 73' lang='lat' dir='ltr'>concitatae</span> <span class='ocrx_word' id='word_1_50' title='bbox 927 904 994 948; x_wconf 93' lang='lat' dir='ltr'>non</span> 
     </span>
     <span class='ocr_line' id='line_1_8' title="bbox 95 969 991 1043; baseline 0.012 -11"><span class='ocrx_word' id='word_1_51' title='bbox 95 970 249 1035; x_wconf 57' lang='lat' dir='ltr'>,secunda</span> <span class='ocrx_word' id='word_1_52' title='bbox 283 969 460 1037; x_wconf 89' lang='lat' dir='ltr'>simulando</span> <span class='ocrx_word' id='word_1_53' title='bbox 495 971 676 1038; x_wconf 88' lang='lat' dir='ltr'>dilationem</span> <span class='ocrx_word' id='word_1_54' title='bbox 711 972 787 1039; x_wconf 87' lang='lat' dir='ltr'>mali</span> <span class='ocrx_word' id='word_1_55' title='bbox 818 974 991 1043; x_wconf 82' lang='lat' dir='ltr'>inveniunt.</span> 
     </span>
     <span class='ocr_line' id='line_1_9' title="bbox 95 1063 1028 1150; baseline 0.011 -22"><span class='ocrx_word' id='word_1_56' title='bbox 95 1065 194 1130; x_wconf 78' lang='lat' dir='ltr'>renim</span> <span class='ocrx_word' id='word_1_57' title='bbox 220 1063 283 1131; x_wconf 89' lang='lat' dir='ltr'>sibi</span> <span class='ocrx_word' id='word_1_58' title='bbox 308 1064 516 1132; x_wconf 85' lang='lat' dir='ltr'>defectionem</span> <span class='ocrx_word' id='word_1_59' title='bbox 538 1066 579 1132; x_wconf 90' lang='lat' dir='ltr'>ad</span> <span class='ocrx_word' id='word_1_60' title='bbox 596 1065 812 1133; x_wconf 83' lang='lat' dir='ltr'>Hannibalem</span> <span class='ocrx_word' id='word_1_61' title='bbox 834 1069 991 1150; x_wconf 83' lang='lat' dir='ltr'>simulant,</span> <span class='ocrx_word' id='word_1_62' title='bbox 1011 1091 1028 1143; x_wconf 78' lang='lat' dir='ltr'>a,</span> 
     </span>
     <span class='ocr_line' id='line_1_10' title="bbox 95 1158 994 1246; baseline 0.011 -25"><span class='ocrx_word' id='word_1_63' title='bbox 95 1168 195 1224; x_wconf 67' lang='lat' dir='ltr'>sautem</span> <span class='ocrx_word' id='word_1_64' title='bbox 208 1158 445 1226; x_wconf 79' lang='lat' dir='ltr'>condicionibus</span> <span class='ocrx_word' id='word_1_65' title='bbox 458 1159 492 1224; x_wconf 94' lang='lat' dir='ltr'>in</span> <span class='ocrx_word' id='word_1_66' title='bbox 504 1159 617 1226; x_wconf 86' lang='lat' dir='ltr'>foedus</span> <span class='ocrx_word' id='word_1_67' title='bbox 631 1158 865 1246; x_wconf 74' lang='lat' dir='ltr'>amicitiamque</span> <span class='ocrx_word' id='word_1_68' title='bbox 876 1185 994 1231; x_wconf 84' lang='lat' dir='ltr'>novam</span> 
     </span>
     <span class='ocr_line' id='line_1_11' title="bbox 95 1254 1047 1344; baseline 0.011 -28"><span class='ocrx_word' id='word_1_69' title='bbox 95 1261 142 1331; x_wconf 86' lang='lat' dir='ltr'>art,</span> <span class='ocrx_word' id='word_1_70' title='bbox 170 1276 282 1339; x_wconf 91' lang='lat' dir='ltr'>parum</span> <span class='ocrx_word' id='word_1_71' title='bbox 308 1263 461 1320; x_wconf 89' lang='lat' dir='ltr'>constare.</span> <span class='ocrx_word' id='word_1_72' title='bbox 513 1254 558 1321; x_wconf 89' lang='lat' dir='ltr'>ita</span> <span class='ocrx_word' id='word_1_73' title='bbox 587 1255 691 1340; x_wconf 91' lang='lat' dir='ltr'>spatio</span> <span class='ocrx_word' id='word_1_74' title='bbox 718 1265 844 1342; x_wconf 91' lang='lat' dir='ltr'>sumpto</span> <span class='ocrx_word' id='word_1_75' title='bbox 869 1255 992 1344; x_wconf 83' lang='lat' dir='ltr'>legatos</span> <span class='ocrx_word' id='word_1_76' title='bbox 1012 1279 1047 1326; x_wconf 84' lang='lat' dir='ltr'>lo</span> 
     </span>
     <span class='ocr_line' id='line_1_12' title="bbox 95 1347 994 1438; baseline 0.01 -28"><span class='ocrx_word' id='word_1_77' title='bbox 95 1366 109 1410; x_wconf 81' lang='lat' dir='ltr'>a</span> <span class='ocrx_word' id='word_1_78' title='bbox 121 1347 154 1412; x_wconf 93' lang='lat' dir='ltr'>ad</span> <span class='ocrx_word' id='word_1_79' title='bbox 168 1358 343 1434; x_wconf 88' lang='lat' dir='ltr'>praetorem</span> <span class='ocrx_word' id='word_1_80' title='bbox 356 1349 536 1415; x_wconf 89' lang='lat' dir='ltr'>Romanum</span> <span class='ocrx_word' id='word_1_81' title='bbox 545 1347 734 1417; x_wconf 85' lang='lat' dir='ltr'>Marcellum</span> <span class='ocrx_word' id='word_1_82' title='bbox 742 1347 924 1431; x_wconf 83' lang='lat' dir='ltr'>Claudium,</span> <span class='ocrx_word' id='word_1_83' title='bbox 938 1352 994 1438; x_wconf 93' lang='lat' dir='ltr'>qui</span> 
     </span>
     <span class='ocr_line' id='line_1_13' title="bbox 95 1437 994 1530; baseline 0.01 -26"><span class='ocrx_word' id='word_1_84' title='bbox 95 1437 185 1506; x_wconf 82' lang='lat' dir='ltr'>ticum</span> <span class='ocrx_word' id='word_1_85' title='bbox 201 1443 341 1508; x_wconf 88' lang='lat' dir='ltr'>exercitu</span> <span class='ocrx_word' id='word_1_86' title='bbox 358 1453 433 1522; x_wconf 84' lang='lat' dir='ltr'>erat,</span> <span class='ocrx_word' id='word_1_87' title='bbox 452 1443 593 1522; x_wconf 89' lang='lat' dir='ltr'>mittunt,</span> <span class='ocrx_word' id='word_1_88' title='bbox 617 1444 806 1530; x_wconf 87' lang='lat' dir='ltr'>docentque,</span> <span class='ocrx_word' id='word_1_89' title='bbox 825 1455 943 1530; x_wconf 89' lang='lat' dir='ltr'>quanto</span> <span class='ocrx_word' id='word_1_90' title='bbox 959 1446 994 1512; x_wconf 92' lang='lat' dir='ltr'>in</span> 
     </span>
     <span class='ocr_line' id='line_1_14' title="bbox 95 1532 993 1624; baseline 0.008 -24"><span class='ocrx_word' id='word_1_91' title='bbox 95 1532 147 1600; x_wconf 86' lang='lat' dir='ltr'>nine</span> <span class='ocrx_word' id='word_1_92' title='bbox 160 1536 198 1602; x_wconf 89' lang='lat' dir='ltr'>sit</span> <span class='ocrx_word' id='word_1_93' title='bbox 212 1535 338 1603; x_wconf 89' lang='lat' dir='ltr'>Nolana</span> <span class='ocrx_word' id='word_1_94' title='bbox 354 1560 419 1604; x_wconf 87' lang='lat' dir='ltr'>res:</span> <span class='ocrx_word' id='word_1_95' title='bbox 441 1536 753 1624; x_wconf 84' lang='lat' dir='ltr'>agrumHannibalis</span> <span class='ocrx_word' id='word_1_96' title='bbox 771 1560 843 1606; x_wconf 88' lang='lat' dir='ltr'>csse</span> <span class='ocrx_word' id='word_1_97' title='bbox 861 1549 894 1606; x_wconf 92' lang='lat' dir='ltr'>et</span> <span class='ocrx_word' id='word_1_98' title='bbox 908 1538 993 1607; x_wconf 88' lang='lat' dir='ltr'>Poe-</span> 
     </span>
     <span class='ocr_line' id='line_1_15' title="bbox 95 1628 1042 1718; baseline 0.017 -30"><span class='ocrx_word' id='word_1_99' title='bbox 95 1646 110 1703; x_wconf 78' lang='grc' dir='ltr'>ι,</span> <span class='ocrx_word' id='word_1_100' title='bbox 128 1628 224 1696; x_wconf 90' lang='lat' dir='ltr'>urbem</span> <span class='ocrx_word' id='word_1_101' title='bbox 243 1632 400 1718; x_wconf 85' lang='lat' dir='ltr'>extemplo</span> <span class='ocrx_word' id='word_1_102' title='bbox 422 1632 576 1710; x_wconf 79' lang='lat' dir='ltr'>futuram,</span> <span class='ocrx_word' id='word_1_103' title='bbox 603 1632 637 1697; x_wconf 92' lang='lat' dir='ltr'>ni</span> <span class='ocrx_word' id='word_1_104' title='bbox 658 1632 871 1701; x_wconf 84' lang='lat' dir='ltr'>subveniatur.</span> <span class='ocrx_word' id='word_1_105' title='bbox 918 1655 1042 1705; x_wconf 75' lang='lat' dir='ltr'>con-11</span> 
     </span>
     <span class='ocr_line' id='line_1_16' title="bbox 95 1717 993 1808; baseline 0.011 -23"><span class='ocrx_word' id='word_1_106' title='bbox 95 1717 120 1784; x_wconf 84' lang='lat' dir='ltr'>lc</span> <span class='ocrx_word' id='word_1_107' title='bbox 131 1722 222 1808; x_wconf 90' lang='lat' dir='ltr'>plebei</span> <span class='ocrx_word' id='word_1_108' title='bbox 239 1736 397 1805; x_wconf 89' lang='lat' dir='ltr'>senatum,</span> <span class='ocrx_word' id='word_1_109' title='bbox 419 1725 475 1792; x_wconf 90' lang='lat' dir='ltr'>ubi</span> <span class='ocrx_word' id='word_1_110' title='bbox 492 1726 591 1792; x_wconf 87' lang='lat' dir='ltr'>velint</span> <span class='ocrx_word' id='word_1_111' title='bbox 606 1726 786 1795; x_wconf 83' lang='lat' dir='ltr'>defecturos</span> <span class='ocrx_word' id='word_1_112' title='bbox 804 1749 853 1807; x_wconf 90' lang='lat' dir='ltr'>se,</span> <span class='ocrx_word' id='word_1_113' title='bbox 879 1750 921 1795; x_wconf 87' lang='lat' dir='ltr'>ne</span> <span class='ocrx_word' id='word_1_114' title='bbox 937 1728 993 1795; x_wconf 91' lang='lat' dir='ltr'>de-</span> 
     </span>
     <span class='ocr_line' id='line_1_17' title="bbox 107 1817 1043 1899; baseline 0.011 -17"><span class='ocrx_word' id='word_1_115' title='bbox 107 1817 353 1899; x_wconf 85' lang='lat' dir='ltr'>praefestinarent,</span> <span class='ocrx_word' id='word_1_116' title='bbox 389 1820 543 1887; x_wconf 86' lang='lat' dir='ltr'>effecisse.</span> <span class='ocrx_word' id='word_1_117' title='bbox 586 1819 761 1889; x_wconf 88' lang='lat' dir='ltr'>Marcellus</span> <span class='ocrx_word' id='word_1_118' title='bbox 795 1822 991 1891; x_wconf 82' lang='lat' dir='ltr'>conlaudatis</span> <span class='ocrx_word' id='word_1_119' title='bbox 1010 1845 1043 1893; x_wconf 82' lang='lat'>12</span> 
     </span>
     <span class='ocr_line' id='line_1_18' title="bbox 95 1903 993 1985; baseline 0.016 -15"><span class='ocrx_word' id='word_1_120' title='bbox 95 1903 220 1977; x_wconf 85' lang='lat' dir='ltr'>iseadem</span> <span class='ocrx_word' id='word_1_121' title='bbox 238 1913 437 1980; x_wconf 85' lang='lat' dir='ltr'>simulatione</span> <span class='ocrx_word' id='word_1_122' title='bbox 454 1914 576 1980; x_wconf 81' lang='lat' dir='ltr'>extrahi</span> <span class='ocrx_word' id='word_1_123' title='bbox 587 1938 656 1981; x_wconf 88' lang='lat' dir='ltr'>rem</span> <span class='ocrx_word' id='word_1_124' title='bbox 668 1916 703 1981; x_wconf 91' lang='lat' dir='ltr'>in</span> <span class='ocrx_word' id='word_1_125' title='bbox 715 1939 809 1983; x_wconf 93' lang='lat' dir='ltr'>suum</span> <span class='ocrx_word' id='word_1_126' title='bbox 821 1917 993 1985; x_wconf 89' lang='lat' dir='ltr'>adventum</span> 
     </span>
     <span class='ocr_line' id='line_1_19' title="bbox 96 2000 994 2099; baseline 0.007 -26"><span class='ocrx_word' id='word_1_127' title='bbox 96 2000 227 2073; x_wconf 71' lang='lat' dir='ltr'>‚ntenm</span> <span class='ocrx_word' id='word_1_128' title='bbox 253 2007 347 2073; x_wconf 89' lang='lat' dir='ltr'>celari</span> <span class='ocrx_word' id='word_1_129' title='bbox 373 2030 455 2093; x_wconf 89' lang='lat' dir='ltr'>quac</span> <span class='ocrx_word' id='word_1_130' title='bbox 481 2029 590 2076; x_wconf 87' lang='lat' dir='ltr'>secum</span> <span class='ocrx_word' id='word_1_131' title='bbox 615 2020 686 2076; x_wconf 89' lang='lat' dir='ltr'>acta</span> <span class='ocrx_word' id='word_1_132' title='bbox 712 2021 820 2077; x_wconf 90' lang='lat' dir='ltr'>essent</span> <span class='ocrx_word' id='word_1_133' title='bbox 840 2032 994 2099; x_wconf 87' lang='lat' dir='ltr'>spemque</span> 
     </span>
    </p>
   </div>
   <div class='ocr_carea' id='block_1_3' title="bbox 95 2101 1045 2287">
    <p class='ocr_par' dir='ltr' id='par_1_3' title="bbox 95 2101 1045 2287">
     <span class='ocr_line' id='line_1_20' title="bbox 95 2101 1045 2193; baseline 0.012 -29"><span class='ocrx_word' id='word_1_134' title='bbox 95 2112 117 2157; x_wconf 77' lang='lat' dir='ltr'>u</span> <span class='ocrx_word' id='word_1_135' title='bbox 131 2101 223 2166; x_wconf 86' lang='lat' dir='ltr'>auxilii</span> <span class='ocrx_word' id='word_1_136' title='bbox 244 2101 391 2169; x_wconf 85' lang='lat' dir='ltr'>Romani.</span> <span class='ocrx_word' id='word_1_137' title='bbox 434 2102 504 2190; x_wconf 85' lang='lat' dir='ltr'>ipse</span> <span class='ocrx_word' id='word_1_138' title='bbox 530 2101 710 2171; x_wconf 86' lang='lat' dir='ltr'>aCasilino</span> <span class='ocrx_word' id='word_1_139' title='bbox 733 2103 890 2173; x_wconf 84' lang='lat' dir='ltr'>Caiatiam</span> <span class='ocrx_word' id='word_1_140' title='bbox 914 2106 994 2193; x_wconf 87' lang='lat' dir='ltr'>petit</span> <span class='ocrx_word' id='word_1_141' title='bbox 1013 2125 1045 2176; x_wconf 78' lang='lat'>13</span> 
     </span>
     <span class='ocr_line' id='line_1_21' title="bbox 95 2185 995 2287; baseline 0.008 -26"><span class='ocrx_word' id='word_1_142' title='bbox 95 2185 155 2273; x_wconf 66' lang='lat' dir='ltr'>am,</span> <span class='ocrx_word' id='word_1_143' title='bbox 169 2194 322 2262; x_wconf 88' lang='lat' dir='ltr'>Volturno</span> <span class='ocrx_word' id='word_1_144' title='bbox 345 2196 430 2262; x_wconf 93' lang='lat' dir='ltr'>amni</span> <span class='ocrx_word' id='word_1_145' title='bbox 447 2197 576 2264; x_wconf 75' lang='lat' dir='ltr'>uaiecto</span> <span class='ocrx_word' id='word_1_146' title='bbox 598 2220 716 2285; x_wconf 88' lang='lat' dir='ltr'>perque</span> <span class='ocrx_word' id='word_1_147' title='bbox 737 2222 850 2287; x_wconf 83' lang='lat' dir='ltr'>agrum</span> <span class='ocrx_word' id='word_1_148' title='bbox 869 2199 995 2268; x_wconf 90' lang='lat' dir='ltr'>Saticu-</span> 
     </span>
    </p>
   </div>
   <div class='ocr_carea' id='block_1_4' title="bbox 95 2279 1105 4082">
    <p class='ocr_par' dir='ltr' id='par_1_4' title="bbox 95 2279 1105 4082">
     <span class='ocr_line' id='line_1_22' title="bbox 95 2279 994 2391; baseline 0.01 -38"><span class='ocrx_word' id='word_1_149' title='bbox 95 2279 342 2391; x_wconf 29' lang='lat' dir='ltr'>tolnbianumque</span> <span class='ocrx_word' id='word_1_150' title='bbox 360 2313 455 2378; x_wconf 89' lang='lat' dir='ltr'>snper</span> <span class='ocrx_word' id='word_1_151' title='bbox 468 2289 656 2358; x_wconf 88' lang='lat' dir='ltr'>Suessulam</span> <span class='ocrx_word' id='word_1_152' title='bbox 672 2313 729 2377; x_wconf 90' lang='lat' dir='ltr'>per</span> <span class='ocrx_word' id='word_1_153' title='bbox 744 2294 861 2359; x_wconf 90' lang='lat' dir='ltr'>montis</span> <span class='ocrx_word' id='word_1_154' title='bbox 877 2293 994 2361; x_wconf 89' lang='lat' dir='ltr'>Nolam</span> 
     </span>
     <span class='ocr_line' id='line_1_23' title="bbox 95 2463 1028 2569; baseline 0.006 -25"><span class='ocrx_word' id='word_1_155' title='bbox 95 2463 121 2537; x_wconf 74' lang='lat' dir='ltr'>ll</span> <span class='ocrx_word' id='word_1_156' title='bbox 150 2475 216 2545; x_wconf 89' lang='lat' dir='ltr'>Sub</span> <span class='ocrx_word' id='word_1_157' title='bbox 242 2480 413 2545; x_wconf 88' lang='lat' dir='ltr'>adventum</span> <span class='ocrx_word' id='word_1_158' title='bbox 438 2480 591 2567; x_wconf 89' lang='lat' dir='ltr'>praetoris</span> <span class='ocrx_word' id='word_1_159' title='bbox 608 2479 745 2546; x_wconf 88' lang='lat' dir='ltr'>Romani</span> <span class='ocrx_word' id='word_1_160' title='bbox 760 2477 890 2547; x_wconf 92' lang='lat' dir='ltr'>Poenus</span> <span class='ocrx_word' id='word_1_161' title='bbox 916 2502 1028 2569; x_wconf 82' lang='lat' dir='ltr'>agro1</span> 
     </span>
     <span class='ocr_line' id='line_1_24' title="bbox 95 2572 994 2662; baseline 0.004 -24"><span class='ocrx_word' id='word_1_162' title='bbox 95 2574 239 2640; x_wconf 72' lang='lat' dir='ltr'>lucessit</span> <span class='ocrx_word' id='word_1_163' title='bbox 256 2584 287 2639; x_wconf 91' lang='lat' dir='ltr'>et</span> <span class='ocrx_word' id='word_1_164' title='bbox 305 2575 346 2640; x_wconf 88' lang='lat' dir='ltr'>ad</span> <span class='ocrx_word' id='word_1_165' title='bbox 366 2596 453 2641; x_wconf 87' lang='lat' dir='ltr'>mare</span> <span class='ocrx_word' id='word_1_166' title='bbox 474 2575 617 2661; x_wconf 84' lang='lat' dir='ltr'>proxime</span> <span class='ocrx_word' id='word_1_167' title='bbox 633 2572 801 2662; x_wconf 89' lang='lat' dir='ltr'>Neapolim</span> <span class='ocrx_word' id='word_1_168' title='bbox 821 2575 994 2657; x_wconf 87' lang='lat' dir='ltr'>descendit,</span> 
     </span>
     <span class='ocr_line' id='line_1_25' title="bbox 95 2668 995 2754; baseline 0.007 -21"><span class='ocrx_word' id='word_1_169' title='bbox 95 2668 270 2734; x_wconf 74' lang='lat' dir='ltr'>ammitimi</span> <span class='ocrx_word' id='word_1_170' title='bbox 296 2669 405 2754; x_wconf 89' lang='lat' dir='ltr'>oppidi</span> <span class='ocrx_word' id='word_1_171' title='bbox 429 2669 592 2754; x_wconf 88' lang='lat' dir='ltr'>potiundi,</span> <span class='ocrx_word' id='word_1_172' title='bbox 627 2690 691 2754; x_wconf 92' lang='lat' dir='ltr'>quo</span> <span class='ocrx_word' id='word_1_173' title='bbox 717 2691 829 2736; x_wconf 90' lang='lat' dir='ltr'>cursus</span> <span class='ocrx_word' id='word_1_174' title='bbox 858 2669 995 2739; x_wconf 86' lang='lat' dir='ltr'>navibus</span> 
     </span>
     <span class='ocr_line' id='line_1_26' title="bbox 95 2761 1068 2851; baseline 0.005 -26"><span class='ocrx_word' id='word_1_175' title='bbox 95 2777 122 2824; x_wconf 83' lang='lat' dir='ltr'>u</span> <span class='ocrx_word' id='word_1_176' title='bbox 144 2761 255 2828; x_wconf 86' lang='lat' dir='ltr'>Africa</span> <span class='ocrx_word' id='word_1_177' title='bbox 280 2773 374 2829; x_wconf 91' lang='lat' dir='ltr'>esset</span> <span class='ocrx_word' id='word_1_178' title='bbox 427 2772 565 2830; x_wconf 88' lang='lat' dir='ltr'>ceterum</span> <span class='ocrx_word' id='word_1_179' title='bbox 589 2772 759 2850; x_wconf 90' lang='lat' dir='ltr'>postquam</span> <span class='ocrx_word' id='word_1_180' title='bbox 782 2762 950 2851; x_wconf 88' lang='lat' dir='ltr'>Neapolim</span> <span class='ocrx_word' id='word_1_181' title='bbox 974 2782 1029 2832; x_wconf 84' lang='lat' dir='ltr'>aa</span> <span class='ocrx_word' id='word_1_182' title='bbox 1065 2838 1068 2846; x_wconf 26' lang='lat'><strong>¹</strong></span> 
     </span>
     <span class='ocr_line' id='line_1_27' title="bbox 95 2854 994 2943; baseline 0.012 -27"><span class='ocrx_word' id='word_1_183' title='bbox 95 2854 276 2923; x_wconf 77' lang='lat' dir='ltr'>:toRomano</span> <span class='ocrx_word' id='word_1_184' title='bbox 293 2857 393 2924; x_wconf 88' lang='lat' dir='ltr'>teneri</span> <span class='ocrx_word' id='word_1_185' title='bbox 410 2858 574 2943; x_wconf 87' lang='lat' dir='ltr'>accepit-</span> <span class='ocrx_word' id='word_1_186' title='bbox 590 2857 638 2925; x_wconf 78' lang='lat' dir='ltr'>M</span> <span class='ocrx_word' id='word_1_187' title='bbox 648 2857 761 2925; x_wconf 86' lang='lat' dir='ltr'>Iunius</span> <span class='ocrx_word' id='word_1_188' title='bbox 770 2855 899 2927; x_wconf 91' lang='lat' dir='ltr'>Silanus</span> <span class='ocrx_word' id='word_1_189' title='bbox 917 2869 994 2940; x_wconf 84' lang='lat' dir='ltr'>erat,</span> 
     </span>
     <span class='ocr_line' id='line_1_28' title="bbox 95 2949 997 3040; baseline 0.007 -25"><span class='ocrx_word' id='word_1_190' title='bbox 95 2949 321 3039; x_wconf 84' lang='lat' dir='ltr'>aNeapolitanis</span> <span class='ocrx_word' id='word_1_191' title='bbox 340 2953 459 3019; x_wconf 83' lang='lat' dir='ltr'>accitus</span> <span class='ocrx_word' id='word_1_192' title='bbox 471 2989 512 3031; x_wconf 88' lang='lat'>—,</span> <span class='ocrx_word' id='word_1_193' title='bbox 530 2951 665 3040; x_wconf 91' lang='lat' dir='ltr'>Neapoli</span> <span class='ocrx_word' id='word_1_194' title='bbox 680 2973 807 3038; x_wconf 88' lang='lat' dir='ltr'>quoque</span> <span class='ocrx_word' id='word_1_195' title='bbox 824 2953 907 3020; x_wconf 86' lang='lat' dir='ltr'>sicut</span> <span class='ocrx_word' id='word_1_196' title='bbox 913 2952 997 3021; x_wconf 88' lang='lat' dir='ltr'>Nola</span> 
     </span>
     <span class='ocr_line' id='line_1_29' title="bbox 109 3045 1030 3132; baseline 0.005 -21"><span class='ocrx_word' id='word_1_197' title='bbox 109 3046 186 3132; x_wconf 88' lang='lat' dir='ltr'>petit</span> <span class='ocrx_word' id='word_1_198' title='bbox 208 3045 387 3113; x_wconf 85' lang='lat' dir='ltr'>Nuceriam.</span> <span class='ocrx_word' id='word_1_199' title='bbox 441 3069 512 3113; x_wconf 89' lang='lat' dir='ltr'>eam</span> <span class='ocrx_word' id='word_1_200' title='bbox 541 3067 614 3113; x_wconf 89' lang='lat' dir='ltr'>cum</span> <span class='ocrx_word' id='word_1_201' title='bbox 643 3046 837 3132; x_wconf 89' lang='lat' dir='ltr'>aliquamdiu</span> <span class='ocrx_word' id='word_1_202' title='bbox 863 3046 1030 3116; x_wconf 81' lang='lat' dir='ltr'>circum-s</span> 
     </span>
     <span class='ocr_line' id='line_1_30' title="bbox 95 3140 996 3228; baseline 0.004 -25"><span class='ocrx_word' id='word_1_203' title='bbox 95 3146 112 3217; x_wconf 89' lang='lat' dir='ltr'>t,</span> <span class='ocrx_word' id='word_1_204' title='bbox 147 3162 242 3226; x_wconf 87' lang='lat' dir='ltr'>saepe</span> <span class='ocrx_word' id='word_1_205' title='bbox 267 3141 313 3219; x_wconf 82' lang='lat' dir='ltr'>vi,</span> <span class='ocrx_word' id='word_1_206' title='bbox 350 3163 444 3228; x_wconf 87' lang='lat' dir='ltr'>saepe</span> <span class='ocrx_word' id='word_1_207' title='bbox 470 3140 673 3209; x_wconf 89' lang='lat' dir='ltr'>sollicitandis</span> <span class='ocrx_word' id='word_1_208' title='bbox 699 3141 891 3227; x_wconf 90' lang='lat' dir='ltr'>nequiquam</span> <span class='ocrx_word' id='word_1_209' title='bbox 910 3162 996 3208; x_wconf 92' lang='lat' dir='ltr'>nunc</span> 
     </span>
     <span class='ocr_line' id='line_1_31' title="bbox 98 3234 997 3323; baseline 0.003 -25"><span class='ocrx_word' id='word_1_210' title='bbox 98 3257 181 3301; x_wconf 90' lang='lat' dir='ltr'>nnnc</span> <span class='ocrx_word' id='word_1_211' title='bbox 197 3235 406 3323; x_wconf 89' lang='lat' dir='ltr'>principibus,</span> <span class='ocrx_word' id='word_1_212' title='bbox 434 3235 518 3302; x_wconf 79' lang='lat' dir='ltr'>same</span> <span class='ocrx_word' id='word_1_213' title='bbox 536 3235 664 3302; x_wconf 91' lang='lat' dir='ltr'>demum</span> <span class='ocrx_word' id='word_1_214' title='bbox 684 3235 718 3301; x_wconf 92' lang='lat' dir='ltr'>in</span> <span class='ocrx_word' id='word_1_215' title='bbox 735 3234 927 3303; x_wconf 86' lang='lat' dir='ltr'>deditionem</span> <span class='ocrx_word' id='word_1_216' title='bbox 943 3255 997 3301; x_wconf 91' lang='lat' dir='ltr'>ac·</span> 
     </span>
     <span class='ocr_line' id='line_1_32' title="bbox 95 3329 995 3419; baseline 0.003 -25"><span class='ocrx_word' id='word_1_217' title='bbox 95 3340 201 3409; x_wconf 72' lang='lat' dir='ltr'>tactus,</span> <span class='ocrx_word' id='word_1_218' title='bbox 219 3340 255 3395; x_wconf 90' lang='lat' dir='ltr'>ut</span> <span class='ocrx_word' id='word_1_219' title='bbox 267 3332 402 3399; x_wconf 91' lang='lat' dir='ltr'>inermes</span> <span class='ocrx_word' id='word_1_220' title='bbox 419 3354 491 3398; x_wconf 91' lang='lat' dir='ltr'>cum</span> <span class='ocrx_word' id='word_1_221' title='bbox 504 3331 637 3419; x_wconf 81' lang='lat' dir='ltr'>singulis</span> <span class='ocrx_word' id='word_1_222' title='bbox 651 3329 773 3398; x_wconf 84' lang='lat' dir='ltr'>abirent</span> <span class='ocrx_word' id='word_1_223' title='bbox 788 3329 995 3399; x_wconf 75' lang='lat' dir='ltr'>vestimentis.</span> 
     </span>
     <span class='ocr_line' id='line_1_33' title="bbox 116 3424 1031 3514; baseline 0.002 -25"><span class='ocrx_word' id='word_1_224' title='bbox 116 3434 152 3489; x_wconf 91' lang='lat' dir='ltr'>ut</span> <span class='ocrx_word' id='word_1_225' title='bbox 173 3425 229 3509; x_wconf 91' lang='lat' dir='ltr'>qui</span> <span class='ocrx_word' id='word_1_226' title='bbox 250 3426 438 3514; x_wconf 88' lang='lat' dir='ltr'>aprincipio</span> <span class='ocrx_word' id='word_1_227' title='bbox 460 3426 545 3492; x_wconf 88' lang='lat' dir='ltr'>mitis</span> <span class='ocrx_word' id='word_1_228' title='bbox 563 3426 711 3493; x_wconf 86' lang='lat' dir='ltr'>omnibus</span> <span class='ocrx_word' id='word_1_229' title='bbox 731 3424 851 3493; x_wconf 86' lang='lat' dir='ltr'>Italicis</span> <span class='ocrx_word' id='word_1_230' title='bbox 872 3434 1031 3513; x_wconf 66' lang='lat' dir='ltr'>praetera</span> 
     </span>
     <span class='ocr_line' id='line_1_34' title="bbox 95 3519 997 3608; baseline 0.001 -25"><span class='ocrx_word' id='word_1_231' title='bbox 95 3539 125 3583; x_wconf 84' lang='lat' dir='ltr'>os</span> <span class='ocrx_word' id='word_1_232' title='bbox 142 3519 242 3586; x_wconf 79' lang='lat' dir='ltr'>videri</span> <span class='ocrx_word' id='word_1_233' title='bbox 254 3521 362 3599; x_wconf 83' lang='lat' dir='ltr'>vellet,</span> <span class='ocrx_word' id='word_1_234' title='bbox 380 3521 520 3606; x_wconf 91' lang='lat' dir='ltr'>praemia</span> <span class='ocrx_word' id='word_1_235' title='bbox 531 3530 626 3608; x_wconf 89' lang='lat' dir='ltr'>atque</span> <span class='ocrx_word' id='word_1_236' title='bbox 638 3521 783 3599; x_wconf 89' lang='lat' dir='ltr'>honores,</span> <span class='ocrx_word' id='word_1_237' title='bbox 802 3519 858 3605; x_wconf 89' lang='lat' dir='ltr'>qui</span> <span class='ocrx_word' id='word_1_238' title='bbox 873 3541 997 3587; x_wconf 73' lang='lat' dir='ltr'>reman-</span> 
     </span>
     <span class='ocr_line' id='line_1_35' title="bbox 95 3613 1031 3703; baseline 0.002 -25"><span class='ocrx_word' id='word_1_239' title='bbox 95 3633 117 3678; x_wconf 84' lang='lat' dir='ltr'>c</span> <span class='ocrx_word' id='word_1_240' title='bbox 133 3614 267 3680; x_wconf 86' lang='lat' dir='ltr'>militare</span> <span class='ocrx_word' id='word_1_241' title='bbox 284 3638 393 3681; x_wconf 89' lang='lat' dir='ltr'>secum</span> <span class='ocrx_word' id='word_1_242' title='bbox 410 3615 593 3695; x_wconf 84' lang='lat' dir='ltr'>voluissent,</span> <span class='ocrx_word' id='word_1_243' title='bbox 610 3613 783 3703; x_wconf 81' lang='lat' dir='ltr'>proposuit</span> <span class='ocrx_word' id='word_1_244' title='bbox 813 3635 875 3681; x_wconf 91' lang='lat' dir='ltr'>neo</span> <span class='ocrx_word' id='word_1_245' title='bbox 887 3635 926 3681; x_wconf 89' lang='lat' dir='ltr'>ea</span> <span class='ocrx_word' id='word_1_246' title='bbox 937 3634 996 3699; x_wconf 86' lang='lat' dir='ltr'>spe</span> <span class='ocrx_word' id='word_1_247' title='bbox 1013 3631 1031 3681; x_wconf 82' lang='lat' dir='ltr'>o</span> 
     </span>
     <span class='ocr_line' id='line_1_36' title="bbox 95 3706 1105 3796; baseline 0 -23"><span class='ocrx_word' id='word_1_248' title='bbox 95 3727 154 3773; x_wconf 82' lang='lat' dir='ltr'>ram</span> <span class='ocrx_word' id='word_1_249' title='bbox 171 3709 284 3776; x_wconf 84' lang='lat' dir='ltr'>tenuit:</span> <span class='ocrx_word' id='word_1_250' title='bbox 303 3710 416 3796; x_wconf 91' lang='lat' dir='ltr'>dilapsi</span> <span class='ocrx_word' id='word_1_251' title='bbox 434 3733 553 3790; x_wconf 89' lang='lat' dir='ltr'>omnes,</span> <span class='ocrx_word' id='word_1_252' title='bbox 571 3731 770 3796; x_wconf 88' lang='lat' dir='ltr'>quocumque</span> <span class='ocrx_word' id='word_1_253' title='bbox 787 3706 925 3796; x_wconf 86' lang='lat' dir='ltr'>hospitia</span> <span class='ocrx_word' id='word_1_254' title='bbox 940 3716 997 3774; x_wconf 90' lang='lat' dir='ltr'>aut</span> <span class='ocrx_word' id='word_1_255' title='bbox 1101 3722 1105 3731; x_wconf 75' lang='grc'><em>’</em></span> 
     </span>
     <span class='ocr_line' id='line_1_37' title="bbox 95 3799 1091 3893; baseline 0.004 -29"><span class='ocrx_word' id='word_1_256' title='bbox 95 3823 113 3866; x_wconf 79' lang='lat' dir='ltr'>‚s</span> <span class='ocrx_word' id='word_1_257' title='bbox 126 3802 223 3868; x_wconf 91' lang='lat' dir='ltr'>animi</span> <span class='ocrx_word' id='word_1_258' title='bbox 235 3804 371 3890; x_wconf 88' lang='lat' dir='ltr'>impetus</span> <span class='ocrx_word' id='word_1_259' title='bbox 385 3804 465 3884; x_wconf 87' lang='lat' dir='ltr'>tulit,</span> <span class='ocrx_word' id='word_1_260' title='bbox 479 3802 849 3893; x_wconf 89' lang='lat' dir='ltr'>perOampaniaeurbes‚</span> <span class='ocrx_word' id='word_1_261' title='bbox 858 3799 996 3869; x_wconf 86' lang='lat' dir='ltr'>maxime</span> <span class='ocrx_word' id='word_1_262' title='bbox 1084 3860 1091 3884; x_wconf 10' lang='grc' dir='ltr'>,μ</span> 
     </span>
     <span class='ocr_line' id='line_1_38' title="bbox 106 3894 1028 3987; baseline 0.004 -26"><span class='ocrx_word' id='word_1_263' title='bbox 106 3894 341 3984; x_wconf 90' lang='lat' dir='ltr'>Neapolimque.</span> <span class='ocrx_word' id='word_1_264' title='bbox 394 3922 467 3966; x_wconf 89' lang='lat' dir='ltr'>oum</span> <span class='ocrx_word' id='word_1_265' title='bbox 491 3900 592 3967; x_wconf 87' lang='lat' dir='ltr'>ferme</span> <span class='ocrx_word' id='word_1_266' title='bbox 618 3898 746 3987; x_wconf 82' lang='lat' dir='ltr'>triginta</span> <span class='ocrx_word' id='word_1_267' title='bbox 771 3906 930 3966; x_wconf 87' lang='lat' dir='ltr'>senatores</span> <span class='ocrx_word' id='word_1_268' title='bbox 955 3914 1028 3965; x_wconf 79' lang='lat' dir='ltr'>aco</span> 
     </span>
     <span class='ocr_line' id='line_1_39' title="bbox 95 3988 997 4082; baseline 0.001 -26"><span class='ocrx_word' id='word_1_269' title='bbox 95 3988 178 4058; x_wconf 89' lang='lat' dir='ltr'>imus</span> <span class='ocrx_word' id='word_1_270' title='bbox 190 3994 323 4079; x_wconf 91' lang='lat' dir='ltr'>quisque</span> <span class='ocrx_word' id='word_1_271' title='bbox 333 3992 478 4082; x_wconf 86' lang='lat' dir='ltr'>Capuam</span> <span class='ocrx_word' id='word_1_272' title='bbox 490 3995 653 4082; x_wconf 85' lang='lat' dir='ltr'>petissent,</span> <span class='ocrx_word' id='word_1_273' title='bbox 672 3993 793 4062; x_wconf 82' lang='lat' dir='ltr'>exclusi</span> <span class='ocrx_word' id='word_1_274' title='bbox 808 3993 892 4074; x_wconf 91' lang='lat' dir='ltr'>inde,</span> <span class='ocrx_word' id='word_1_275' title='bbox 909 3988 997 4078; x_wconf 91' lang='lat' dir='ltr'>quod</span> 
     </span>
    </p>
   </div>
   <div class='ocr_carea' id='block_1_5' title="bbox 0 0 1268 4514">
    <p class='ocr_par' dir='ltr' id='par_1_5' title="bbox 0 0 1268 4514">
     <span class='ocr_line' id='line_1_40' title="bbox 0 0 1268 4514; baseline 0 0"><span class='ocrx_word' id='word_1_276' title='bbox 0 0 1268 4514; x_wconf 95' lang='lat' dir='ltr'> </span> 
     </span>
    </p>
   </div>
  </div>
 </body>
</html>
