2528 4514
350 247 468 305 nmen
484 246 733 318 1111111111.
753 248 907 319 [acam]
1077 235 1143 303 187

105 405 273 473 faamndas
296 413 383 470 ratus
405 426 477 470 esse
499 405 597 483 viam,
626 406 707 471 siin
728 407 905 491 praesentia
922 406 1055 492 tempori
1071 429 1141 473 ces-

114 500 212 569 ιἰιιει.
258 499 365 582 itaque
390 497 511 586 legatos
538 499 715 565 renuntiare
740 500 845 578 iussit,
880 499 1022 565 futurum
1047 522 1083 567 se
1107 502 1141 566 in
1160 522 1193 570 12

122 602 238 661 uatus
255 614 296 657 ac
312 591 421 678 populi
436 601 600 677 potestate.

95 736 97 745 .
127 686 309 752 ¹Postero
327 686 378 751 die
394 686 465 751 luce
483 686 584 771 prima
600 687 767 773 patefactis
788 688 911 754 insulae
927 689 1026 775 portis
1043 688 1077 753 in
1093 688 1144 754 fo-

95 802 180 849 rum
195 779 400 845 Achradinae
416 781 510 845 venit
554 781 629 846 ibi
620 802 654 844 m
674 804 761 846 aram
780 779 989 861 Concordiae,
1016 804 1058 848 ex
1078 804 1142 868 qua
1160 804 1192 851 18

95 874 208 969 qpridie
224 872 407 959 Polyaenus
424 874 621 940 contionatus
639 883 719 954 erat,
693 877 887 940 tescondit
907 878 1142 962 orationemque

95 960 181 1041 laam
196 990 290 1034 orsus
309 978 372 1046 est,
390 989 453 1052 qua
469 968 608 1053 primum
623 970 831 1035 cunctationis
850 992 927 1035 suae
943 971 1070 1036 veniam
1086 993 1142 1056 pe-

97 1087 104 1130 1
120 1060 192 1127 tivit:
222 1082 259 1126 se
287 1061 370 1125 enim
396 1061 520 1126 clausas
546 1061 697 1129 habuisse
722 1073 829 1149 portas
856 1085 920 1128 non
943 1073 1141 1148 separantem
1161 1083 1194 1130 14

127 1174 184 1221 ne
207 1176 261 1220 res
285 1177 306 1218 a
325 1153 475 1239 publicis,
503 1165 551 1219 set
577 1156 692 1222 strictis
714 1155 812 1221 semel
833 1156 947 1242 gladiis
969 1158 1140 1236 timentem,

129 1246 253 1333 qnfinis
271 1247 421 1313 caedibus
439 1258 523 1312 esset
541 1247 680 1327 futurus,
708 1259 826 1328 utrum,
852 1249 938 1333 quod
956 1250 1032 1314 satis
1049 1249 1143 1316 liber-

182 1340 280 1419 foret,
308 1342 446 1406 contenti
461 1363 539 1407 nece
556 1343 683 1427 tyranni
699 1352 805 1408 essent
822 1365 863 1409 an
880 1343 1070 1428 quicumque
1086 1354 1142 1409 aut

125 1434 341 1521 popinquitate
359 1443 414 1499 aut
431 1434 592 1500 adfinitate
612 1445 667 1501 aut
687 1436 801 1521 aliquts
818 1436 999 1501 ministeriis
1021 1436 1142 1523 regiam

124 1528 316 1615 {ptigissent
337 1527 457 1593 alienae
484 1528 595 1614 culpae
620 1530 667 1594 rei
691 1529 928 1595 trucidarentur.
972 1539 1141 1615 postquam
1161 1552 1194 1599 15

124 1645 143 1706 il
172 1654 203 1678 a:
219 1623 329 1688 vertit
351 1645 420 1701 eos,
446 1623 509 1706 qui.
522 1622 709 1689 liberassent
728 1625 876 1709 patriam,
904 1645 1029 1689 servare
1047 1624 1142 1689 etiam

136 1723 155 1768 “a
167 1746 170 1753 Α
184 1748 199 1772 -z
229 1748 232 1771 τ
250 1748 266 1773 ιι
288 1716 369 1782 velle
387 1725 480 1800 atque
497 1715 636 1801 undique
650 1717 772 1783 consuli
788 1718 821 1783 in
833 1718 983 1796 medium,
1000 1740 1066 1784 non
1083 1717 1142 1784 du-

124 1808 163 1858 l'«
183 1841 223 1867 ,,,,-·,
243 1810 322 1896 quin
339 1820 370 1875 et
392 1832 504 1896 corpus
523 1834 616 1877 suum
639 1821 671 1877 et
691 1823 795 1879 cetera
815 1812 934 1891 omnia,
961 1833 1043 1896 quae
1065 1834 1142 1878 suae

200 1904 377 1988 tutelaeque
396 1913 514 1982 essent,
536 1906 685 1988 quoniam
703 1927 776 1972 eum
793 1926 848 1990 qur
837 1906 1047 1971 mandasset
1034 1914 1142 1971 tsuus

116 2075 118 2078 ¹
127 1992 202 2075 lmr
214 1996 459 2084 absumpsisset,
476 1999 596 2084 patriae
613 2000 799 2066 restitueret.
839 2022 1011 2066 conversus
1028 2000 1141 2065 deinde
1161 2019 1194 2068 16

113 2099 127 2133 ⁵
122 2086 316 2161 atntafeet
304 2102 387 2157 tores
410 2092 534 2177 tyranni
555 2115 592 2158 ac
613 2095 740 2159 nomine
762 2094 924 2179 appellans
942 2094 1142 2160 Theodotum

116 2200 172 2260 ει
127 2180 267 2251 ¹Sosin
289 2185 472 2250 ‘facinus'
463 2187 564 2270 mquit
552 2185 803 2252 t⁴memorabile
823 2187 958 2253 fecistis:
986 2188 1043 2252 sed
1063 2188 1142 2252 mihi
1161 2207 1192 2254 11

97 2349 98 2352 ,
124 2276 400 2371 3ffltllaincohata
417 2289 522 2346 vestra
537 2280 647 2367 gloria,
666 2282 807 2346 nondum
822 2281 963 2367 perfecta
980 2290 1028 2347 est
1032 2283 1143 2366 ‚peri-

120 2415 122 2418 -
125 2358 305 2457 ultroque
295 2397 408 2461 ingens
427 2384 533 2440 manet
549 2375 611 2441 nisi
628 2376 700 2461 paci
718 2385 749 2440 et
767 2375 950 2440 concordiae
968 2374 1140 2452 consulitis,

130 2462 266 2535 attus
283 2469 432 2535 efferatur
447 2492 499 2535 res
520 2466 606 2556 [p.’]

146 2560 310 2630 mxxffl
354 2565 434 2630 Post
450 2566 533 2630 hanc
551 2567 724 2630 orationem
746 2562 850 2628 claves
867 2571 1028 2647 portarum
1044 2583 1140 2647 pecu·
1160 2582 1173 2628 1

126 2652 162 2748 ι’
183 2680 242 2723 oue
257 2660 365 2745 regiae
386 2659 572 2745 antepedes
594 2680 703 2722 eorum
723 2657 837 2743 posuit.
882 2665 976 2740 atque
996 2655 1051 2721 illo
1073 2657 1143 2739 qui·

97 2787 98 2790 ¹
130 2742 197 2824 &lu
205 2750 250 2818 die
266 2752 391 2817 dimissi
408 2773 448 2817 ex
466 2752 611 2818 contione
628 2750 751 2817 laeti
725 2772 808 2816 crrca
828 2749 903 2815 fana
924 2750 1030 2816 omnia
1046 2750 1142 2816 deum

141 2840 366 2929 maneriam
383 2868 455 2910 cum
473 2846 660 2933 coniugibus
678 2867 716 2911 ac
732 2844 854 2923 liberis,
874 2853 1009 2954 postero
1020 2845 1072 2909 die
1089 2867 1143 2910 co-

135 2959 146 2980 1¹
214 2949 302 3025 praet
289 2939 409 3006 toribus
428 2941 570 3005 creandis
584 2938 702 3005 habita.
737 2948 859 3004 creatus
872 2939 906 3004 in
917 2936 1175 3025 primisAdraa

133 3031 140 3056 ³
218 3062 261 3111 ιι,
279 3033 377 3099 ceteri
389 3056 506 3120 magna
519 3055 559 3099 ex
571 3044 660 3118 parte
672 3032 886 3097 interfectores
904 3032 1043 3118 tyranni3
1062 3032 1141 3098 duos

100 3164 101 3168 =
134 3167 135 3170 =
187 3158 199 3182 11
221 3081 384 3205 absentes,
408 3125 578 3212 Sopatrum
595 3149 633 3192 ac
649 3125 864 3203 Dinomenen,
890 3124 1043 3190 lecerunt
1086 3125 1175 3207 quia

135 3249 141 3260 ι’
162 3218 187 3274 1¹
188 3219 224 3286 tis
240 3221 296 3299 iis,
323 3243 404 3306 quae
423 3219 590 3307 Syracusis
608 3229 678 3286 acta
699 3228 802 3297 erant,
828 3218 994 3305 pecuniam
1010 3217 1141 3303 regiam,

139 3316 218 3391 με
208 3338 241 3380 m
258 3316 426 3382 Leontinis
445 3326 525 3392 erat,
549 3312 725 3400 Syracusas
743 3314 906 3380 devectam
923 3308 1142 3397 quaestoribus

133 3404 228 3475 uid
218 3432 325 3495 ipsum
342 3409 454 3475 creatis
472 3409 680 3488 tradiderunt3
653 3418 735 3474 tet
751 3431 790 3474 ea
806 3429 887 3492 quae
903 3407 937 3470 in
953 3404 1059 3471 insula
1075 3416 1176 3471 erato

128 3492 327 3571 tandm
344 3505 523 3568 traditat
474 3512 523 3568 est
527 3504 698 3588 ,murique
716 3524 755 3569 ea
770 3524 858 3588 pars,
880 3522 962 3585 quae
979 3500 1088 3565 abt
1038 3509 1088 3565 cet
1088 3520 1143 3563 era

125 3596 235 3665 ute
203 3598 300 3664 mmis
317 3597 410 3664 firmo
426 3597 621 3662 munimento
636 3594 879 3682 intersaepiebat
894 3593 1046 3671 insulam,
1067 3614 1143 3657 con·

95 3750 98 3775 ,
119 3703 206 3760 tensa
230 3692 375 3759 omnium
401 3692 521 3757 deiecta
541 3700 599 3755 est
645 3700 771 3756 secutae
793 3698 824 3754 et
844 3698 967 3754 ceterae
987 3708 1038 3752 res
1059 3685 1142 3751 bane

110 3770 346 3856 bemationem
362 3784 538 3851 animorum
556 3785 598 3850 ad
613 3784 788 3850 libertatem
807 3778 1021 3869 [pacem]que.

166 3881 389 3968 Hippocrates
420 3889 515 3964 atque
544 3878 705 3964 Epicydes
739 3877 846 3942 audita
875 3886 976 3941 morte
1005 3874 1176 3961 tyrannio

99 3990 201 4066 quam
213 3974 432 4061 Hippocrates
449 3972 544 4038 ειί1111
561 3973 671 4038 nuntio
688 3969 852 4037 interfecto
870 3968 971 4037 celare
988 3969 1140 4048 voluerat,
