2528 4514
58 299 62 308 Ι
128 190 172 284 72
368 224 721 296 L1BER·xxl1,1t.18.
742 220 929 296 [asanaa]

126 386 245 456 densae
265 382 425 452 micabant
445 383 605 460 fiammae,
628 381 715 447 velut
732 379 927 446 tutissimum
943 382 1002 448 iter

127 503 253 549 summa
273 479 427 546 montium
448 479 539 567 iuga,
565 486 672 543 tamen
693 476 727 541 in
749 476 905 561 quosdam
923 475 1013 544 bover

92 575 236 649 naonis
257 572 409 663 gregibus
432 572 617 653 inciderunt.
662 580 693 636 et
716 571 818 656 primo
837 591 911 636 cum
927 593 1013 658 proci

126 678 211 748 rent,
229 669 326 733 veluti
339 667 483 734 flammas
498 665 684 753 spirantium
697 664 847 731 miraculo
865 665 998 732 adtoniti

94 786 110 836 6
126 773 215 843 runt,
233 763 347 829 deinde
365 771 402 828 ut
417 761 557 827 humana
573 759 719 848 apparuit
735 759 838 837 haus,
856 770 925 825 tum
938 783 1013 827 vero

128 859 189 926 rati
215 880 299 936 esse,
332 879 405 940 cum
430 857 550 922 maiore
575 854 712 920 tumultu
738 855 895 921 concitant
922 877 956 921 se
982 856 1013 920 in

126 952 190 1021 levi
216 974 341 1038 quoque
367 962 545 1018 armaturae
569 949 709 1017 hostium
734 949 906 1029 incurrere,
934 959 1013 1017 ceter

128 1056 264 1131 aequato
295 1046 406 1112 timore
436 1056 564 1111 neutros
594 1066 736 1132 pugnam
769 1042 947 1130 incipientis
985 1067 1013 1108 a<

94 1161 110 1210 r
127 1140 238 1207 tenuit.
282 1142 401 1205 interea
418 1149 485 1205 toto
503 1139 629 1226 agmine
646 1137 810 1204 Hannibal
827 1138 1011 1204 transducto

127 1244 196 1300 tum
214 1243 245 1300 et
262 1232 452 1319 quibusdam
469 1234 590 1319 inipso
609 1233 691 1298 saltu
708 1232 848 1298 bostium
867 1233 1012 1318 oppressi

126 1326 270 1396 Allifano
287 1329 394 1415 posuit
412 1337 524 1394 castra.

94 1444 108 1493 1
193 1422 326 1490 XVIII.
370 1422 468 1488 Hunc
495 1421 664 1487 tumultum
691 1421 789 1488 sensit
809 1420 945 1486 Fabius:
974 1443 1013 1485 ce

127 1517 259 1584 insidias
283 1539 354 1583 esse
376 1527 462 1583 ratus
486 1525 517 1582 et
539 1515 579 1581 ab
601 1526 754 1582 nocturno
777 1515 885 1601 utique
907 1515 1013 1580 abhorr

94 1612 246 1680 stamine
277 1635 351 1677 suos
382 1610 584 1676 munimentis
616 1609 725 1674 tenuit.
769 1608 840 1674 luce
869 1608 973 1695 prima
1005 1633 1013 1673 s

127 1706 246 1772 montis
260 1705 413 1792 proelimn
425 1705 500 1783 fuit,
519 1727 582 1789 quo
595 1702 798 1769 interclusam
811 1701 851 1768 ab
867 1704 932 1768 suis
947 1703 1013 1768 leve

128 1809 234 1866 turam
247 1798 341 1864 facile
354 1838 396 1846 -
411 1800 526 1863 etenim
543 1820 673 1864 numero
691 1798 887 1883 aliquantum
903 1809 1011 1884 praest

129 1892 267 1960 Romani
286 1902 502 1979 superassent,
520 1893 581 1959 nisi
594 1893 811 1980 Hispanorum
825 1893 938 1958 cohors
952 1895 994 1958 ad
1012 1919 1013 1924 ¹

95 2007 111 2056 3
130 1986 265 2054 remissa
283 1985 324 2052 ab
337 1985 518 2052 Hannibale
536 1988 740 2073 pervenisset.
773 2009 811 2052 ea
828 1988 989 2053 adsuetior
1007 2012 1013 2051 1

130 2091 163 2150 ct
184 2083 225 2148 ad
248 2084 499 2148 concursandum
520 2083 600 2147 inter
624 2107 701 2148 saxa
718 2105 876 2169 rupesque
894 2084 996 2169 aptior

130 2199 203 2244 cum
220 2176 385 2242 velocitate
400 2199 566 2262 corporum
580 2186 647 2240 tum
662 2199 819 2242 armorum
833 2175 944 2242 habitu
958 2200 1013 2242 ean

129 2272 253 2338 hostem
275 2293 404 2360 gravem
427 2271 522 2336 armis
545 2271 768 2355 statariumque
791 2293 916 2358 pugnae
939 2294 1013 2358 gens

95 2386 112 2433 a
130 2365 232 2432 elusit.
263 2365 309 2431 ita
325 2365 571 2450 haudquaquam
589 2363 658 2450 pari
676 2365 846 2430 certamine
860 2365 1010 2451 digressi,

129 2457 196 2526 fere
223 2481 332 2526 omnes
358 2459 546 2538 incolumes,
574 2458 711 2524 Romani
738 2458 857 2542 aliquot
885 2459 950 2524 suis
981 2482 1013 2524 ar

130 2563 233 2620 castra
250 2554 486 2619 contenderunt.

95 2668 111 2716 5
193 2646 313 2713 Fabius
341 2668 466 2731 quoque
495 2646 594 2712 movit
621 2655 723 2711 castra
749 2657 1013 2732 transgressusqu

96 2759 111 2809 t
131 2761 226 2825 super
238 2738 355 2804 Allifas
373 2740 443 2805 loco
461 2740 524 2804 alto
542 2761 579 2804 ac
597 2740 718 2805 munito
736 2739 887 2805 consedit.
914 2748 983 2804 tum
1000 2763 1013 2825 1

128 2833 217 2899 nium
234 2833 372 2899 Romam
392 2856 425 2900 se
443 2843 549 2920 petere
570 2834 721 2900 simulans
734 2834 897 2901 Hannibal
914 2857 1013 2920 usque

129 2928 233 3015 lignos
254 2927 497 3014 populabundus
521 2929 626 3009 rediit;
649 2928 768 2995 Fabius
787 2930 910 2995 medius
928 2930 1011 2995 inter

130 3044 245 3110 agmen
258 3021 431 3107 urbemque
443 3023 580 3089 Romam
598 3024 683 3112 iugis
704 3023 840 3089 ducebat
856 3046 915 3089 nec
933 3024 1013 3091 absis

97 3116 346 3204 tcongredieus.
392 3139 431 3183 ex
461 3117 622 3205 Paelignis
656 3117 785 3184 Poenus
815 3118 902 3183 flexit
932 3119 992 3183 iter

128 3210 282 3298 Apuliam
299 3222 443 3299 repetens
460 3211 652 3279 Gereonium
673 3213 829 3299 pervenit,
848 3212 958 3278 urbem
972 3236 1013 3278 ms

130 3306 281 3392 conlapsa
311 3306 409 3373 ruinis
436 3330 510 3394 pars
536 3307 696 3373 moenium
723 3316 803 3385 erat,
834 3306 874 3373 ab
902 3308 968 3373 suis
997 3309 1013 3372 d

95 3417 112 3467 8
131 3398 264 3465 dictator
286 3400 321 3465 in
336 3401 487 3466 Larinate
510 3425 587 3488 agro
610 3411 713 3467 castra
735 3402 927 3469 communiit.
963 3401 1013 3467 ind

130 3517 200 3558 rum
227 3516 324 3560 causa
348 3495 485 3561 Romam
510 3506 689 3573 revocatus,
721 3518 785 3562 non
810 3496 941 3582 imperio
967 3519 1013 3563 mc

131 3588 262 3654 consilio
294 3588 387 3655 etiam
404 3612 456 3656 ac
485 3612 584 3676 prope
613 3589 759 3676 precibus
788 3612 885 3676 agens
912 3612 985 3656 cum

97 3683 286 3768 aequitum,
313 3694 349 3748 ut
369 3682 441 3770 plus
464 3684 594 3749 consilio
617 3706 712 3768 quam
738 3685 883 3751 fortunae
910 3686 1014 3751 confid

132 3776 245 3862 potius'
255 3777 369 3842 ducem
386 3799 481 3863 quam
501 3776 722 3864 Sempronium
739 3778 993 3865 Flaminiumque

132 3891 173 3933 ne
194 3870 272 3934 nihil
295 3881 400 3936 actum
423 3883 563 3937 censeret
581 3880 720 3936 extracta
736 3895 835 3959 prope
853 3882 971 3938 aestate
989 3897 1011 3960 p

133 3962 287 4028 cationem
311 3964 428 4032 hostis:
459 3966 597 4032 medicos
625 3987 750 4050 quoque
777 3968 849 4053 plus
876 3968 1013 4034 interdu1
