2528 4514
128 223 170 302 1³2
363 244 483 300 mssa
499 244 587 314 xxr,
606 240 717 296 rems.
736 243 812 310 [na
823 241 922 312 esso]

125 428 244 473 novum
271 402 422 489 oppidum
449 399 629 467 aedificetis.
675 421 786 464 surum
812 409 843 463 et
869 407 1042 486 argentum
1071 429 1074 459 t

94 524 107 570 7
127 499 288 586 publicum
306 497 525 583 privatumque
543 495 584 559 ad
602 515 637 559 se
653 492 742 559 iubet
759 491 884 571 deferri,
898 514 1036 579 corpore
1047 517 1074 558 vr

127 593 296 680 coniugum
315 612 353 655 ac
369 589 539 656 liberorum
556 597 733 656 vestrorum
752 595 857 653 servet
873 586 1043 667 inviolata,
1065 611 1074 653 ι

91 750 95 756 .
127 709 227 752 ermes
255 707 327 750 cum
358 684 441 750 binis
469 681 665 748 vestimentis
692 680 796 747 velitis
821 679 862 746 sb
890 678 1074 768 Saguntos

93 781 205 849 shaec
221 779 321 844 victor
337 777 438 843 hostis
456 779 605 863 imperat,
629 775 723 853 haec,
742 796 936 860 quamquam
955 785 1032 840 sunt
1051 799 1074 864 g

128 887 221 959 atque
239 872 361 951 acerba,
381 873 508 938 fortuna
525 882 631 938 vestra
644 870 735 937 vobis
755 871 875 936 suadet.
909 871 1058 954 equidem
1073 931 1074 935 ,

128 970 270 1054 despero,
290 989 362 1032 cum
380 967 520 1033 omnium
538 975 678 1052 potestas
697 965 726 1030 ei
743 964 828 1030 facta
846 964 895 1042 sit,
915 965 1037 1049 aliquid
1054 987 1074 1030 s

127 1065 222 1131 rebus
245 1064 464 1140 senissimum,
489 1063 547 1126 sed
569 1061 620 1127 vel
641 1061 720 1126 haec
745 1060 894 1146 patienda
915 1081 1033 1129 censeo
1054 1083 1074 1147 p

128 1181 223 1243 quam
250 1157 399 1226 trucidari
426 1178 557 1242 corpore
583 1164 703 1232 vestra,
734 1153 803 1240 rapi
833 1152 979 1237 trahique
1007 1164 1074 1219 ants

127 1264 233 1318 vestra
252 1253 402 1338 coniuges
420 1273 458 1317 ac
476 1250 592 1316 liberos
610 1249 685 1315 belli
701 1249 770 1312 iure
788 1247 918 1313 sinatis?

94 1369 108 1415 1
186 1345 304 1412 XIIII.
339 1345 395 1409 Ad
417 1344 496 1410 haec
518 1343 771 1409 audiendarum
794 1340 987 1407 circumfusa
1009 1340 1074 1428 paul

126 1440 325 1504 multitudine
356 1438 547 1523 permixtum
573 1437 696 1502 senatui
727 1445 811 1501 esset
839 1435 951 1522 populi
982 1434 1074 1501 concil

125 1543 255 1620 repente
276 1532 427 1618 primores
451 1531 628 1597 secessione
646 1530 745 1609 facta,
768 1530 954 1616 priusquam
970 1551 1074 1616 respor

127 1628 262 1704 daretur,
281 1633 448 1712 argentum
466 1645 641 1708 eurumque
659 1645 753 1690 omne
771 1647 811 1688 ex
827 1623 955 1710 publico
973 1625 1074 1710 privat

126 1722 160 1785 in
180 1721 285 1786 forum
308 1720 466 1785 conlatum
488 1719 522 1783 in
543 1719 651 1806 ignem
673 1719 714 1788 ad
735 1719 769 1783 id
790 1719 904 1803 raptim
926 1717 1048 1784 fautum
1072 1749 1074 1775 ι

93 1836 108 1883 a
128 1815 245 1879 cientes
264 1813 375 1878 eodem
392 1812 533 1898 plerique
551 1823 652 1878 semet
668 1813 730 1898 ipsi
746 1812 1041 1898 praecipitaverunt

128 1930 168 1973 ex
188 1931 225 1973 eo
242 1930 341 1994 pavor
359 1929 397 1973 ao
414 1907 580 1994 trepidatio
598 1917 697 1973 totsm
713 1908 825 1973 urbem
846 1908 1054 1993 pervasisset,

127 2003 256 2087 insuper
286 2001 439 2066 tumultus
466 2023 506 2067 ex
532 2023 603 2067 arce
630 2001 764 2066 auditur.
808 2001 901 2066 turris
929 2001 985 2066 diu
1011 2023 1074 2086 qua

127 2095 318 2181 procideret,
341 2117 460 2181 perque
482 2097 606 2160 ruinam
625 2096 692 2161 eius
710 2096 823 2161 cohors
841 2095 1024 2161 Poenorum
1039 2095 1074 2160 in

127 2189 212 2253 facto
226 2211 298 2254 cum
317 2189 444 2276 signum
461 2190 641 2274 imperatori
655 2189 793 2255 dedisset
806 2189 957 2255 nudatam
970 2190 1074 2255 statior

93 2303 108 2350 3
128 2283 340 2368 custodiisque
359 2283 458 2349 solitis
476 2284 615 2350 hostium
633 2306 704 2349 esse
721 2283 846 2364 urbem,
864 2307 928 2349 non
946 2295 1074 2350 cunctas

126 2377 160 2441 in
182 2377 236 2442 tali
259 2379 424 2444 occasione
446 2387 534 2444 ratus
557 2377 720 2443 Hannibal
743 2378 816 2443 totis
839 2378 960 2443 viribus
988 2378 1074 2465 adgrt

33 2530 36 2535 .
125 2472 236 2536 urbem
249 2481 408 2538 momento
422 2472 514 2558 cepit,
534 2472 626 2557 signo
640 2471 723 2549 dato,
736 2480 773 2535 ut
786 2493 895 2537 omnes
908 2470 1048 2557 puberes
1063 2472 1074 2535 i

125 2566 299 2632 ficerentur.
336 2567 421 2652 quod
438 2567 603 2652 imperium
623 2567 758 2646 crudele,
778 2576 915 2633 ceterum
933 2589 1034 2654 prope
1050 2591 1074 2632 n

91 2681 109 2726 4
127 2661 242 2724 sarium
258 2661 418 2746 cognitum
435 2661 505 2747 ipso
520 2670 634 2726 eventu
648 2670 710 2726 est:
729 2662 780 2726 cui
797 2662 879 2732 enim
897 2662 985 2746 perci
1003 2671 1074 2748 potu

125 2753 243 2836 iis-qui
261 2764 315 2817 aut
331 2753 445 2819 inclusi
464 2778 536 2820 cum
555 2755 742 2842 coniugibus
761 2778 799 2820 ac
814 2755 921 2820 liberis
937 2757 1049 2821 domos
1063 2779 1074 2820 s

127 2869 162 2912 se
184 2847 270 2932 ipsos
294 2858 571 2914 concremaverunt
597 2858 652 2914 aut
678 2849 790 2914 armati
815 2849 937 2913 nullum
964 2860 1038 2914 ante
1062 2848 1074 2915 I

127 2961 254 3026 pugnae
271 2961 366 3024 quam
383 2942 551 3007 morientes
570 2941 730 3007 feceruut?

94 3055 106 3101 1
185 3032 264 3099 XV.
293 3031 431 3120 Captum
445 3036 595 3120 oppidum
611 3048 659 3102 est
673 3058 745 3102 cum
758 3037 880 3123 ingenti
892 3037 1021 3121 praeda.
1049 3058 1074 3121 qr

125 3151 221 3213 quam
242 3128 394 3214 pleraque
412 3127 452 3194 ab
472 3130 608 3194 dominis
628 3131 667 3196 de
684 3130 838 3197 industria
857 3141 1004 3217 corrupta
1022 3153 1074 3197 era

124 3223 158 3286 in
184 3222 333 3288 caedibus
359 3223 414 3288 vix
439 3222 539 3288 ullum
566 3225 733 3290 discrimen
764 3224 883 3321 aetatis,
906 3225 954 3290 ira
980 3224 1074 3291 fecere

92 3336 107 3386 2
127 3317 242 3401 captivi
260 3317 393 3383 militum
411 3317 529 3403 praeda
545 3318 684 3397 fixerant,
703 3329 808 3384 tamen
826 3327 915 3384 etex
932 3320 1036 3404 pretio
1052 3341 1074 3384 rr

125 3410 322 3475 venditarum
340 3411 533 3497 aliquantum
550 3413 702 3498 pecuniae
718 3412 881 3478 redactum
899 3435 971 3479 esse
989 3423 1074 3480 const

125 3502 256 3568 multam
278 3506 448 3590 pretiosam
473 3505 698 3591 supellectilem
719 3515 905 3590 vestemque
926 3507 1059 3572 missam

125 3598 297 3685 thaginem.

93 3707 109 3755 s
187 3690 311 3758 Octavo
334 3714 443 3758 mense
466 3714 561 3778 quam
584 3703 730 3780 coeptum
752 3694 928 3781 oppugnari
949 3704 1074 3780 ceptum

126 3795 259 3869 guntum
286 3787 415 3870 quidam
442 3787 609 3873 scripsere,
632 3788 706 3855 inde
729 3787 955 3876 Carthaginem
980 3811 1074 3855 novar

125 3875 256 3944 hiberna
281 3879 496 3947 Hannibalem
522 3883 733 3962 concessisse,
765 3883 875 3971 quinto
899 3882 1016 3949 deinde
1047 3906 1074 3948 m

121 3990 224 4054 qnam
242 3971 282 4038 ah
301 3972 493 4063 Carthagine
517 3975 678 4062 profectus
701 3979 742 4045 sit
763 3979 797 4046 in
813 3978 938 4045 Italiam
960 3999 1074 4063 persen
