2528 4514
186 208 253 277 104
421 220 539 279 LIBER
555 220 657 292 XXII,
675 221 718 279 54.
731 220 775 278 bb.
796 225 834 293 [a.
843 238 872 279 u.
882 221 982 292 eous]

184 380 347 469 cipiendos
361 380 578 464 curandosque
592 402 664 445 oum
678 380 873 458 divisissent,
891 379 924 445 in
938 376 1082 467 singulos
1096 377 1247 471 equitur,

185 485 277 562 togas
291 484 322 540 et
335 475 456 539 tunicas
475 482 506 538 et
523 474 725 561 quadrigatos
743 495 890 540 nummos
908 473 1022 557 quinos
1040 472 1172 539 vicenos
1193 504 1202 528 ιἸ
1223 478 1238 548 'f

152 591 168 640 a
185 569 285 657 pediti
306 569 405 633 denos
427 578 459 633 et
480 590 567 633 arma
584 568 699 651 quibus
716 568 845 633 deerant
864 567 1031 646 dederunt,
1054 577 1232 652 ceteraque¹

185 662 311 751 publice
333 683 372 728 ac
392 661 538 749 privatim
561 661 755 748 hospitaliter
776 663 862 728 facta
882 671 1114 747 certatumque,
1139 682 1179 725 ne
1195 664 1228 727 ιέ
1252 714 1254 719 .

187 757 318 823 muliere
341 756 503 822 Canusina
528 757 663 842 populus
685 756 868 822 Venusinus
892 755 1005 822 officiis
1031 755 1235 823 vinceretur..

152 852 246 920 4sed
269 852 398 938 gravius
425 873 504 916 onus
526 850 633 917 Busae
659 851 826 917 multitudo
851 850 1003 929 faciebat,
1031 860 1062 916 et
1088 850 1152 915 iam
1176 848 1230 923 arb,

152 966 168 1013 5
187 946 297 1011 decem
319 943 406 1009 milia
423 944 585 1010 bominum
603 955 704 1022 erant,
728 943 917 1031 Appiusque
935 955 967 1010 et
986 943 1112 1030 Scipio,
1134 953 1228 1030 pose-
1251 964 1254 1027 j

186 1061 282 1125 quam
299 1039 489 1105 incolumem
506 1060 577 1104 esse
595 1039 727 1104 alterum
745 1039 906 1104 consulem
920 1048 1125 1124 acceperuut,
1141 1059 1224 1102 nuu-·

189 1134 268 1198 tium
286 1132 444 1218 extemplo
461 1132 603 1210 mittunt,
626 1142 762 1216 quantae
780 1154 888 1198 secum
905 1132 1048 1217 peditum
1065 1133 1166 1216 equi·
1181 1164 1194 1187 ι·
1217 1177 1220 1180 -

188 1249 249 1312 que
267 1227 376 1314 copiae
395 1236 514 1305 essent,
534 1227 788 1311 sciscitatumque
802 1226 910 1305 simul,
928 1236 1035 1291 utrum
1045 1225 1133 1292 Ven
1146 1252 1222 1282 :tn

156 1322 304 1387 eadduei
321 1321 493 1387 exercitum
510 1343 551 1386 an
567 1343 695 1386 manere
712 1320 833 1387 iuberet
852 1319 982 1388 Canusi.
1027 1318 1162 1386 Varro
1152 1336 1228 1405 lpse

188 1415 364 1483 Canusium
386 1415 493 1500 copias
517 1414 664 1480 traduxit.
708 1425 740 1480 et
761 1415 825 1480 iam
842 1414 948 1499 aliqua
965 1413 1090 1501 species
1110 1434 1194 1479 cons
1217 1451 1220 1456 -

187 1511 262 1577 laris
281 1508 435 1575 exercitus
454 1517 534 1587 erat,
552 1508 780 1592 moenibusque
798 1530 832 1573 se
849 1518 948 1587 certe,
967 1507 1027 1574 etsi
1043 1530 1111 1572 non
1134 1537 1139 1564 ε
1170 1504 1200 1563 oi

186 1606 227 1673 ab
244 1604 336 1670 hoste
352 1601 502 1668 videbant
489 1613 540 1667 tur
556 1601 725 1668 defensuri.
1210 1661 1211 1666 ,
1248 1668 1251 1673 ,

153 1713 169 1760 ι
252 1699 389 1764 Romam
405 1719 445 1762 ne
463 1696 521 1763 has
539 1697 666 1780 quidem
684 1696 831 1781 reliquias
851 1718 1017 1783 superesse
1035 1696 1155 1761 civium
1177 1687 1215 1778 ιγ’

187 1794 387 1877 ciorumque,
407 1791 464 1856 sed
483 1791 642 1856 occidione
660 1792 800 1856 occisum
815 1813 887 1857 oum
901 1790 1085 1856 oonsulibus
1099 1788 1192 1855 duob
1214 1801 1215 1804 ’

154 1898 171 1948 8
190 1886 361 1954 exercitum
379 1885 560 1970 deletasque
579 1907 687 1952 omnes
705 1887 812 1972 copias
830 1887 970 1952 adlatum
987 1885 1103 1952 fuerat.
1134 1909 1194 1952 n·1=

186 2004 283 2068 quam
301 1980 389 2046 salva
405 1979 483 2045 urbe
501 1990 621 2045 tantum
633 1981 759 2066 pavoris
774 1980 988 2066 tumultusque
1000 1981 1086 2046 intra
1099 2004 1145 2045 m·
1158 2011 1188 2037 t,
1215 2029 1220 2061 3

186 2075 332 2142 Romana
353 2073 423 2139 fuit.
467 2073 572 2158 itaque
596 2072 666 2161 [ne]
691 2074 894 2141 succumbam
916 2075 1019 2153 oneri,
1044 2072 1235 2160 nequead..

186 2168 312 2257 grediar
340 2190 466 2234 narrare
497 2190 579 2252 quae
605 2170 820 2236 edissertando
846 2171 968 2235 minora
993 2192 1070 2235 vero
1100 2166 1206 2235 facim·
1245 2190 1254 2257 ᾗ

153 2275 168 2324 e
188 2261 317 2329 consule
335 2262 535 2347 exercituque
553 2264 594 2328 ad
611 2263 865 2329 Trasumennum
882 2265 984 2350 priore
1002 2286 1088 2328 auno
1108 2260 1222 2329 amim-
1246 2258 1254 2279 ²

186 2378 251 2422 non
268 2357 383 2422 vulnus
402 2379 497 2442 super
514 2357 643 2435 vulnus,
664 2358 720 2422 sed
737 2357 901 2443 multiplex
918 2358 1039 2435 clades,
1058 2379 1135 2423 cum
1146 2356 1215 2421 duo·

187 2449 248 2517 bus
267 2450 449 2517 consulibus
467 2452 532 2516 duo
551 2451 729 2516 consulares
743 2453 898 2518 exercitus
912 2452 1022 2516 amissi
1035 2453 1147 2517 nuntia
1220 2478 1227 2511 .·

189 2553 254 2610 tur:
277 2566 336 2610 nec
353 2543 418 2609 ulla
434 2544 499 2608 iam
518 2555 621 2609 castra
637 2544 782 2610 Romana
798 2567 857 2610 neo
874 2546 986 2610 ducem
1008 2567 1070 2610 nec
1093 2544 1173 2610 milit
1216 2556 1221 2563 '

137 2649 171 2699 ιο
189 2660 274 2715 esse,
292 2636 484 2703 Hannibalis
502 2637 668 2723 Apuliam,
689 2637 855 2705 Samnium
872 2663 910 2705 ac
926 2640 991 2705 iam
1007 2661 1109 2725 prope
1127 2650 1160 2704 to

186 2731 313 2797 Italiam
326 2731 452 2796 factam.
480 2732 566 2797 nulla
582 2733 724 2818 profecto
741 2734 803 2799 alia
820 2756 899 2821 gens
917 2742 1004 2798 tauta
1020 2733 1142 2798 moleo
1193 2730 1201 2747 ⁸

136 2838 252 2891 11non
275 2824 388 2890 obruta
409 2835 503 2891 esset.
548 2848 710 2917 compares
734 2828 855 2893 cladem
877 2829 918 2893 ad
939 2826 1113 2914 Aegatis
1102 2850 1154 2893 ms

188 2917 498 3005 Carthaginiensium
520 2921 639 3006 proelio
656 2923 761 2987 navali
779 2933 954 3010 acceptam,
977 2944 1041 3007 qua
1057 2922 1154 2988 fracti
1171 2917 1225 3009 Sle.

188 3011 260 3079 cilia
282 3034 319 3078 ao
339 3009 485 3078 Sardinia
506 3036 643 3093 cessere,
666 3016 739 3080 inde
756 3017 919 3104 vectigalis
941 3038 979 3082 ac
1001 3016 1107 3102 stipen
1130 3016 1139 3031 ’
1175 3016 1184 3031 '

187 3107 256 3174 fieri
279 3129 313 3173 se
334 3108 422 3193 passi
440 3120 527 3186 sunt,
552 3121 604 3175 aut
621 3133 762 3197 pugnam
780 3112 978 3178 adversam
968 3134 1002 3175 m
1017 3106 1223 3190 Africana·

187 3212 299 3290 postea
320 3202 403 3268 hic
393 3225 461 3289 1pse
479 3157 642 3270 Hannibal
665 3206 844 3272 succubuit:
869 3206 957 3272 nulla
978 3227 1019 3271 ex
1039 3215 1132 3292 parte
1150 3224 1222 3271 oona

187 3297 345 3382 parandae
364 3307 451 3375 sunt,
470 3297 532 3362 nisi
550 3300 635 3382 quod
652 3300 772 3365 minore
790 3300 894 3366 animo
911 3300 993 3366 latae
1011 3309 1096 3367 sunt.

155 3416 170 3463 1
252 3390 326 3456 LV.
370 3391 408 3456 P.
435 3391 551 3456 Furius
573 3392 686 3457 Philus
714 3403 744 3459 et
766 3393 814 3458 M.
837 3392 1033 3480 Pomponius
1059 3403 1227 3480 praetores·

189 3494 333 3550 senatum
354 3485 398 3549 in
429 3487 548 3550 curiam
573 3487 744 3552 Hostiliam
769 3499 976 3567 vocaverunt,
1006 3498 1042 3554 ut
1067 3490 1110 3554 de
1135 3485 1221 3554 ubis

154 3603 171 3652 ι
190 3579 333 3644 custodia
351 3579 560 3650 consulerent:
579 3603 681 3665 neque
699 3582 782 3646 enim
800 3581 986 3648 dubitabant
1004 3582 1117 3649 deletis
1135 3602 1225 3648 exer-x

190 3674 304 3740 citibus
335 3673 459 3738 hostem
491 3675 532 3739 ad
558 3677 802 3762 oppugnandam
827 3676 978 3755 Romam,
1011 3677 1098 3762 quod
1124 3696 1221 3742 unum

156 3787 271 3854 aopus
297 3765 372 3832 belli
397 3777 543 3845 restaret,
569 3778 745 3834 venturum.
781 3791 853 3835 eum
878 3771 912 3836 in
937 3771 1030 3836 malis
1057 3770 1153 3836 sicuti
1177 3771 1223 3835 in·

190 3860 352 3949 gentibus,
369 3861 414 3928 ita
425 3862 542 3950 ignotis
555 3885 614 3928 nec
628 3864 793 3929 consilium
806 3865 934 3950 quidem
949 3867 1025 3932 satis
1039 3866 1223 3952 expedirent

192 3955 447 4041 obstreperetque
465 3957 583 4022 clamor
599 3957 836 4025 lamentantium
853 3960 1019 4025 mulierum
1037 3970 1068 4025 et
1081 3961 1228 4053 nondum
