2528 4514
372 232 490 294 amsa
506 236 592 306 xxr,
610 237 653 292 44.
665 234 707 292 a.
728 238 765 306 [a.
776 235 881 308 cara]
1098 228 1140 294 37

110 410 197 469 taam
214 397 372 464 audacius
389 396 564 480 fortiusque
580 395 749 482 pugnaturi
769 416 864 479 quam
886 395 1001 475 hostis,
1025 408 1142 482 quanto

115 497 210 562 maim
226 512 320 580 spes,
339 491 441 556 maim
455 498 505 555 est
521 489 643 554 animus
659 482 821 554 humus
838 490 902 554 vim
921 511 1016 575 qnam
1034 514 1142 559 arcen-

120 593 167 656 tia
199 587 346 655 accendit
364 596 528 672 praeterea
546 592 578 649 ct
600 583 738 648 stimulat
759 584 879 651 animos
897 585 995 665 dolor,
1017 586 1139 666 iniuria,
1159 604 1177 651 4

122 684 297 771 indignitas.
330 680 372 746 ad
394 678 581 766 mpplicinm
603 678 852 764 depoposcerunt
873 700 924 745 me
947 681 1059 747 ducem
1077 683 1141 769 pri·

120 798 215 856 num,
241 776 357 842 deinde
379 791 437 840 voa
459 791 582 852 omnes,
609 774 668 857 qui·
687 770 865 860 bagmam
887 779 1139 864 oppugnametis,

81 916 84 933 ,
121 874 243 939 deditos.¹
252 870 374 936 ultimis
392 868 581 935 cruciatibus
597 867 750 933 adfecturi
763 866 897 934 fueram
924 871 1140 938 erudelissima
1158 893 1175 941 o

81 982 88 1025 r
123 986 155 1034 au
170 964 398 1054 superbissima
413 982 498 1052 gens·
511 980 568 1028 sua
580 963 689 1028 omnia
699 963 812 1047 suique
825 962 941 1029 arbitrii
953 965 1038 1031 fauit.
1067 988 1139 1032 enm

81 1028 94 1109 l
126 1061 232 1146 quasa
247 1059 385 1137 serm,
400 1075 472 1124 aaa
490 1057 604 1142 quaa
621 1072 731 1143 paam
749 1056 935 1136 aaaama,
959 1081 993 1125 a
1010 1062 1140 1127 aaran

91 1214 94 1219 .
128 1156 266 1242 ‘uponera
281 1170 397 1219 aecum
410 1160 525 1217 ceusu.
553 1150 778 1217 circumscribit
794 1151 986 1236 includitque
1003 1172 1061 1220 nos
1079 1168 1140 1220 ter-

132 1245 629 1330 affirmandum-flammamque,
647 1262 727 1329 quos
739 1264 803 1311 non
817 1245 1020 1325 excedamus,
1037 1268 1139 1332 neque

133 1360 178 1408 aar
189 1360 267 1427 quus
285 1341 394 1406 statuit
410 1338 561 1405 cuminos
582 1338 739 1405 observat.
776 1345 841 1405 “ne
863 1341 1024 1406 transieris
1039 1341 1140 1407 Hibe-
1159 1365 1174 1412 a

98 1438 102 1447 '
132 1436 201 1502 mul
225 1458 265 1501 ne
288 1435 365 1519 quid
387 1436 436 1500 rei·
453 1433 510 1499 tibi
532 1434 575 1498 sit
595 1448 666 1498 curn
686 1431 884 1520 sagatius!
910 1432 966 1518 (ad
985 1435 1140 1501 Hiberum

133 1540 171 1596 at
193 1527 384 1618 Saguntum)
413 1544 571 1612 nusquam
596 1535 627 1593 te
652 1528 786 1615 vestigio
813 1528 987 1594 moverisl”
1027 1544 1173 1616 parumr
1229 1592 1232 1597 .

134 1625 279 1709 estquod
299 1624 481 1689 veterrimas
503 1622 679 1708 puouiuoias
702 1640 792 1687 meas
813 1620 953 1688 Siciliam
975 1638 1013 1689 ac
1032 1623 1140 1691 sau-

100 1800 105 1807 ·
133 1717 202 1783 nbm
217 1717 350 1785 adimis?
373 1718 466 1782 etlam
483 1715 677 1803 Hispaniae?
701 1726 732 1781 ct
748 1717 822 1782 iude
839 1738 978 1783 cessero:
1000 1719 1034 1782 in
1051 1718 1140 1785 Atri-

101 1862 106 1869 .
135 1832 191 1878 carn
205 1813 414 1878 transeundus.
445 1810 645 1877 nanacendea
664 1819 773 1874 autem-
786 1811 875 1876 dico?
896 1812 975 1878 duos
994 1812 1139 1879 consides

135 1903 214 1972 luna
240 1907 334 1986 armi,-
359 1905 516 1970 nnumin
541 1903 703 1982 aaran,
729 1904 860 1970 alterum
890 1907 923 1971 in
949 1906 1138 1994 Hispaniam

135 2000 274 2066 miremur.
310 2000 389 2066 nihil
410 2016 544 2084 usquam
566 1998 657 2065 nobis
678 1999 820 2065 relictum
843 2011 891 2066 est
907 2002 969 2068 nisi
986 2004 1071 2087 qnod
1090 2028 1139 2069 ar·

115 2094 184 2171 ¹nis
198 2096 431 2161 vindicaremus.
467 2094 528 2159 illis
546 2093 662 2158 timidis
681 2103 712 2158 et
733 2094 856 2181 ignavis
879 2118 948 2162 esse
970 2096 1057 2176 lieet,
1084 2098 1139 2183 qui
1157 2117 1173 2167 8

98 2238 108 2265 ,
138 2200 288 2274 respectum
306 2190 437 2266 babent,
460 2189 544 2273 quod
564 2210 622 2254 sua
638 2198 732 2266 tarra,
757 2211 833 2254 suus
852 2210 927 2277 ager
943 2212 1000 2276 per
1016 2201 1085 2258 tuta
1103 2214 1140 2257 ac

94 2304 107 2369 ..J
141 2294 228 2365 pamla
239 2286 358 2350 itinera
370 2278 526 2370 suglcntes
544 2282 710 2369 accipiente
729 2282 819 2348 vobis
837 2306 967 2349 necesse
985 2296 1034 2351 ast
1050 2286 1139 2351 forti·

81 2370 107 2455 ἱ,
142 2370 270 2443 braviis
285 2393 362 2443 esso*
375 2389 412 2442 e't'
422 2376 571 2442 omuibus·
584 2378 665 2441 iuter
681 2375 844 2440 victoriam
861 2384 1033 2442 mortemve
1055 2388 1141 2443 certa

101 2538 104 2543 ,
139 2466 331 2557 desperatione
348 2471 487 2556 abmptls
505 2479 559 2535 aut
576 2470 704 2534 unsara
724 2478 791 2547 aut,
821 2469 849 2535 si
870 2469 996 2535 fortuna
1017 2471 1141 2536 dubita-

136 2560 181 2644 bit,
201 2568 231 2631 in
248 2567 366 2654 proelio
385 2566 488 2651 potius
506 2586 602 2649 quam
618 2565 653 2629 in
670 2563 748 2652 fuga
764 2572 897 2651 mortem
915 2572 1071 2650 oppetere.
1113 2565 1140 2630 si
1158 2586 1173 2634 a

134 2655 182 2724 loa
196 2660 286 2743 (bene
301 2661 421 2746 fixum)
438 2658 589 2725 omnibus·
605 2658 795 2724 destinatum
816 2659 850 2723 in
872 2659 976 2725 animo
994 2670 1060 2739 est,
1083 2661 1141 2725 ite-

134 2756 327 2832 run-dicam,-
340 2748 481 2819 cioiotlsr·
496 2753 618 2818 nullum
634 2753 867 2817 incitamentum
889 2754 930 2819 ad
951 2754 1140 2821 vincendum

104 2912 108 2933 ζ
135 2842 239 2912 bomini?
249 2849 290 2914 ab
307 2849 356 2913 dls
375 2840 592 2913 inmortalibus
609 2846 716 2931 acrius,
729 2847 837 2912 datum
855 2848 924 2914 est?
1206 2910 1212 2916 .

184 2936 367 3008 XXKXV.
394 2941 457 3007 His
470 2940 736 3007 adhortationibus
750 2962 824 3006 cum
841 2943 997 3028 utrimque
1016 2943 1056 3009 ad
1075 2966 1141 3009 ccr-
1160 2969 1172 3014 1

105 3040 111 3061 ·“
136 3042 225 3101 umen
242 3036 372 3103 accensi-
386 3036 520 3100 militum
539 3037 634 3100 auimi
652 3045 771 3114 essent,
789 3036 926 3104 Romani
942 3048 1038 3124 ponte
1056 3039 1142 3105 Tici-

98 3208 101 3213 .
137 3147 196 3193 num
217 3131 351 3219 iungunt
377 3131 560 3215 tutandique
584 3131 691 3216 pontis
711 3152 807 3197 causa
829 3132 991 3198 castellum
1014 3133 1143 3218 insuper

108 3256 112 3261 ·
137 3220 282 3309 inponunt,
308 3221 436 3292 Poenus
458 3224 602 3291 hostibus
624 3246 718 3312 opere
740 3228 900 3313 occupatis
922 3226 1175 3297 Maharbalem

107 3330 115 3343 “
137 3336 193 3383 rum
208 3321 258 3387 ala
269 3318 491 3399 Numidarum,
510 3319 665 3404 equitibus
683 3321 877 3408 quingentis,
896 3322 937 3386 ad
950 3322 1147 3409 depopulan-

92 3434 106 3495 j
136 3409 181 3478 dos
201 3416 359 3482 sociorum·
380 3415 488 3501 populi
509 3414 646 3480 Romani
672 3436 765 3503 agros
790 3415 898 3494 mittit,
927 3412 1029 3483 Gallia
1055 3420 1175 3505 parcit

136 3524 214 3590 quam
230 3511 368 3577 maxime
384 3508 471 3574 iubet
488 3509 724 3595 principumque
742 3510 862 3576 animos
881 3511 921 3576 ad
934 3511 1142 3577 defectionem

105 3600 285 3671 'solicitari
325 3613 421 3691 ponte
446 3603 585 3690 perfecto
610 3603 770 3669 traductus
795 3605 958 3671 Romanus
986 3607 1141 3673 exercitus

129 3695 278 3788 in-agrum
295 3698 477 3766 Insubrium
499 3699 635 3784 quinque
657 3697 743 3762 milia
764 3720 893 3784 passum
916 3699 1141 3768 aVictumulis

128 3796 270 3861 consedit.

178 3890 230 3958 lbi
242 3888 407 3957 Hannibal
424 3897 526 3954 castra
538 3887 686 3966 habebat,
706 3897 913 3972 revocatoque
925 3910 1056 3974 propere
1070 3889 1176 3961 Mar

81 4068 83 4087 Ι
121 3984 245 4052 harbale
268 3995 363 4070 atque
385 3983 555 4068 equitibus,
583 4005 653 4048 oum
676 3984 792 4048 instare
815 3991 971 4049 certarnen
993 3997 1140 4063 cerneret,
