2528 4530
299 245 419 301 amna
435 246 594 317 xxvnn,
613 246 655 301 21.
669 247 712 303 aa.
732 245 883 318 [accos]
1043 239 1109 305 465

80 427 157 489 quae
183 403 316 491 vulgata
343 403 541 469 sermonibus
564 414 655 470 erant
675 405 715 470 de
738 406 824 470 cultu
846 427 884 471 ac
905 406 1027 473 desidia
1047 408 1107 473 im-

80 498 230 586 peratoris
259 498 425 582 solutaque
452 498 619 586 disciplina
644 498 788 577 militiae,
820 511 981 587 comperta
1006 501 1106 568 oculis

80 594 230 659 referrent
246 592 395 658 Romam.

136 685 261 752 XXII.
304 686 516 769 Venientibus
542 686 581 752 iis
610 685 786 772 Syracusas
815 684 923 776 Scipio
948 712 1014 768 res,
1041 710 1138 758 nour

80 782 172 846 rerba
192 781 235 846 ad
251 781 453 867 purgandum
472 804 544 847 sese
561 781 694 868 paravit.
735 781 907 847 exercitum
924 806 1050 850 omnem
1067 806 1105 850 eo

80 873 260 953 convenire,
279 874 416 941 classem
433 875 575 963 expediri
591 876 697 954 iussit,
716 887 877 960 tamquam
894 878 1107 944 dimicandum

80 992 114 1036 eo
131 970 183 1035 die
206 980 290 1035 terra
311 970 453 1054 marique
476 992 548 1035 cum
566 967 882 1056 Carthaginiensibus
905 984 998 1037 esset.
1043 995 1105 1058 quo
1124 995 1138 1041 2

80 1064 127 1130 die
149 1075 306 1129 venerunt
327 1063 465 1150 hospitio
488 1064 618 1130 comiter
640 1064 793 1151 acceptis,
820 1076 948 1151 postero
971 1065 1021 1131 die
1044 1076 1107 1131 ter-

80 1169 209 1224 restrem
225 1157 436 1243 navalemque
455 1158 641 1237 exercitum,
660 1181 724 1225 non
737 1159 907 1225 menuctus
921 1159 1030 1236 modo,
1049 1159 1107 1224 sed

80 1251 135 1320 bos
157 1252 368 1331 decurrentis,
396 1251 532 1318 classem
553 1253 587 1317 in
607 1265 701 1340 portu
724 1253 927 1319 simulacrum
948 1266 980 1319 et
1001 1254 1104 1340 ipsam

80 1348 222 1413 edentem
240 1346 363 1412 navalis
380 1369 522 1434 pugnae,
540 1348 693 1426 ostendit;
711 1358 779 1413 tum
797 1348 879 1413 circa
896 1359 1104 1415 armamenta·
1122 1369 1137 1417 3

80 1443 124 1508 ria
138 1454 172 1508 et
187 1441 302 1507 horrea
319 1441 477 1525 aliumque
494 1441 570 1507 belli
588 1452 774 1528 apparatum
791 1441 957 1507 visendum
977 1453 1105 1530 praetor

80 1533 236 1624 legatique
254 1535 354 1613 ducti3
378 1546 528 1621 tantaque
547 1535 711 1601 admiratio
729 1536 925 1623 singularum
941 1537 1138 1603 universa-t

80 1652 207 1716 rumque
228 1653 335 1703 rerum
356 1629 499 1708 incussa,
526 1640 562 1694 ut
584 1629 660 1694 satis
683 1630 846 1695 crederent
868 1641 923 1694 aut
943 1629 998 1696 illo
1024 1631 1103 1696 duce

80 1735 170 1809 utque
192 1723 334 1791 exercitu
356 1724 441 1789 vinci
463 1722 760 1810 Carthaginiensem
781 1724 934 1811 populum
960 1736 1015 1789 aut
1041 1723 1103 1790 alio

81 1819 160 1885 nullo
173 1841 281 1906 posse,
300 1819 516 1904 iuberentque,
536 1819 621 1902 quod
634 1819 665 1882 di
679 1819 761 1884 bene
775 1829 942 1898 verterent,
961 1819 1102 1908 traicere,
1122 1841 1137 1887 c

80 1924 111 1980 et
125 1913 194 2001 spei
211 1923 397 1999 conceptae,
417 1935 479 1998 quo
498 1913 548 1979 die
565 1913 655 1978 illum
671 1936 781 1980 omnes
796 1913 955 1980 centuriae
967 1913 1104 2001 priorem

80 2008 239 2075 consulem
268 2007 438 2086 dixissent,
472 2008 575 2095 primo
607 2031 731 2093 quoque
759 2020 899 2096 tempore
926 2021 1105 2096 compotem

80 2102 228 2192 populum
248 2102 430 2168 Romanum
451 2102 566 2167 facere.
611 2103 753 2186 adeoque
780 2103 872 2168 laetis
895 2104 968 2168 inde
991 2102 1136 2171 animiaa

80 2199 209 2285 profecti
232 2209 320 2277 sunt,
347 2209 510 2283 tamquam
527 2198 704 2276 victoriam,
726 2221 791 2264 non
808 2197 883 2263 belli
900 2198 1103 2283 magnificum

80 2305 262 2381 apparatum
279 2293 451 2358 nuntiaturi
467 2293 605 2358 Romam
623 2304 739 2357 essent

135 2386 314 2454 Pleminius
342 2387 458 2472 quique
483 2387 518 2451 iu
543 2386 656 2452 eadem
683 2407 779 2450 causa
805 2395 907 2462 erant,
933 2393 1135 2471 postquamr

80 2480 212 2547 Romam
238 2491 288 2547 est
312 2493 443 2547 ventum
470 2481 628 2568 extemplo
653 2481 687 2545 in
714 2501 872 2545 carcerem
893 2477 1020 2543 conditi.
1066 2500 1103 2544 ac

80 2575 176 2662 primo
198 2576 344 2662 producti
365 2577 407 2641 ad
428 2576 581 2663 populum
603 2577 643 2640 ab
666 2573 799 2639 tribunis
822 2572 908 2659 apud
932 2594 1103 2659 praeoccu-

80 2681 167 2756 patos
184 2670 397 2736 Locrensium
419 2671 508 2735 clade
526 2669 648 2736 animos
665 2668 788 2733 nullum
804 2666 1038 2733 misericordiae
1054 2666 1104 2733 lo·

80 2786 148 2831 eum
165 2765 353 2831 habuerunt
396 2777 510 2852 postea
527 2786 600 2829 cum
617 2764 745 2851 saepius
762 2764 1020 2851 producerentur,
1038 2763 1102 2829 iam
1120 2781 1135 2830 8

80 2870 261 2927 senescente
285 2860 405 2925 invidia
429 2860 651 2926 molliebantur
675 2859 741 2925 irae
768 2870 801 2926 et
825 2860 896 2947 ipsa
919 2859 1103 2927 deformitas

80 2954 212 3021 Plemini
228 2955 443 3041 memoriaque
465 2955 606 3020 absentis
625 2953 784 3043 Scipionis
807 2956 949 3022 favorem
972 2957 1013 3022 ad
1034 2954 1103 3021 vul-

80 3072 152 3138 gum
180 3049 378 3115 conciliabat.
422 3062 563 3116 mortuus
595 3063 701 3116 tamen
730 3051 818 3138 prius
845 3052 879 3115 in
904 3050 1015 3114 vinclis
1043 3059 1135 3125 este

80 3166 171 3229 quam
191 3143 343 3209 indicium
364 3145 404 3210 de
427 3167 465 3210 eo
488 3145 598 3233 populi
623 3146 834 3232 perficeretur.
879 3145 964 3209 hunc
984 3142 1103 3209 Plemi-
1122 3162 1153 3208 10

80 3238 162 3304 nium
181 3235 316 3304 Clodius
337 3239 471 3304 Licinus
493 3240 528 3304 in
548 3240 628 3305 libro
652 3240 742 3305 tertio
763 3262 870 3304 rerum
885 3239 1102 3305 Romanarum

80 3333 172 3399 refert
187 3331 272 3398 ludis
290 3333 419 3412 votivis,
439 3356 518 3417 quos
534 3333 658 3399 Romae
670 3333 843 3398 Africanus
860 3333 974 3401 iterum
991 3332 1103 3399 consul

80 3428 227 3507 iaciebat,
254 3440 402 3494 conatum
422 3452 481 3515 per
503 3429 671 3514 quosdam,
694 3451 773 3514 quos
791 3428 892 3516 pretio
911 3439 1101 3515 corruperat,

80 3522 195 3608 aliquot
224 3522 303 3588 locis
334 3525 446 3589 urbem
476 3524 663 3602 incendere,
699 3534 735 3587 ut
765 3522 933 3609 frangendi
968 3523 1101 3589 carceris

80 3616 282 3705 fugiendique
308 3617 440 3684 haberet
466 3619 678 3698 occasionem
705 3618 864 3706 patefacto
887 3615 961 3682 dein
984 3616 1102 3684 scelere

80 3712 257 3799 delegatum
274 3711 308 3776 in
321 3713 504 3779 Tullianum
521 3737 562 3780 ex
576 3726 704 3780 senatus
718 3713 871 3779 consulto.
899 3712 939 3777 de
953 3709 1102 3798 Scipione
1123 3734 1151 3782 11

80 3828 233 3891 rusquam
254 3807 316 3872 nisi
336 3808 371 3873 in
393 3821 505 3874 senatu
526 3820 645 3887 actum,
673 3809 728 3875 ubi
749 3830 858 3874 omnes
885 3806 1045 3892 legatique
1071 3819 1104 3873 et

80 3901 208 3980 ribuni,
231 3903 365 3968 classem
384 3926 469 3983 eam,
492 3904 665 3970 exereitum
682 3904 857 3987 ducemque
875 3901 980 3967 verbis
1003 3902 1103 3968 extol-

80 4009 191 4076 entes,
210 3997 368 4078 fecerunt,
386 4011 422 4064 ut
439 4013 567 4066 senatus
586 4010 743 4080 censeret,
760 3999 862 4086 primo
880 4019 1007 4083 quoque
1025 4010 1104 4063 tem-

120 4097 270 4144 causatu.
897 4099 932 4154 30
