2528 4514
142 223 208 290 252
376 232 495 292 LIBER
512 234 611 304 XXV,
630 234 673 290 32.
687 233 729 291 33.
750 238 826 304 [au.
837 233 936 305 eam]

110 415 125 464 6
145 417 217 460 eum
234 392 381 461 volebant
403 393 491 478 prius
513 391 647 479 opprimi
670 392 766 457 duces
784 390 936 470 Romani,
963 400 994 458 et
1013 414 1088 479 sp

144 489 221 556 satis
244 509 399 575 superque
423 486 465 552 ad
486 485 520 551 id
541 486 654 551 virium
673 507 758 565 esse3
789 484 844 550 illa
865 483 1003 552 restabat
1019 508 1088 554 <21

142 584 217 649 fuso
235 605 273 648 eo
290 580 427 668 perculsi
444 580 522 648 alter
538 578 723 646 Hasdrubal
745 588 776 646 et
793 578 895 669 Mago
916 578 950 646 in
972 579 1077 648 avio

110 698 125 745 r
143 686 328 761 montesque
346 674 531 761 recipientes
550 696 621 740 sese
637 672 757 739 bellum
774 673 985 739 extraherent.
1023 697 1087 742 o

143 771 240 858 igitur
255 770 329 849 rati,
356 769 465 835 divisis
486 767 632 834 bifariam
656 767 754 853 copiis
772 768 868 833 totius
892 766 986 833 simul
1003 767 1088 836 ffi

144 863 291 950 amplecti
312 861 444 941 bellum,
470 862 515 928 ita
532 862 614 927 inter
632 884 666 926 se
684 861 872 939 diviserunt,
900 870 936 925 ut
952 859 992 926 P.
1011 859 1088 928 O,

144 959 224 1024 duas
245 966 350 1044 partes
372 957 528 1023 exercitus
546 955 761 1021 Romanorum
785 955 1005 1041 sociorumque
1041 982 1088 1024 a

109 1051 318 1139 8Magonem
348 1053 477 1117 duceret
506 1061 601 1134 atque
631 1048 884 1128 Hasdrubalem,
923 1047 984 1116 Cn.
1013 1049 1088 1117 O,

144 1169 217 1214 cum
234 1147 326 1212 tertia
341 1156 430 1232 parte
447 1145 562 1210 veteris
581 1145 735 1210 exercitus
747 1143 914 1210 Celtiberis
933 1145 1087 1211 adiunc

110 1259 125 1308 9
144 1239 347 1306 Hasdrubale
365 1239 501 1305 Barcino
527 1238 646 1305 bellum
668 1248 800 1325 gereret.
844 1261 909 1302 una
931 1237 1088 1324 profect

144 1335 241 1400 duces
265 1334 483 1418 exercitusque
502 1331 669 1398 Celtiberis
692 1329 984 1418 praegredientibus
1006 1333 1076 1397 ad

143 1429 324 1516 Amtorgim
350 1428 384 1491 in
410 1436 579 1512 conspectu
600 1426 739 1491 hostium
761 1426 926 1491 dirimente
950 1426 1047 1491 amni

93 1541 127 1591 10
145 1532 270 1588 castra>
309 1521 354 1587 ibi
377 1519 437 1587 Cn.
458 1518 567 1607 Scipio
590 1542 662 1585 cum
684 1519 799 1604 quibus
822 1519 1047 1585 antedictum
1081 1544 1088 1579 ι

143 1617 204 1703 piis
228 1615 380 1693 substitit,
408 1624 438 1680 et
460 1613 499 1679 P.
520 1612 628 1700 Scipio
650 1613 810 1700 profectus
833 1614 874 1679 ad
896 1614 1088 1679 destinatam

144 1719 275 1797 partem.

112 1824 125 1870 1
209 1804 383 1870 XXXIII.
410 1803 594 1869 Hasdrubal
607 1813 776 1889 postquam
789 1803 1020 1882 animadvertit,
1030 1794 1088 1879 exal

145 1897 325 1963 Romanum
344 1897 515 1962 exercitum
536 1896 570 1961 in
593 1898 704 1963 castris
727 1908 757 1962 et
776 1920 865 1985 spem
889 1919 1013 1963 omnem
1028 1884 1088 1959 int

111 2009 127 2056 ⁴2
145 1989 293 2056 berorum
311 1991 435 2057 auxiliis
454 2012 540 2070 esse,
566 1992 685 2076 peritus
708 1993 810 2058 omnis
833 1991 1014 2058 barbaricae
1032 1994 1088 2065 etp

145 2085 237 2170 cipue
264 2085 402 2151 omnium
430 2108 538 2151 earum
560 2086 715 2172 gentium,
741 2085 911 2170 inquibus
935 2108 991 2173 per
1009 2089 1088 2148 tot-u

111 2199 127 2248 3
145 2178 313 2258 militabat,
340 2180 504 2266 perfidiae,
531 2180 617 2245 facili
634 2180 762 2268 linguae
781 2183 982 2259 commercio,
1004 2172 1088 2244 cumll

145 2295 207 2358 que
230 2284 333 2340 castra
354 2273 447 2360 plena
466 2274 682 2360 Hispanorum
706 2284 824 2354 essent,
851 2296 909 2361 per
931 2273 1088 2341 osculum

144 2369 219 2451 quia
245 2368 415 2454 paciscitur
440 2392 556 2455 magna
581 2369 726 2434 mercede
748 2390 820 2433 oum
839 2368 1088 2441 Celtiberoruml*

110 2461 284 2547 stipibus,
311 2472 346 2527 ut
369 2464 475 2548 copias
498 2462 571 2527 inde
594 2461 760 2527 abducant.
806 2484 864 2527 nec
887 2473 976 2530 atrox
1001 2456 1088 2526 risuml

146 2555 249 2621 cinus:
276 2579 339 2621 non
358 2557 442 2621 enim
460 2565 495 2621 ut
511 2557 544 2621 in
557 2556 720 2622 Romanos
738 2564 895 2621 verterent
913 2581 998 2622 arma
1011 2544 1088 2639 agel¹

145 2659 177 2715 et
194 2672 329 2727 merces,
356 2660 474 2734 quanta
495 2650 545 2716 vel
562 2672 619 2735 pro
637 2649 720 2716 bello
740 2650 815 2716 satis
840 2661 938 2730 esset,
965 2649 1088 2716 dabatur,¹

143 2743 262 2808 bellum
284 2753 442 2830 gererent,
470 2754 501 2809 et
522 2766 595 2810 oum
616 2746 705 2830 quies
726 2745 798 2832 ipsa
819 2754 888 2810 tum
909 2746 1019 2811 reditus
1036 2737 1088 2802 (10ῐΙ

110 2857 127 2905 5
145 2836 329 2921 fructusque
346 2838 474 2903 videndi
492 2861 566 2905 suos
586 2861 705 2925 suaque
723 2850 813 2927 grata
830 2841 927 2928 vulgo
941 2845 1028 2905 erant
1051 2828 1088 2905 ’Μ

145 2953 210 2996 non
241 2930 373 2997 ducibus
403 2932 527 3000 facilius
558 2955 654 3018 quam
685 2934 876 3000 multitudini
907 2932 1088 3021 persuasuml

146 3025 241 3092 simul
265 3048 306 3091 ne
332 3036 435 3092 metus
462 3028 590 3111 quidem
616 3028 656 3095 ab
678 3028 831 3094 Romanis
859 3039 940 3108 erat,
971 3014 1088 3112 quipptfl

110 3119 269 3205 spaucis,
302 3120 329 3186 si
355 3121 388 3185 vi
412 3121 588 3187 retinerent.
641 3123 675 3187 id
700 3122 828 3208 quidem
854 3123 1022 3189 cavendum
1041 3112 1088 3183 ss

144 3213 297 3280 Romanis
324 3214 457 3281 ducibus
484 3216 542 3280 erit
564 3216 769 3303 exemplaque
794 3217 874 3282 haec
900 3239 974 3282 vere
997 3198 1088 3302 prole

144 3309 258 3373 mentis
281 3308 439 3388 habenda,
466 3332 507 3375 ne
528 3311 573 3375 ita
595 3312 730 3378 externis
754 3313 882 3378 credant
899 3311 1027 3384 auxiliis,
1046 3304 1088 3363 ott

144 3402 217 3487 plus
237 3403 286 3467 sui
302 3402 423 3469 roboris
447 3426 636 3490 suarumque
658 3406 783 3491 proprie
805 3406 919 3471 virium
940 3407 973 3470 in
994 3376 1088 3487 castil!

113 3493 250 3562 abeant
313 3497 412 3584 signis
438 3507 566 3584 repente
594 3498 725 3565 sublatis
754 3497 906 3566 Celtiberi
932 3492 1088 3566 abeunt,m

147 3588 233 3655 aliud
248 3590 469 3674 quaerentibus
488 3615 616 3659 causam
634 3593 936 3680 obtestantibusque,
954 3602 989 3658 ut
1002 3586 1088 3656 manoe

145 3683 299 3750 Romanis
320 3686 546 3771 respondentes
568 3708 665 3771 quam
687 3687 859 3753 domestico
882 3709 916 3754 se
938 3654 1088 3771 avcettll,d

112 3773 270 3864 8Scipio,
305 3788 473 3864 postquam
508 3781 585 3846 socii
619 3803 677 3847 nec
711 3781 859 3868 precibus
894 3802 953 3849 nec
986 3768 1088 3845 viretln

83 3879 89 3883 “
146 3879 303 3953 poterant,
330 3894 389 3937 nec
407 3895 441 3939 se
459 3884 513 3939 aut
534 3896 642 3960 parem
661 3875 728 3941 sine
749 3875 811 3942 illis
829 3876 913 3944 hosti
931 3896 998 3942 esse
1012 3849 1088 3935 tull*
