2528 4514
291 227 410 282 mene
427 228 513 298 xxr,
532 227 651 283 15-1‘1.
672 229 822 301 [scaro]
1033 222 1074 287 13

65 408 122 471 nae
147 385 175 450 si
199 385 246 449 ita
270 395 358 462 sunt,
385 384 453 449 fieri
476 407 540 450 non
560 386 674 471 potuit,
702 396 738 452 ut
758 388 796 452 P.
819 387 999 468 Cornelius,
1023 391 1072 457 Ti.
1093 416 1107 459 4

65 479 252 565 lempronius
281 479 426 544 consules
453 479 583 558 fuerint,
611 481 652 544 ad
674 502 753 564 quos
782 492 814 546 et
838 484 991 570 principio
1018 508 1074 572 op·

65 573 244 661 pugnodonis
277 572 375 660 legati
402 571 572 660 Saguntini
601 575 691 639 missi
722 576 785 641 sint
815 591 846 641 et
876 579 930 660 qui
956 579 990 643 in
1016 602 1073 645 suo

65 667 231 754 mgistretu
259 689 332 732 cum
358 666 554 745 Hannibale,
587 669 665 733 alter
691 670 732 734 ad
759 669 906 735 Ticinum
937 695 1072 751 amnem,

65 752 72 763 '
172 761 334 845 aliquanto
374 772 448 848 post
487 764 528 828 ad
564 761 713 828 Trebiam
750 766 970 852 pugnaverint.
1019 777 1106 837 aute

120 856 128 871 '
174 855 320 922 breviora
345 857 504 941 aliquanto
530 857 618 922 fuere
642 868 696 923 eut
720 855 897 945 Saguntum
919 862 1072 948 principio

80 1024 85 1029 ¹
109 950 134 1028 ‘,
151 972 214 1034 quo
225 948 266 1015 P.
281 949 463 1029 Cornelius,
482 950 531 1016 Ti.
549 949 754 1037 Sempronius
772 954 917 1020 consules
935 956 1071 1035 fuerunt,

126 1053 273 1129 coeptum
290 1046 467 1132 oppugnari
484 1056 546 1124 est,
567 1046 624 1111 sed
637 1062 773 1131 captum.
804 1071 879 1113 nam
897 1051 1071 1117 excessisse
1090 1075 1104 1120 o

132 1139 214 1205 aad
238 1138 388 1205 Trebiam
412 1140 446 1204 in
468 1163 585 1205 annum
609 1139 669 1206 On.
694 1138 808 1207 Servili
830 1153 860 1206 et
879 1142 918 1208 Ο.
936 1145 1072 1210 Flamini

128 1243 247 1319 potest,
271 1233 346 1317 quia
365 1232 402 1299 C.
421 1234 597 1299 Flaminius
616 1234 752 1299 Arimini
775 1236 971 1301 consulatum
993 1238 1070 1316 iniit,

82 1398 86 1407 ,
150 1351 210 1394 sa
232 1327 283 1393 Ti.
306 1326 493 1414 Sempronio
517 1329 660 1407 consule,
688 1330 742 1414 qui
768 1340 841 1415 post
864 1352 1004 1417 pugnam
1031 1333 1072 1397 ad

131 1421 139 1437 ⁸
223 1423 267 1487 od
299 1423 450 1488 creandos
481 1423 626 1489 consules
652 1424 789 1489 Romam
819 1447 891 1490 oum
922 1425 1070 1504 venisset,

116 1515 177 1580 tiis
194 1516 344 1602 perfectis
363 1518 402 1582 ad
421 1517 593 1583 exercitum
609 1518 643 1583 in
660 1518 790 1584 hiberna
807 1518 906 1584 rediit.

111 1608 205 1677 XVI.
248 1608 318 1677 Sub
336 1611 420 1676 idem
436 1612 503 1678 fere
521 1621 646 1698 tempus
665 1623 696 1677 et
712 1613 822 1699 legati,
845 1613 899 1696 qui
916 1613 1072 1678 redierant
1092 1636 1104 1680 r

104 1702 309 1792 Carthagine,
329 1705 464 1771 Romam
481 1706 652 1772 retulerunt
669 1707 775 1774 omnia
791 1707 917 1773 hostilia
936 1717 1020 1786 esse,
1039 1717 1070 1772 et

90 1868 95 1887 Ι,
156 1799 180 1863 ti
197 1799 356 1864 excidium
373 1801 548 1866 nuntiatum
565 1811 627 1878 est,
651 1811 819 1885 tantusque
837 1801 931 1867 simul
948 1823 1070 1867 maeror
1089 1821 1102 1867 2

77 1890 80 1895 ’
166 1893 441 1978 misericordiaque
459 1897 614 1963 sociorum
636 1904 867 1982 peremptorum
889 1896 1016 1983 indigne
1039 1908 1069 1962 et

161 2009 225 2053 non
240 1988 297 2052 lati
315 1989 424 2054 auxilii
442 2003 473 2056 et
489 1991 537 2056 ira
553 1992 586 2056 in
605 1991 881 2078 Carthaginienses
904 2003 1070 2076 metusque

117 2104 232 2148 summa
256 2105 363 2148 rerum
390 2086 485 2171 cepit,
517 2087 604 2152 velut
629 2087 658 2152 si
682 2087 745 2151 iam
771 2087 812 2151 ad
836 2097 943 2172 portas
969 2087 1069 2153 hostis

65 2182 150 2253 meat,
168 2186 201 2241 ut
216 2187 265 2242 tot
280 2200 344 2242 uno
363 2187 502 2264 tempore
521 2179 657 2246 motibus
680 2180 776 2244 animi
797 2179 912 2246 turbati
936 2181 1070 2266 trepida-

65 2275 128 2345 ,ω
205 2270 212 2286 ’
245 2293 343 2355 quam
361 2272 573 2339 consulerent:
607 2297 681 2340 nam
702 2295 804 2357 neque
825 2274 949 2339 hostem
972 2275 1103 2342 acrio-3

65 2378 127 2431 m
140 2290 422 2449 billiosioremque
445 2389 553 2433 secum
572 2389 775 2454 congressum
793 2388 852 2431 neo
869 2389 936 2430 rem
953 2368 1070 2432 Roma

65 2458 128 2531 snut
143 2463 199 2522 tam
215 2459 357 2524 desidem
375 2483 525 2546 umquam
542 2462 641 2528 fuisse
656 2470 748 2544 atque
762 2459 917 2525 inbellem.
951 2459 1069 2526 Sardos
1088 2484 1104 2528 4

65 2542 223 2637 porrosque
242 2563 274 2618 et
286 2554 416 2619 Histros
434 2565 528 2640 atque
541 2555 666 2641 Illyrios
680 2555 845 2620 lacessisse
859 2555 961 2640 magis
975 2576 1070 2638 quam

65 2645 219 2713 mulsae
228 2647 374 2713 Romana
387 2672 474 2714 arma
488 2658 519 2714 et
532 2672 605 2714 cum
614 2647 715 2717 Gallis
730 2649 952 2713 tumultuatum
965 2648 1069 2712 verius

65 2748 140 2823 pem
152 2737 378 2827 belligeratum.
405 2742 559 2827 Poenum,
577 2744 701 2809 hostem
716 2752 912 2819 veteranum,
932 2742 1025 2807 trium
1040 2751 1070 2807 et
1089 2765 1103 2808 s

65 2828 154 2918 ,viginti
175 2858 330 2901 annorum
351 2837 461 2903 militia
484 2838 651 2903 durissima
672 2838 754 2903 inter
774 2836 936 2923 Hispanas
959 2846 1069 2924 gentes

65 2944 167 3012 temper
188 2930 353 3008 victorem,
381 2931 454 2997 duci
476 2932 627 2997 acerrimo
651 2931 830 3009 adsuetum,
854 2942 1012 2996 recentem
1029 2929 1069 2995 ab

65 3019 167 3093 lioidio
190 3024 560 3109 opulentissimae-urbis
586 3025 744 3091 Hiberum
770 3025 915 3103 transire,
948 3024 1103 3091 traheres

65 3130 154 3179 noum
166 3126 211 3183 tot
226 3119 345 3184 excitos
359 3119 575 3204 Hispanorum
588 3119 732 3205 populos,
752 3120 946 3185 conciturum
960 3118 1070 3182 avidas

65 3224 168 3294 mper
180 3234 339 3278 armorum
353 3210 491 3279 Gallicas
509 3224 634 3300 gentes:
654 3234 726 3277 cum
743 3213 818 3278 orbe
836 3222 987 3277 terrarum
1004 3209 1071 3274 bel-

65 3294 115 3365 tm
128 3305 299 3389 gerendum
316 3306 350 3370 in
366 3306 458 3372 Italia
476 3329 514 3372 ac
531 3328 589 3393 pro
605 3306 770 3372 moenibus
788 3305 940 3371 Romanis
960 3325 1039 3369 esse.

111 3396 219 3464 XVII.
255 3399 442 3466 Nominatae
468 3401 532 3466 iam
559 3410 651 3466 antea
678 3399 859 3466 consulibus
889 3398 1100 3485 provinciaer

65 3501 146 3570 uant,
171 3503 239 3558 tum
262 3495 366 3559 sortiri
386 3495 474 3560 iussi.
521 3494 668 3560 Cornelio
685 3494 857 3580 Hispania,
883 3492 1070 3579 Sempronio

65 3580 154 3651 Africa
176 3610 249 3652 cum
272 3587 382 3655 Sicilia
404 3590 516 3655 evenit.
558 3612 615 3655 sex
635 3591 669 3653 in
692 3613 764 3654 eum
787 3611 904 3654 annum
926 3589 1069 3651 decretae
1088 3607 1103 3653 a

65 3679 182 3766 egioues
213 3693 245 3747 et
277 3683 398 3749 socium
428 3693 581 3768 quantum
612 3684 689 3768 ipsis
718 3684 876 3748 videretur
902 3690 934 3746 et
959 3680 1070 3745 classis

65 3785 159 3857 prante
174 3777 279 3862 parari
296 3787 413 3864 posset.
453 3789 599 3863 quattuor
618 3788 649 3843 et
665 3779 777 3866 viginti
794 3777 935 3863 peditum
952 3775 1070 3842 Roma·
1088 3797 1102 3842 3

65 3891 153 3935 orum
175 3872 263 3937 milia
281 3874 397 3959 scripta
414 3883 445 3939 et
462 3874 547 3940 mille
565 3873 736 3960 octingenti
753 3872 887 3957 equites,
914 3869 1069 3936 sociorum

65 3966 253 4054 uadraginta
263 3969 352 4035 mille
363 3970 518 4055 peditum,
537 3980 683 4055 quattuor
699 3967 785 4033 milia
802 3975 833 4031 et
850 3963 1069 4051 quadringenti

1024 4116 1207 4252 ΓΝ
