2528 4514
350 257 468 312 amna
485 257 599 327 xxm,
620 258 643 313 r.
656 258 682 313 a.
703 262 740 327 [a.
750 258 781 316 c.
791 259 853 329 211]
1052 251 1116 316 273

95 413 315 500 lesperandum
333 414 469 498 aliquam
487 426 608 501 partem
625 416 711 480 urbis
730 418 875 502 occupari
892 440 1001 503 posse,
1024 429 1068 498 et,
1088 423 1115 487 si
1134 443 1150 492 a

95 512 185 576 loma
208 508 242 572 in
265 509 443 574 discrimine
467 519 563 588 esset,
593 509 736 594 Capuam
760 511 916 596 extemplo
943 514 1115 582 omissuros

95 615 134 668 ut
152 602 250 668 ambo
268 602 471 687 imperatores
489 603 650 668 Romanos
674 613 728 668 aut
750 605 881 669 alterum
899 628 939 670 ex
960 607 998 671 iis
1017 609 1115 686 et„si

95 701 265 764 ivisissent
283 699 403 783 copias,
431 710 597 783 utrumque
619 699 820 764 infirmiorem
842 701 962 767 factum
983 715 1037 767 aut
1055 703 1115 770 sibi

95 807 134 858 ‚ut
159 793 333 878 Campanis
357 793 437 857 bene
462 795 620 879 gerendae
641 795 687 857 rei
708 794 866 858 fortunam
888 796 1016 862 daturos
1035 820 1114 864 esse.

95 911 144 954 na
171 911 212 952 ea
238 910 313 951 cura
339 887 492 972 augebat,
528 910 586 965 ne,
618 887 673 952 ubi
699 887 922 967 abscessisset,
959 892 1149 978 extemplos

95 983 273 1047 lederentur
300 979 464 1065 Campani.
517 981 687 1046 Numidam
721 993 900 1068 promptum
935 985 976 1049 ad
1010 988 1115 1052 omnia

95 1072 237 1162 ¹agenda]
263 1075 467 1158 audendaque
494 1075 585 1140 donis
610 1075 745 1160 perlicit,
782 1086 817 1140 ut
841 1077 952 1142 litteris
978 1081 1115 1164 acceptis

95 1171 187 1256 pecie
214 1169 398 1254 transfugae
424 1179 527 1234 castra
547 1169 693 1234 Romana
717 1170 879 1256 ingressus
905 1170 1003 1236 altera
1027 1184 1115 1257 parte

95 1264 164 1328 elam
183 1261 329 1348 Capuam
346 1264 506 1347 pervadat.
534 1263 654 1328 litterae
672 1274 777 1329 autem
795 1275 883 1329 erant
900 1265 1115 1332 adhortatione
1133 1290 1147 1335 r

95 1358 209 1422 alenae:
227 1357 454 1442 profectionem
472 1380 572 1433 suam,
591 1380 672 1440 quae
691 1357 835 1423 salutaris
853 1358 914 1424 illis
932 1358 1022 1437 foret,
1042 1360 1115 1424 abs-

95 1463 252 1517 racturam
280 1452 320 1515 ad
346 1451 575 1516 defendendam
592 1452 728 1516 Romam
754 1452 794 1518 ab
817 1455 1029 1540 oppugnanda
1052 1454 1115 1520 Ca

95 1569 143 1612 rua
170 1547 269 1609 duces
296 1556 389 1628 atque
416 1545 570 1610 exercitus
596 1541 769 1611 Romanos‘.
820 1570 859 1612 ne
886 1549 1147 1633 desponderenta

95 1640 218 1716 mimos3
238 1640 397 1704 tolerando
411 1661 529 1723 paucos
544 1640 611 1704 dies
625 1649 722 1705 totam
737 1639 893 1706 soluturos
908 1641 1112 1708 obsidionem.

95 1735 152 1797 nde
170 1734 262 1797 navis
280 1734 312 1797 in
329 1734 456 1798 flumine
475 1733 631 1799 Vulturno
649 1735 880 1819 conprehensas
899 1736 1004 1823 subigi
1022 1738 1112 1802 adid
1132 1757 1146 1804 9

95 1827 165 1910 [uod
192 1827 256 1890 iam
282 1838 353 1891 ante
379 1828 527 1912 praesidii
555 1851 651 1892 causa
677 1828 794 1894 fecerat
821 1830 984 1895 castellum
1011 1832 1111 1898 iussit.

95 1941 215 2003 {uarum
241 1920 296 1985 ubi
322 1931 440 1985 tantam
472 1922 595 2005 copiam
625 1945 714 2000 esse,
750 1935 786 1987 ut
816 1947 879 1990 una
908 1936 999 1991 nocte
1025 1927 1114 1992 traici
1133 1948 1164 1995 10

95 2024 189 2097 posset
224 2015 394 2092 exercitus,
432 2015 560 2080 allatum
595 2026 657 2092 est,
694 2017 817 2082 cibariis
853 2020 961 2084 decem
993 2021 1113 2085 dierum

95 2108 275 2192 praeparatis
294 2109 444 2173 deductas
463 2120 553 2174 nocte
572 2111 613 2174 ad
626 2110 757 2174 fiuvium
770 2111 910 2196 legiones
925 2124 996 2178 ante
1010 2114 1113 2179 lucem

95 2201 213 2266 traiecit.

145 2292 239 2380 Vm.
275 2296 315 2360 Id
332 2298 514 2382 priusquam
534 2297 635 2374 fieret,
655 2297 699 2361 ita
716 2297 856 2387 futurum
876 2307 1058 2383 conpertum
1073 2321 1144 2366 cxl

95 2389 255 2475 transfugis
274 2390 406 2456 Fulvius
424 2391 559 2456 Flaccus
583 2392 704 2456 senatui
721 2391 857 2456 Romam
876 2413 947 2455 cum
971 2392 1112 2476 scripsis-

95 2491 144 2559 set,
169 2485 255 2548 varie
278 2486 373 2548 animi
398 2485 561 2550 hominum
586 2508 643 2570 pro
671 2485 822 2568 cuiusque
848 2485 974 2570 ingenio
997 2486 1112 2550 adfecti

95 2587 164 2642 runt
208 2589 243 2642 ut
267 2579 301 2642 in
327 2601 359 2644 re
386 2591 450 2644 tam
477 2580 598 2664 trepida
620 2589 731 2644 senatu
757 2579 913 2664 extemplo
939 2589 1050 2644 vocato
1072 2579 1144 2648 P.2

95 2665 262 2750 Cornelius,
282 2676 332 2737 cui
349 2671 470 2739 Asinae
489 2696 664 2760 cognomen
683 2683 762 2750 erat,
781 2695 890 2738 omnes
908 2674 1004 2738 duces
1023 2696 1112 2738 exer·

95 2761 222 2849 citusque
241 2790 282 2831 ex
300 2777 365 2832 tota
381 2767 473 2833 ltalia
491 2791 593 2851 neque
605 2767 734 2852 Capuae
751 2788 854 2851 neque
871 2767 965 2832 ullius
984 2767 1110 2833 alterius

95 2856 133 2920 roi
143 2881 258 2926 memor
271 2863 312 2926 ad
326 2862 411 2927 urbis
426 2863 617 2946 praesidium
631 2860 808 2947 revocabat,
818 2860 938 2927 Fabius
947 2861 1109 2928 Maximus
1129 2885 1143 2932 3

95 2947 209 3018 abscedi
230 2979 250 3019 a
274 2955 386 3040 Capua
409 2958 577 3040 terrerique
600 2967 631 3021 et
653 2956 824 3042 circumagi
846 2958 887 3021 ad
909 2968 1003 3022 nutus
1027 2980 1111 3022 com·

95 3043 330 3132 minationesque
355 3049 544 3116 Hannibalis
571 3051 762 3136 flagitiosum
793 3051 944 3116 ducebat:
989 3051 1043 3134 qui
1069 3052 1144 3115 ade

95 3131 209 3206 Cannas
228 3143 327 3208 victor
345 3144 389 3208 ire
408 3155 513 3208 tamen
531 3146 571 3208 ad
588 3145 697 3209 urbem
716 3168 812 3209 ausus
831 3167 894 3208 non
912 3153 1010 3219 esset,
1038 3165 1111 3206 eum

95 3248 115 3289 Β
127 3229 229 3320 Capua
246 3239 408 3323 repulsum
426 3261 514 3324 spem
533 3239 701 3323 potiundae
723 3238 809 3304 urbis
827 3237 949 3302 Romae
972 3233 1108 3320 cepisse!

95 3339 146 3390 ¹10n
162 3331 200 3394 ad
218 3332 354 3396 Romam
376 3333 594 3411 obsidendam,
623 3334 679 3398 sed
701 3334 742 3397 ad
765 3332 894 3416 Capuae
916 3331 1109 3395 liberandam
1127 3351 1142 3398 5

95 3414 275 3489 obsidionem
292 3427 346 3491 ire.
391 3427 526 3492 Romam
545 3450 617 3492 oum
635 3450 672 3492 eo
691 3426 842 3503 exercitu,
870 3426 924 3509 qui
941 3426 982 3490 ad
999 3425 1108 3489 urbem

95 3527 176 3595 esset,
206 3519 317 3584 Iovem
344 3521 506 3586 foederum
532 3532 694 3606 ruptorum
721 3520 761 3585 ab
787 3519 967 3584 Hannibale
997 3528 1109 3583 testem

95 3599 216 3696 deosque
244 3614 321 3678 alios
349 3616 534 3679 defensuros
561 3638 640 3680 esse.
685 3615 743 3678 has
770 3615 909 3678 diversas
938 3612 1141 3680 sententiass

95 3705 180 3770 'ledia
199 3709 353 3773 sententia
370 3709 408 3772 P.
428 3709 547 3774 Valerii
563 3708 671 3774 Flacci
689 3709 776 3785 vicit,
803 3708 857 3791 qui
880 3707 1040 3788 utriusque
1063 3706 1108 3770 rei

95 3801 196 3864 memor
213 3802 454 3886 imperatoribus
477 3803 531 3886 qui
554 3804 594 3868 ad
614 3803 757 3887 Capuam
780 3812 885 3867 essent
909 3801 1107 3866 scribendum

95 3894 211 3972 Deosuit,
240 3896 317 3979 quid
344 3898 385 3961 ad
411 3897 520 3962 urbem
546 3898 694 3983 praesidii
720 3907 816 3961 esset:
844 3905 976 3980 quantas
1003 3906 1107 3960 autem

95 3963 238 4054 Hannibal
257 3991 363 4076 copias
382 3992 510 4057 duceret
532 4002 585 4057 aut
608 4001 724 4076 quanto
747 3992 885 4057 exercitu
904 3992 945 4055 ad
964 3987 1108 4076 Capuam

127 4090 269 4136 rivarotta
385 4121 387 4126 ¹
903 4092 936 4144 18
