2528 4530
140 235 203 303 150
398 242 517 300 moun
534 242 647 308 xxm,
666 241 708 296 ss.
728 245 802 310 [au.
815 240 914 310 esee]

139 428 176 472 eo
196 411 325 470 senatus
343 400 464 467 veniret
481 401 523 465 ad
540 398 782 465 consultandum
804 397 1026 476 communiter,
1054 407 1092 464 ut
1109 420 1155 466 eor

104 501 212 568 odem
238 508 370 580 uterquc
395 492 531 580 populus
560 493 663 559 socios
690 491 860 576 hostesque
885 490 1031 558 haberet:
1060 515 1155 578 praes

142 594 231 658 dium
256 589 301 656 ibi
327 598 483 654 armatum
509 610 543 652 se
569 587 750 664 habituros,
786 608 827 651 ne
858 586 935 671 quid
964 585 1006 653 ab
1031 585 1155 654 Roman

140 688 289 754 Poenove
321 683 455 770 periculi
490 692 583 749 esset.
638 680 775 748 Cumani
807 703 999 767 quamquam
1030 693 1155 769 suspect

140 783 229 850 fraus
248 789 328 856 erat,
356 777 434 843 nihil
455 777 607 854 abnuere,
634 776 678 841 ita
695 776 761 862 tegi
782 776 881 841 fallax
899 775 1067 842 consilium
1085 799 1155 863 poss

107 877 208 946 orati.
244 874 369 941 interim
388 871 437 936 Ti.
454 869 661 956 Sempronius
680 870 791 936 consul
808 870 972 937 Romanus
993 868 1155 938 Sinuessa

141 992 204 1056 quo
230 969 271 1034 ad
298 965 549 1034 conveniendum
574 965 659 1030 diem
684 964 846 1043 edixerat,
880 964 1019 1030 exercitu
1047 965 1155 1031 lustrat

142 1075 358 1150 transgressus
386 1060 576 1126 Volturnum
610 1059 728 1125 flumen
763 1059 846 1124 circa
867 1059 1037 1125 Liternum
1073 1061 1155 1147 posu

109 1169 254 1228 scaeua.
299 1156 344 1222 ibi
371 1155 446 1238 quia
472 1154 573 1223 otiosa
600 1152 716 1218 stativa
741 1161 843 1230 erant,
877 1152 986 1219 crebro
1012 1154 1155 1220 decurrer

139 1252 254 1317 milites
282 1249 429 1337 cogebat,
460 1258 496 1313 ut
521 1248 638 1315 tirones
656 1269 738 1312 -ea
764 1246 903 1313 maxima
927 1270 1002 1333 pars
1029 1249 1155 1315 volonur

141 1356 229 1413 erant
245 1383 272 1394 -
289 1346 512 1410 adsuescerent
530 1343 623 1430 signa
640 1342 730 1426 sequi
748 1352 779 1407 et
799 1342 833 1406 in
851 1342 918 1408 acie
936 1365 1111 1429 agnoscere
1127 1367 1155 1408 or

108 1442 230 1510 rdines
258 1461 343 1506 suos.
387 1438 469 1503 inter
493 1459 575 1522 quae
601 1437 739 1503 maxima
765 1445 833 1503 erat
859 1458 934 1503 cura
955 1437 1044 1514 duci,
1071 1438 1155 1522 itaqu

140 1534 254 1622 legatis
280 1532 476 1617 tribunisque
497 1540 713 1617 praeceperat,
741 1553 781 1596 ne
803 1552 867 1615 qua
889 1529 1090 1617 exprobratio
1112 1532 1155 1596 cui

142 1652 238 1713 quam
264 1626 378 1693 veteris
405 1626 550 1691 fortunae
577 1625 765 1691 discordiam
791 1624 873 1691 inter
893 1624 1019 1691 ordines
1047 1635 1154 1692 sereret

141 1734 233 1788 vetus
260 1722 351 1787 miles
377 1720 483 1797 tironi,
519 1719 599 1786 liber
623 1719 728 1786 voloni
755 1741 826 1786 sese
852 1718 1022 1805 exaequari
1049 1719 1155 1786 sineret

109 1839 124 1888 8
145 1818 247 1884 omnis
266 1816 342 1882 satis
360 1814 510 1880 honestos
527 1836 760 1900 generososque
778 1815 937 1892 ducerent,
956 1813 1073 1898 quibus
1091 1836 1155 1881 arm:

84 1940 86 1946 ¹
143 1935 202 1978 sua
224 1911 378 1998 signaque
404 1908 540 1994 populus
561 1909 726 1976 Romanus
749 1909 976 1989 commisisset3
1012 1931 1094 1994 quae
1114 1907 1155 1974 for

109 2025 123 2072 e
144 2016 220 2071 tuna
237 2002 393 2091 coegisset
410 2003 455 2069 ita
471 2003 552 2082 lieri,
580 2005 711 2070 eandem
734 2025 847 2092 cogere
869 2004 949 2070 tueri
967 2003 1096 2070 factum.
1135 2024 1155 2067 e

142 2122 207 2166 non
224 2098 342 2164 maiore
360 2120 434 2164 cura
451 2109 618 2185 praecepta
635 2097 675 2164 ab
694 2099 828 2165 ducibus
851 2108 925 2164 sunt
946 2120 1045 2182 quam
1061 2120 1081 2164 a
1097 2095 1155 2162 mili

144 2193 228 2260 tibus
265 2191 448 2271 observata,
488 2193 640 2278 brevique
675 2202 762 2258 tanta
796 2193 964 2259 concordia
1000 2193 1155 2265 coalueran

144 2289 286 2355 omnium
308 2288 418 2367 animi,
446 2297 481 2353 ut
502 2310 601 2374 prope
622 2289 656 2353 in
678 2287 869 2354 oblivionem
891 2287 1026 2365 veniret,
1055 2310 1116 2371 qua
1135 2307 1155 2350 a:

144 2384 328 2450 condicione
346 2384 479 2468 quisque
497 2394 581 2451 esset
599 2383 689 2449 miles
707 2383 820 2448 factus.

94 2498 126 2548 to
209 2479 301 2544 Haec
319 2479 426 2563 agenti
445 2475 590 2544 Graccho
607 2477 704 2564 legati
722 2476 860 2543 Cumani
878 2477 1075 2554 nuntiarunt,
1098 2499 1155 2561 qua

145 2597 165 2640 a
183 2571 354 2658 Campanis
372 2572 488 2658 legatio
505 2593 623 2657 paucos
646 2580 718 2637 ante
741 2572 808 2637 dies
826 2571 966 2638 venisset
989 2582 1021 2638 et
1043 2571 1118 2657 quid
1136 2569 1155 2635 ii

95 2688 126 2739 11
145 2668 207 2754 ipsi
232 2667 485 2752 respondissent:
520 2667 623 2733 triduo
649 2675 723 2752 post
749 2688 822 2733 eum
844 2666 930 2733 diem
950 2665 1070 2733 festum
1092 2686 1155 2733 esse

144 2783 210 2827 non
228 2770 370 2827 senatum
388 2762 490 2828 solum
508 2783 633 2827 omnem
650 2760 695 2826 ibi
713 2759 868 2840 futurum,
888 2761 948 2827 sed
964 2771 1068 2828 castra
1085 2762 1155 2828 etiar

97 2875 128 2924 12
147 2865 179 2923 et
197 2856 367 2922 exercitum
377 2856 585 2943 Campanum.
614 2853 779 2923 Gracchus
795 2856 891 2923 iussis
907 2855 1062 2923 Cumanis
1076 2854 1155 2922 omui

146 2973 188 3015 ex
206 2951 289 3039 agris
307 2951 340 3015 in
357 2951 467 3018 urbem
485 2952 659 3018 convehere
677 2961 709 3018 et
725 2973 852 3018 manere
869 2952 951 3017 intra
967 2973 1091 3031 muros,
1111 2951 1155 3037 ips

146 3045 246 3130 pridie
271 3068 369 3130 quam
394 3055 511 3114 statum
537 3047 723 3113 sacrificium
751 3045 924 3133 Campanis
952 3058 1038 3114 esset
1060 3045 1155 3114 Cuma

97 3160 128 3208 13
147 3150 253 3206 movet
280 3152 392 3206 casua.
434 3142 560 3208 Hamae
586 3143 659 3208 inde
686 3142 745 3207 tn'a
766 3142 852 3207 milia
873 3163 1029 3227 passuum
1055 3142 1155 3210 abson‘

147 3235 210 3300 iam
230 3234 385 3320 Campani
403 3258 439 3302 eo
457 3237 637 3321 frequentes
656 3260 696 3303 ex
713 3237 876 3322 conposito
894 3247 1105 3303 convenerant
1121 3255 1155 3301 ne

147 3329 259 3415 procul
288 3329 362 3396 inde
392 3330 426 3395 in
455 3333 576 3397 occulto
602 3332 725 3399 Marius
753 3330 857 3397 Alfius
884 3332 992 3398 medix
1022 3332 1155 3398 tuticus·

149 3446 292 3490 summus
310 3425 511 3512 magistratus
530 3437 596 3492 erat
615 3424 787 3514 Campanis
801 3464 827 3476 -
841 3448 915 3492 cum
931 3425 1155 3512 quattuordecit

98 3539 131 3588 14
149 3519 277 3585 milibus
299 3531 488 3589 armatorum
509 3522 647 3591 habebat
669 3533 785 3602 castra,
822 3522 979 3589 sacrificio.
1000 3518 1155 3610 edpuand

148 3624 180 3679 et
204 3614 286 3681 inter
311 3615 345 3680 id
369 3616 568 3684 instruendae
598 3618 703 3683 fraudi
729 3618 888 3702 aliquanto
913 3618 1155 3702 intentiorque!

98 3728 130 3778 lo
148 3710 325 3775 muniendis
344 3711 455 3778 castris
473 3722 526 3778 aut
543 3713 599 3778 ulli
616 3713 743 3779 militari
760 3712 855 3798 operi.
893 3711 1047 3792 (triduum
1064 3705 1155 3779 sacrifi

149 3815 257 3870 catum
278 3807 319 3871 ad
336 3806 486 3895 Hamas.)
528 3820 714 3876 nocturnum
737 3818 804 3873 erat
825 3830 965 3887 sacrum,
991 3808 1037 3874 ita
1059 3818 1092 3873 ut
1108 3812 1155 3872 ant

99 3917 132 3967 16
150 3901 285 3967 mediam
302 3912 427 3968 noctem
446 3906 649 3991 conpleretur.
693 3903 767 3968 huic
786 3900 950 3969 Gracchus
968 3902 1155 3969 insidiandut

150 3997 281 4083 tempori
297 4008 394 4080 ratus,
413 4000 595 4068 custodibus
613 4000 654 4067 ad
671 4008 778 4087 portas
794 3999 917 4086 positis,
935 4020 977 4065 ne
994 4000 1155 4084 quiscum
