2528 4514
220 223 334 281 nmen
351 223 467 293 xxm,
486 221 607 277 ss-m.
628 225 665 291 [a.
677 221 707 277 o.
717 222 780 292 215]
946 210 1007 277 151

95 394 186 464 sponset
203 392 325 467 coepta,
353 391 385 446 et
403 390 474 445 ante
496 379 661 445 decumam
684 381 746 445 diei
763 380 873 446 horam
891 383 1007 448 coactis

95 470 144 539 llus
154 497 271 561 corpora
284 496 393 539 ornare
408 496 580 558 somnoque
596 496 724 560 operam
738 476 827 554 dare,
845 487 880 540 ut
897 477 1007 563 primis
1028 497 1060 544 17

95 562 295 635 disconvenire
313 570 354 633 ad
372 569 497 656 signum
510 580 654 653 possent,
672 570 781 656 vigilia
793 569 893 636 ferme
907 571 1009 659 prima

100 659 164 728 iussit
189 664 297 750 signa,
333 663 497 746 silentique
525 663 684 747 profectus
716 664 841 751 agmine
868 687 941 731 eum
967 666 1008 731 ad

95 777 117 819 as
133 759 226 823 media
246 768 338 823 nocte
361 756 569 842 pervenisset,
601 766 704 822 castra
726 756 891 845 Campana
912 769 948 824 ut
973 760 1008 825 in
1027 777 1058 826 18

95 848 144 936 gilio
166 851 310 938 neglecta
335 851 429 917 simul
455 849 600 916 omnibus
630 852 728 936 portis
755 853 892 931 invadit,
929 854 1007 921 alios

95 955 241 1025 intratos,
269 945 347 1010 ahos
374 954 551 1030 perpetrato
579 967 668 1009 sacro
694 946 821 1012 inermis
847 948 1007 1014 redeuntis

95 1052 150 1107 teat.
179 1042 342 1107 hominum
361 1063 398 1104 eo
417 1039 553 1104 tumultu
570 1050 723 1105 nocturno
742 1063 835 1107 caesa
850 1042 923 1128 plus
942 1044 1005 1108 duo
1026 1063 1056 1111 19

95 1158 150 1201 rum
167 1137 236 1222 ipso
254 1136 334 1200 duce
351 1134 456 1198 Mario
473 1133 574 1211 Alfio,
602 1144 694 1221 capta
717 1146 789 1199 sunt
812 1136 904 1221 signa
925 1137 1008 1202 mili-

95 1240 219 1313 [uattuor
235 1239 267 1295 et
285 1229 421 1315 triginta.

95 1323 208 1389 (XVI.
255 1320 420 1390 Gracchus
445 1322 549 1387 minus
577 1332 704 1387 eentum
729 1322 862 1388 militum
888 1323 1040 1389 iactural

111 1418 247 1483 hostium
278 1418 396 1502 potitus
425 1415 544 1482 Cumas
572 1439 606 1482 se
631 1438 763 1503 propere
794 1417 929 1502 recepit,
966 1417 1008 1484 ab

95 1511 156 1577 nte
173 1521 332 1589 metuens,
352 1511 407 1594 qui
425 1533 519 1597 super
529 1509 674 1598 Capuam
691 1511 724 1576 in
738 1510 853 1576 Tifatis
871 1510 1008 1578 habebat

123 1629 183 1673 neo
201 1629 273 1673 eum
290 1606 422 1692 provida
440 1606 537 1671 futuri
552 1606 664 1671 fefellit
679 1605 799 1691 opinio:
822 1628 897 1671 nam
915 1605 1008 1671 simul
1026 1625 1041 1671 a

95 1725 118 1767 n
133 1722 171 1766 ea
184 1701 289 1766 clades
305 1712 353 1765 est
365 1701 520 1778 nuntiata,
539 1710 626 1765 ratus
636 1699 798 1765 Hannibal
816 1699 857 1766 ab
874 1723 908 1766 re
927 1699 1007 1766 bene

95 1797 250 1863 nsolenter
266 1796 384 1861 laetum
403 1795 574 1860 exercitum
588 1794 723 1860 tironum
736 1818 853 1882 magna
866 1818 907 1860 ex
918 1806 1007 1882 parte

95 1915 136 1957 un
150 1891 336 1977 spoliantem
351 1891 451 1955 victos
464 1890 659 1976 praedasque
673 1901 820 1977 agentem
833 1890 1008 1957 adHamas

95 1997 240 2064 mturum,
269 1986 399 2049 citatum
417 2007 531 2072 agmen
549 1993 672 2069 praeter
690 1983 835 2070 Capuam
851 1985 933 2071 rapit
950 1984 1006 2051 ob-
1024 2001 1039 2050 3

95 2103 106 2146 a
132 2102 171 2145 ex
202 2079 280 2166 fuga
308 2077 541 2165 Campanorum
573 2079 646 2144 dato
676 2080 833 2165 praesidio
861 2079 1005 2166 Capuam

95 2175 211 2240 raucios
234 2174 385 2238 vehiculis
407 2174 524 2259 portari
545 2174 641 2239 iubet.
686 2174 754 2260 ipse
771 2174 887 2240 Hamis
905 2191 1041 2241 vacuat

95 2269 176 2335 tibus
196 2279 298 2334 castra
315 2291 373 2333 nec
392 2269 558 2352 quicquam
576 2278 700 2354 praeter
722 2269 855 2334 recentis
873 2270 1007 2356 vestigia

95 2374 252 2448 strataque
266 2365 385 2451 passim
399 2386 529 2449 corpora
543 2364 699 2428 sociorum
711 2362 839 2427 invenit.
862 2373 1005 2427 auctores
1025 2380 1040 2425 o

97 2460 219 2536 uidam,
247 2469 282 2522 ut
298 2458 440 2545 protinus
458 2460 532 2523 inde
551 2456 671 2523 Cumas
690 2456 816 2529 duceret
833 2454 1005 2539 urbemque

95 2565 180 2618 taret.
207 2554 240 2617 id
254 2576 445 2638 quamquam
458 2553 535 2618 haut
548 2552 671 2618 modice
680 2549 841 2616 Hannibal
851 2549 1005 2635 cupiebat,
1025 2566 1039 2612 t

95 2648 290 2733 aNeapolim
308 2671 372 2712 non
385 2656 538 2732 potuerat,
559 2645 679 2713 Cumas
694 2645 803 2711 saltem
817 2644 1006 2710 maritimam

95 2741 235 2819 haberet,
251 2754 365 2819 tamen,
382 2741 456 2826 quia
468 2752 591 2826 praeter
604 2764 692 2810 arma
704 2740 781 2804 nihil
794 2762 901 2806 secum
915 2740 1004 2805 miles

102 2846 173 2901 aeto
192 2837 318 2922 agmine
336 2835 502 2913 extulerat,
521 2845 603 2900 retro
620 2834 655 2900 in
672 2848 774 2901 castra
791 2857 886 2921 super
900 2834 1006 2900 Tifata

95 2932 152 3017 pit.
189 2932 263 2996 inde
280 2932 431 3019 fatigatus
447 2929 682 3018 Campanorum
700 2931 843 3019 precibus
863 2933 1006 3016 sequenti
1025 2952 1039 2997 7

95 3050 114 3090 n
138 3026 223 3091 omni
246 3037 399 3113 apparatu
421 3027 652 3112 oppugnandae
674 3025 759 3092 urbis
783 3025 903 3091 Cumas
925 3027 1006 3091 redit

95 3120 241 3203 ulatoque
259 3144 335 3207 agro
353 3120 498 3186 Cumano
515 3120 601 3185 mille
618 3143 731 3206 passus
749 3119 789 3184 ab
807 3118 884 3184 urbe
903 3128 1006 3183 castra

98 3237 171 3279 cum
190 3213 353 3280 Gracchus
372 3216 475 3302 magis
494 3216 683 3281 verecundia
697 3215 731 3279 in
747 3212 802 3279 tali
819 3212 1005 3277 necessitate
1023 3229 1039 3277 8

95 3309 138 3372 idi
157 3309 259 3375 socios
277 3310 462 3395 inplorantis
480 3310 575 3375 fidem
590 3333 679 3375 suam
691 3306 861 3394 populique
870 3305 1006 3372 Romani

95 3403 168 3468 isset
184 3426 280 3488 quam
303 3405 379 3470 satis
397 3405 497 3469 fidens
520 3403 679 3470 exercitui.
723 3423 782 3467 nee
799 3401 878 3467 alter
895 3399 1006 3467 consul
1024 3421 1039 3468 9

101 3544 109 3574 ‚
137 3498 191 3581 qui
209 3498 249 3562 ad
269 3497 362 3563 Cales
383 3509 485 3564 castra
501 3498 651 3576 habebat,
677 3496 868 3573 Volturnum
889 3495 1007 3561 flumen

95 3613 138 3656 ere
164 3593 299 3659 audebat
326 3595 510 3673 exercitum,
539 3604 707 3680 occupatus
730 3592 831 3679 primo
857 3589 1058 3676 auspiciis1o

95 3687 162 3764 ndis,
172 3688 245 3752 dein
256 3689 418 3774 prodigiis,
429 3711 509 3772 quae
522 3689 583 3754 alia
598 3708 692 3774 super
699 3688 760 3754 alia
772 3684 1004 3769 nuntiabantur,

95 3780 177 3862 tique
194 3804 232 3847 ea
249 3783 334 3848 haud
352 3784 443 3847 facile
456 3784 539 3849 litari
551 3783 733 3868 haruspices
746 3779 988 3868 respondebant.
1075 3838 1077 3843 ,

95 3871 228 3942 XXVII.
264 3877 333 3942 Eae
355 3900 468 3943 causae
491 3901 563 3942 cum
579 3875 715 3942 Fabium
732 3886 885 3953 tenerent,
915 3871 1040 3942 Sem-1

95 3986 114 4029 ts
130 3967 158 4033 in
175 3971 336 4039 obsidione
356 3983 435 4050 erat,
463 3984 493 4038 et
510 3974 572 4038 iam
590 3969 736 4057 operibus
755 3968 1005 4055 oppugnabatur.
1039 4034 1043 4038 .
1068 4032 1073 4039 ,

1042 4232 1115 4252 ..fi-
