2528 4514
253 245 369 301 nmsa
387 247 514 316 xxvrr,
533 247 575 301 37.
596 251 632 316 [a.
645 249 817 317 caeaaor]
938 250 941 255 ·
987 201 1050 302 361

95 424 151 467 un
170 416 201 467 et
221 414 347 490 portam
365 404 404 468 de
427 404 513 469 caelo
536 414 629 469 tacta.
672 405 934 484 Mammenses,
961 407 1085 475 terri-3

95 519 126 562 rs
148 499 229 583 quod
251 508 351 575 esset,
379 498 569 577 adiciebant,
597 499 759 586 sanguinis
781 500 884 565 rivum
905 501 938 566 in
959 514 1051 588 porta

95 589 163 658 isse.
189 603 221 657 et
231 590 363 679 Capuae
381 593 474 679 lupus
492 604 584 658 nocte
601 605 726 680 portam
740 594 904 680 ingressus
922 594 1050 683 vigilem

95 696 204 752 averat.
249 686 328 750 haec
349 698 517 772 procurata
538 688 638 753 hostis
661 688 831 753 maioribus
853 690 999 776 prodigia
1019 703 1086 757 eta

95 780 210 865 plicatio
229 780 313 845 diem
331 803 430 844 unum
452 780 512 846 fuit
533 804 573 846 ex
591 783 717 848 decreto
738 783 932 869 pontificum.
976 784 1050 851 inde

95 896 139 940 rm
153 875 341 942 novendiale
359 875 581 953 instauratum,
609 877 695 960 quod
711 876 745 940 in
761 877 955 944 Armilustro
972 879 1052 966 lapi·

95 991 121 1034 rs
137 970 238 1034 visum
260 970 379 1055 pluere.
423 969 572 1034 liberatas
594 969 746 1055 religione
768 981 890 1036 mentes
914 973 1087 1037 turbavito
1113 975 1117 984 '

96 1085 134 1127 us
158 1062 337 1128 nuntiatum
357 1063 535 1128 Frusinone
562 1073 671 1127 natum
697 1063 850 1128 infantem
877 1087 948 1130 esse
975 1087 1052 1149 qua

95 1179 127 1223 ιο
142 1181 265 1244 parem,
283 1179 344 1222 nec
355 1158 572 1244 magnitudine
587 1169 652 1223 tam
665 1158 844 1223 mirandum
858 1180 952 1242 quarn
965 1162 1051 1243 quod

95 1272 207 1336 uoque,
234 1261 271 1315 ut
290 1249 462 1316 Sinuessae
480 1251 607 1317 biennio
630 1263 717 1330 ante,
743 1251 896 1331 incertus,
922 1276 990 1318 mas
1009 1277 1051 1318 an

95 1343 142 1410 ina
158 1357 257 1423 esset,
284 1355 377 1410 natus
397 1355 473 1410 erat.
516 1345 550 1409 id
568 1368 643 1411 vero
661 1345 843 1433 haruspices
866 1369 907 1411 ex
922 1347 1051 1412 Etruria
1069 1366 1086 1413 6

96 1440 121 1503 ti
144 1441 273 1505 foedum
299 1460 337 1503 ac
358 1450 448 1526 turpe
470 1439 650 1527 prodigium
673 1441 791 1518 dicere,
822 1451 946 1506 extorre
973 1464 1050 1528 agro

95 1555 182 1611 nano,
201 1534 311 1620 procul
325 1545 426 1599 terrae
441 1545 601 1611 contactu,
621 1535 684 1598 alto
698 1534 915 1620 mergendum.
943 1535 1050 1600 vivum

95 1649 186 1694 neam
214 1628 382 1693 condidere
405 1640 651 1715 provectumque
673 1627 706 1691 in
728 1650 814 1692 mare
840 1628 1048 1716 proiecerunt.

95 1743 189 1788 erere
216 1723 292 1787 item
317 1721 496 1808 pontifices,
525 1732 561 1786 ut
586 1721 724 1807 virgines
751 1733 800 1787 ter
824 1745 967 1788 novenae
992 1742 1084 1810 perr
1179 1745 1184 1749 ·

95 1837 134 1880 em
151 1827 263 1881 euntes
282 1838 409 1880 carmen
426 1827 584 1882 canerent..
619 1816 653 1880 id
671 1837 743 1880 cum
759 1816 793 1880 in
805 1816 893 1882 Iovis
913 1814 1048 1883 Statoris

95 1933 104 1974 a
129 1910 286 1976 discerent
314 1911 474 1976 conditum
501 1912 541 1976 ab
559 1911 654 1976 Livio
680 1921 776 1996 poeta
797 1933 938 1989 carmen,
966 1922 1052 1977 tacta

95 2007 166 2072 raelo
185 2005 272 2071 aedis
291 2005 324 2069 in
341 2006 502 2071 Aventino
520 2005 652 2071 Iunonis
670 2005 829 2092 Reginam
855 2006 1049 2094 prodigium·
1067 2026 1085 2073 8

109 2101 142 2164 id
168 2100 209 2165 ad
235 2111 395 2165 matronas
422 2101 579 2186 pertlnere
610 2100 793 2186 haruspices
821 2123 894 2165 eum
918 2125 1050 2188 respon-

95 2205 143 2259 ent
160 2195 306 2278 donoque
326 2195 431 2260 divam
465 2195 654 2280 placandam
676 2217 761 2272 esse,
790 2195 939 2258 aedilium
957 2214 1082 2260 cmm-o

95 2343 98 2352 .
124 2289 227 2353 edicto
254 2289 288 2351 in
310 2285 503 2374 Capitolium
530 2299 734 2366 convocatae,
771 2288 883 2371 quibus
911 2288 944 2351 in
969 2290 1049 2354 urbe

95 2406 167 2447 rana
192 2383 336 2466 intraque
365 2383 521 2446 decimum
551 2382 688 2468 lapidem
721 2382 761 2446 ab
787 2382 865 2446 urbe
892 2380 1050 2447 domicilia

95 2489 141 2554 nt,
168 2476 258 2562 ipsae
276 2476 357 2541 inter
380 2500 414 2541 se
438 2477 575 2561 quinque
594 2488 625 2542 et
647 2475 760 2564 viginti
783 2476 980 2562 delegerunt,
1008 2476 1050 2540 ad

95 2598 98 2636 ι
118 2594 159 2637 ex
187 2570 313 2636 dotibus
342 2571 456 2657 stipem
478 2571 666 2636 conferrent.
710 2570 784 2634 inde
808 2569 925 2634 donum
946 2570 1047 2656 pelvis
1068 2589 1102 2636 lo

96 2690 115 2731 a
132 2666 218 2730 facta
239 2665 365 2750 lataque
387 2666 420 2730 in
437 2665 647 2742 Aventinum,
674 2687 752 2750 pure
776 2675 923 2748 casteque
946 2688 966 2729 a
982 2686 1050 2729 ma-

95 2760 118 2826 is
138 2759 357 2825 sacrificatum.
395 2760 561 2826 confestim
580 2762 620 2826 ad
638 2759 723 2825 aliud
742 2759 929 2824 sacrificium
947 2758 1050 2824 eidem
1069 2780 1099 2825 11

95 2878 110 2920 e
130 2855 171 2919 ab
190 2854 376 2919 decemviris
396 2855 498 2920 edicta
516 2855 599 2932 dies,
618 2854 706 2919 cuius
726 2854 803 2919 ordo
821 2853 893 2918 talis
911 2853 986 2920 fuit:
1009 2856 1050 2920 ab

95 2983 97 3007 ι
115 2949 277 3035 Apollinis
295 2950 394 3014 boves
413 2949 550 3015 feminae
572 2950 663 3015 albae
682 2950 763 3015 duae
786 2960 878 3034 porta
896 2947 1050 3015 Carmen-

95 3044 125 3108 in
143 3044 255 3108 urbem
273 3044 395 3109 ductae.
439 3055 512 3130 post
535 3066 590 3109 eas
613 3044 676 3109 duo
695 3044 787 3130 signa
809 3065 979 3128 cupressea
994 3045 1049 3108 Iu·
1069 3061 1101 3109 12

95 3162 110 3203 s
138 3137 268 3224 reginae
294 3139 509 3223 portabantur.
554 3150 621 3203 tum
648 3148 770 3223 septem
796 3147 828 3200 et
849 3135 961 3221 viginti
987 3137 1050 3200 vir-

95 3257 124 3309 s,
151 3232 281 3319 longam
303 3230 431 3298 indutae
453 3243 590 3310 vestem,
621 3254 748 3296 carmen
769 3231 801 3293 in
823 3231 980 3294 Iunonem
1000 3252 1050 3294 re-

95 3351 128 3390 m
151 3335 300 3391 canentes
324 3326 426 3404 ibant,
453 3327 508 3391 illa
531 3337 717 3412 tempestate
740 3323 873 3389 forsitan
891 3323 1048 3388 laudabile
1068 3343 1101 3389 13

95 3423 150 3485 bus
177 3420 328 3505 ingeniis,
355 3441 439 3484 nunc
467 3420 638 3485 abhorrens
661 3430 693 3484 et
714 3417 922 3494 inconditum,
952 3416 979 3481 si
1000 3439 1049 3482 re-

95 3537 148 3578 111.
194 3514 353 3600 virginum
371 3514 513 3579 ordinem
536 3514 748 3598 sequebantur
770 3509 940 3575 decemviri
961 3532 1050 3576 coro-

100 3608 212 3672 laurea
229 3608 489 3693 praetextatique.
526 3633 545 3672 a
561 3618 653 3694 porta
669 3605 798 3692 Iugario
812 3604 881 3669 vico
894 3603 928 3667 in
945 3603 1049 3668 forum
1069 3625 1102 3671 11

95 3725 146 3768 ne.
192 3703 224 3767 in
245 3703 316 3768 foro
338 3727 456 3790 pompa
477 3703 630 3781 constitit3
658 3725 715 3788 per
735 3723 848 3766 manus
870 3710 954 3765 reste
976 3698 1050 3763 data

95 3797 161 3861 ines
189 3819 303 3862 sonum
324 3798 411 3862 vocis
434 3797 529 3884 pulsu
550 3798 668 3883 pedum
689 3796 888 3861 modulantes
911 3794 1049 3858 incesse·

95 3941 123 3956 ..
148 3890 222 3956 inde
240 3891 311 3958 vico
329 3891 436 3958 Tusco
453 3892 655 3974 Velabroque
676 3915 733 3978 per
750 3889 924 3957 Bovarium
945 3887 1050 3954 sorum
1070 3907 1101 3954 15

95 3984 198 4049 livurn
219 3986 399 4050 Publicium
425 3996 518 4071 atque
542 3986 652 4051 aedem
674 3983 805 4051 Iunonis
827 3983 956 4069 reginae
977 4005 1050 4073 per-
