2528 4514
143 244 207 309 332
377 254 496 309 LIBER
512 252 641 323 XXVII,
661 253 686 308 7.
699 252 724 307 8.
744 256 783 322 [a.
793 270 821 308 u.
832 270 854 308 c.
865 253 930 323 545]

93 437 125 485 13
144 422 222 491 sent,
240 412 329 478 iussi.
360 411 553 497 conquisitos
572 430 626 475 ecs
645 409 791 475 consules
810 411 843 474 in
853 407 989 477 Siciliam
1003 412 1104 489 miserunt,

143 507 312 591 additaque
337 504 448 571 eadem
472 504 658 592 ignominia,
686 503 747 569 sub
768 526 833 588 qua
855 502 1024 571 Cannenses
1038 504 1104 569 nto
1147 544 1149 553 =

142 603 219 668 bant
243 600 361 685 quique
387 620 427 665 ex
452 600 604 685 praetoris
629 597 689 664 Cn.
711 597 806 663 Fulvi
831 600 971 665 exercitu
991 599 1023 665 cb
1040 597 1103 664 sin&
1137 682 1139 687 Ι

93 721 126 766 14
144 697 222 760 iram
238 693 335 780 fugae
353 693 444 758 missi
469 716 506 758 eo
530 693 570 758 ab
593 701 704 758 senatu
720 691 855 760 fuerant.
903 692 942 759 0.
959 690 1104 760 numme
1136 776 1138 784 y

144 789 272 855 eaedem
297 788 331 852 in
358 785 504 854 Sardinia
525 787 680 874 legiones,
708 787 824 870 quibus
849 787 890 854 P.
911 787 1034 854 Manlius
1048 783 1104 851 ldt

94 908 125 955 rs
144 907 213 949 eam
230 883 424 969 provinciam
442 882 633 960 obtinuerat,
652 882 804 947 decretae.
848 881 889 947 P.
906 881 1031 970 Sulpicio
1042 878 1102 945 alm
1136 893 1149 932 t

143 977 268 1065 legione
286 978 458 1060 eademque
477 976 578 1041 classe
595 974 818 1042 Macedoniam
836 976 977 1042 obtinere
994 977 1104 1057 iuram

144 1080 289 1158 rogatum
310 1072 344 1135 in
365 1094 483 1136 annum
504 1070 679 1156 imperium.
724 1070 852 1158 triginta
873 1071 1104 1156 quisquemon
1137 1151 1142 1157 ι

145 1163 254 1231 Sicilia
274 1164 447 1230 Tarentum
474 1165 514 1230 ad
538 1163 579 1247 Q.
602 1164 738 1230 Fabium
764 1164 929 1230 consulem
948 1165 1019 1230 rnitti
1035 1163 1104 1235 iussa

93 1283 125 1331 16
144 1268 248 1324 cetera
261 1258 361 1325 classe
375 1259 558 1345 praedatum
571 1257 758 1324 inAfrieam
772 1269 827 1323 aut
838 1260 946 1345 ipsum
954 1259 998 1324 M.
1005 1252 1109 1324 Valeri!-
1147 1343 1149 1349 .

143 1353 322 1418 Laevinum
344 1354 488 1430 traicere,
516 1361 570 1416 aut
590 1353 715 1417 mittere
737 1373 794 1417 seu
815 1352 857 1417 L.
879 1351 1017 1419 Cincium
1033 1340 1106 1416 setl-
1133 1358 1149 1402 Ξ

93 1472 125 1517 17
145 1446 307 1513 Valerium
324 1446 519 1512 Messallam.
563 1468 623 1511 nec
645 1442 684 1511 de
701 1444 861 1533 Hispania
881 1446 1112 1532 quinquennale
1133 1456 1149 1539 f

144 1551 225 1620 tum,
260 1541 321 1606 nisi
343 1541 429 1625 quod
449 1560 514 1605 non
534 1540 569 1604 in
590 1562 707 1606 annum
730 1537 873 1626 Scipioni
897 1539 1058 1625 suasoque,
1078 1526 1111 1597 al
1133 1551 1149 1591 t

144 1638 243 1703 donec
269 1637 406 1703 revocati
432 1636 473 1701 ab
500 1644 611 1702 senatu
635 1635 754 1714 forent,
779 1646 983 1723 prorogatum
1003 1636 1039 1699 im
1074 1626 1080 1643 “
1143 1717 1148 1727 .

144 1740 201 1797 est.
245 1732 289 1796 ita
310 1731 489 1817 provinciae
511 1730 745 1815 exercitamque
766 1730 800 1796 in
823 1750 897 1795 eum
917 1731 1035 1797 modum

146 1826 286 1912 imperia.
1102 1900 1109 1920 ·

110 1941 124 1986 1
208 1918 302 1983 VIII.
363 1917 451 1984 Inter
475 1918 629 1983 maiorum
650 1938 755 1982 rerum
781 1939 873 1985 curas
897 1919 1016 1985 comitis
1035 1907 1115 1980 ruff

145 2013 295 2091 ourionis,
330 2034 402 2078 eum
428 2013 590 2078 inlocum
616 2011 664 2077 M.
691 2011 810 2077 Aemili
836 2014 983 2079 sacerdos
1006 2006 1114 2077 aaut*

110 2128 125 2174 2
144 2117 234 2172 vetus
254 2107 467 2172 excitaverunt
485 2117 655 2184 certamen,
681 2107 819 2192 patriciis
838 2106 1022 2194 negantibus
1037 2092 1116 2170 (Mlt-

144 2201 210 2265 mili
218 2200 330 2279 Atelli,
349 2201 403 2284 qui
416 2223 498 2265 unus
514 2223 553 2265 ex
566 2201 658 2286 plebe
671 2201 812 2286 petebat,
831 2202 1007 2268 habendam
1017 2198 1113 2269 alcu
1138 2274 1149 2291 -.

144 2318 228 2372 esse,
247 2296 321 2379 quia
337 2317 431 2360 nemo
449 2305 521 2360 ante
540 2317 611 2359 eum
630 2296 690 2360 nisi
708 2317 748 2360 ex
764 2295 907 2382 patribus
921 2296 955 2361 id
968 2286 1118 2362 sacerdtllff
1139 2308 1149 2337 ¹

108 2408 126 2456 t
143 2390 314 2457 habuisset.
351 2391 466 2455 tribuni
485 2391 632 2476 appellati
649 2391 690 2455 ad
709 2399 853 2455 senatum
873 2389 970 2478 [rem]
987 2384 1123 2483 relccefflli

148 2497 273 2552 senatus
291 2485 400 2571 populi
416 2494 603 2570 potestatem
621 2484 709 2549 fecit:
727 2485 908 2570 itaprimus
928 2508 968 2551 ex
983 2483 1119 2572 plebea*

108 2592 195 2646 ltus
222 2582 378 2646 maximus
405 2581 491 2646 curio
515 2578 553 2645 C.
581 2579 743 2645 Mamilius
769 2579 906 2646 Atellus.
961 2592 992 2647 et
1013 2568 1130 2653 llanlltff',

142 2676 270 2741 Dialem
296 2675 429 2739 invitum
458 2675 639 2761 inaugurari
666 2675 769 2761 coegit
793 2674 832 2739 P.
860 2676 1006 2741 LIcinius
1029 2664 1133 2762 pontid*¹

142 2770 299 2833 maximus
318 2767 356 2833 O.
375 2768 536 2833 Valerium
558 2769 718 2834 Flaccum.
762 2769 978 2835 decemvirum
1004 2758 1128 2835 saodslt·

143 2862 265 2927 oiundis
283 2871 405 2928 creatus
423 2864 457 2927 in
473 2863 578 2928 locum
598 2863 638 2946 Q.
657 2863 748 2927 Muci
768 2861 943 2929 Scaevolae
961 2850 1131 2929 democrite·

110 2973 125 3020 5
142 2957 320 3021 Laetorius.
357 2978 485 3022 causam
506 2958 688 3043 inaugurari
706 2958 806 3023 coacti
826 2957 965 3024 flaminis
983 2959 1078 3024 libens
1090 2948 1135 3018 rel·

143 3050 292 3129 cuissem,
318 3051 352 3115 ni
374 3073 414 3116 ex
435 3051 519 3116 mala
540 3052 626 3116 fama
647 3053 681 3116 in
701 3050 818 3117 bonam
836 3052 995 3119 vertisset.
1035 3052 1075 3118 ob
1088 3046 1137 3114 ult·

141 3146 323 3211 lescentiam
341 3147 560 3232 neglegentem
577 3146 833 3230 luxuriosamque
853 3145 891 3211 O.
906 3146 1140 3214 macorano

142 3249 251 3325 captus
265 3264 284 3304 a
297 3239 335 3305 P.
345 3240 471 3304 Licinio
488 3240 635 3324 pontifice
649 3241 785 3305 maximo
800 3249 880 3319 erat,
897 3241 942 3306 L.
952 3242 1068 3309 Flacco
1082 3230 1141 3306 lull

108 3351 123 3399 6
141 3355 290 3419 germano
309 3334 513 3420 cognatisque
531 3334 600 3398 aliis
619 3334 660 3400 ob
679 3335 789 3400 eadem
806 3335 883 3399 vitia
899 3335 1037 3403 invisus.
1076 3337 1144 3413 iad

141 3427 280 3492 animum
302 3429 370 3493 eius
393 3450 469 3492 cura
491 3451 651 3493 sacrorum
672 3439 704 3493 et
724 3428 988 3495 caerimoniarum
1010 3425 1145 3518 captata

138 3530 267 3606 repente
285 3523 371 3586 exuit
389 3522 532 3605 antiquos
552 3545 669 3600 mores,
693 3532 729 3587 ut
745 3544 838 3588 nemo
856 3531 924 3588 tota
941 3520 1146 3591 iuventutem-

141 3614 267 3680 beretur
287 3617 372 3700 prior
392 3637 451 3681 nco
470 3615 633 3701 probatior
655 3617 843 3702 primoribus
865 3628 1010 3703 patrum,
1038 3620 1148 3703 sulspt·

108 3730 121 3775 ⁷
140 3709 214 3774 riter
231 3709 417 3793 alienisque,
445 3721 537 3775 esset.
589 3711 683 3776 huius
705 3711 811 3776 famae
832 3732 993 3778 consensu
1016 3704 1148 3779 autori

139 3803 256 3868 iustam
281 3803 428 3869 fiduciam
455 3805 504 3870 sui
529 3827 597 3870 renr
620 3805 833 3872 intermissam
854 3807 1053 3893 permultos
1074 3818 1148 3873 mult

140 3896 181 3960 ob
198 3897 416 3984 indignitatem
438 3899 600 3964 flaminum
622 3900 761 3986 priorum
783 3903 943 3989 repetivit,
972 3903 1008 3967 in
1030 3910 1148 3968 senatu

106 3998 175 4056 sut
201 3989 349 4058 introiret.
400 3995 579 4080 ingressum
606 4016 678 4061 eum
709 3997 828 4062 curiam
860 4019 932 4063 cum
958 3998 1002 4063 L.
1028 3992 1148 4063 Listria·
