2528 4530
144 271 209 339 116
393 283 514 339 LIBER
529 281 646 353 XXIII,
663 282 690 336 3.
702 281 729 336 4.
748 281 935 352 [ane-538]

143 458 282 511 vestram
294 440 449 508 babeatis.
475 442 591 506 etenim
604 440 678 518 hos,
695 450 732 503 ut
743 439 865 524 opinor,
883 439 996 505 odistis
1009 454 1098 505 senat

111 560 209 610 anon
231 547 376 603 senatum
397 535 526 600 omnino
547 534 665 600 babere
686 556 752 600 non
773 534 879 611 voltis,
906 535 1026 621 quippe
1044 548 1098 600 aut

143 633 231 719 qnod
247 631 507 707 abominandum,
526 639 582 694 aut
598 629 685 714 quod
700 651 800 693 unum
816 627 935 694 liberae
952 630 1089 695 civitatis

145 727 251 793 silium
268 735 331 803 est,
354 734 482 790 senatus
499 722 665 789 mbendus
683 733 741 788 est
785 723 894 807 itaque
914 722 998 788 dnae
1016 747 1068 789 res
1087 749 1098 790 s

144 821 287 909 agendae
313 819 405 885 vobis
431 828 520 897 sunt,
550 829 587 883 ut
612 829 645 883 et
669 829 809 884 veterem
834 829 981 884 senatum
1007 821 1098 886 tollat

111 937 263 988 snorum
293 913 457 1000 eooptetis.
501 913 591 978 citari
621 913 765 1000 singulos
792 923 953 980 senatores
977 914 1095 981 iubebo

143 1032 278 1095 qnorum
295 1009 398 1094 sapite
414 1029 473 1073 vos
491 1006 668 1084 consulam,
686 1007 774 1092 quod
786 1008 826 1072 de
839 1028 966 1092 quoqne
984 1030 1098 1074 censue

143 1104 208 1170 fiet.
254 1103 312 1169 sed
331 1102 421 1189 prius
442 1102 478 1166 in
499 1101 568 1166 eius
584 1100 691 1166 locnm
707 1101 812 1165 virum
828 1100 944 1167 fortem
961 1124 1000 1167 ao
1019 1113 1098 1168 stren

144 1221 263 1265 novum
284 1205 462 1263 senatorem
483 1195 670 1281 oooptabitis
692 1216 789 1279 quam
811 1195 851 1259 de
871 1196 967 1261 noxio
991 1198 1098 1283 suppli

145 1291 307 1359 sumatur?

110 1411 125 1458 t
208 1386 288 1451 Inde
306 1384 464 1462 consedit,
487 1394 519 1450 et
535 1382 717 1449 nominibus
734 1384 768 1449 in
784 1407 897 1448 urnam
919 1385 1069 1451 coniectis
1091 1410 1098 1449 t

143 1481 230 1566 qnod
249 1480 388 1567 primum
410 1489 494 1545 sorte
515 1500 633 1543 nomen
650 1478 766 1543 excidit
782 1479 951 1563 ipsumque
969 1501 988 1544 e
1005 1481 1092 1544 curia

109 1593 125 1642 8
143 1575 218 1641 duci
233 1574 335 1640 iussit.
378 1573 435 1638 ubi
453 1573 595 1639 auditum
613 1582 662 1638 est
678 1594 809 1650 nomen,
826 1572 947 1637 malum
963 1583 995 1637 et
1012 1575 1098 1660 inpro

110 1688 202 1756 apro
224 1691 260 1735 se
282 1669 417 1753 quisque
435 1667 571 1733 clamare
588 1676 620 1732 et
637 1667 791 1753 supplicio
809 1667 952 1754 dignum
993 1667 1098 1732 tnmI

143 1764 215 1829 vius
243 1763 364 1839 ‘video,
391 1783 473 1845 quae
499 1762 540 1826 de
565 1761 627 1826 hoo
654 1762 808 1827 sententia
830 1762 884 1826 sit:
911 1761 985 1825 date
1006 1762 1098 1847 igitru

95 1875 128 1924 ιο
145 1857 229 1921 malo
250 1866 345 1939 atque
365 1855 499 1942 inprobo
521 1854 641 1921 bonum
659 1867 836 1921 senatorem
854 1866 886 1921 et
901 1857 1041 1921 iustum!
1080 1880 1098 1942 p

113 1984 117 1991 ·
145 1949 305 2017 silentium
321 1960 389 2015 erat
404 1950 512 2035 iuopia
527 1950 657 2037 potioris
676 1949 868 2028 subiciundi,
887 1950 1016 2029 deinde,
1035 1973 1098 2016 eurr

145 2044 217 2129 quis
230 2044 350 2110 omissa
357 2044 547 2110 verecundia
555 2045 736 2130 quempiam
748 2045 951 2121 nominasset,
970 2045 1098 2110 multon

95 2159 126 2207 11
146 2139 305 2226 extemplo
322 2138 441 2204 clamor
457 2137 624 2216 oriebatur,
648 2159 722 2203 cnm
742 2139 796 2203 alii
817 2149 970 2225 negarent
992 2160 1095 2216 nosse,

145 2256 229 2299 nunc
250 2233 380 2319 probra,
407 2256 492 2301 nuno
513 2233 721 2298 humilitatem
745 2233 966 2316 sordidamque
988 2233 1098 2319 inopia

95 2348 127 2395 η
144 2329 312 2415 pudendae
329 2329 405 2394 artis
423 2337 478 2393 aut
495 2338 646 2413 quaestus
663 2351 765 2414 genus
783 2327 952 2393 obicerent.
998 2327 1060 2393 hoc
1080 2351 1098 2390 n

144 2425 248 2512 magis
269 2424 303 2489 in
325 2424 464 2490 seeundo
482 2445 520 2488 ac
538 2423 629 2489 tertio
647 2423 742 2488 citato
761 2433 904 2488 senatore
923 2432 971 2488 est
988 2423 1098 2488 facturr

144 2517 245 2604 ipsius
267 2519 427 2605 paenitere
449 2517 593 2583 homines
615 2526 793 2603 appareret,
821 2539 916 2601 quem
938 2526 1045 2582 autem
1062 2517 1094 2581 in

95 2633 126 2681 13
146 2611 372 2679 substituerent
393 2612 513 2690 locum,
541 2612 666 2691 deesse,
694 2613 770 2696 quia
790 2634 850 2678 nec
871 2612 1001 2677 eosdem
1026 2634 1098 2677 nom

145 2707 321 2785 adtinebat,
347 2707 427 2772 nihil
448 2707 534 2772 aliud
556 2728 651 2790 quam
674 2706 715 2771 ad
732 2706 889 2771 audienda
905 2705 1022 2792 probra
1039 2729 1098 2772 non

145 2811 209 2878 tos,
237 2809 270 2865 et
290 2799 390 2866 multo
411 2800 593 2866 humiliores
616 2800 877 2886 obscurioresque
900 2801 996 2866 ceteri
1018 2816 1098 2866 erant

95 2915 129 2962 14
147 2895 202 2979 qui
218 2893 312 2981 primi
329 2896 498 2963 memoriae
516 2895 730 2961 occurrebant.
771 2897 815 2960 ita
833 2895 929 2961 dilabi
946 2895 1098 2972 homines¹

145 2989 304 3054 tissimum
317 2990 466 3073 quodque
478 2989 597 3054 malum
610 3012 757 3055 maxume
772 2989 933 3055 tolerabile
951 2991 1093 3056 dicentes

145 3083 353 3167 iubentesque
372 3094 517 3149 senatum
534 3105 575 3148 ex
593 3085 736 3150 custodia
753 3085 876 3149 dimitti.

113 3199 126 3244 1
209 3176 291 3242 1111.
324 3179 397 3243 Hoc
414 3178 509 3264 modo
522 3176 682 3245 Pacuvius
701 3200 774 3244 cum
791 3178 964 3244 obnoxium
982 3180 1068 3244 vitae
1088 3178 1098 3244 l

144 3271 216 3337 ficio
235 3280 378 3336 senatum
396 3271 496 3337 multo
513 3270 574 3337 sibi
595 3273 698 3359 magis
720 3296 816 3357 quam
837 3272 924 3358 plebi
944 3273 1091 3353 fecisset,

112 3385 127 3432 a
146 3363 255 3442 armis,
273 3365 337 3430 iam
352 3364 499 3430 omnibus
513 3365 758 3432 concedentibus
772 3365 1003 3432 dominabatur.
1032 3367 1098 3432 ‘him

145 3467 271 3524 natores'
301 3459 421 3526 omissa
446 3459 608 3546 dignitatis
634 3459 850 3545 libertatisque
876 3461 1030 3527 memoria
1057 3461 1098 3548 plt

112 3553 281 3619 aadulari:
317 3552 469 3631 salutare,
503 3552 641 3642 benigne
670 3555 816 3634 invitare,
848 3556 1008 3641 adparatis
1040 3558 1098 3622 acc?

145 3647 265 3734 epulis,
285 3669 339 3713 eas
357 3669 472 3713 causas
491 3649 665 3734 suscipere,
688 3650 719 3714 ei
736 3671 861 3736 semper
876 3649 959 3737 parti
981 3648 1095 3716 adesse

146 3743 285 3807 cundum
311 3765 382 3808 eam
406 3742 495 3808 litem
520 3743 640 3809 iudices
663 3745 752 3824 dare,
780 3768 862 3829 quae
889 3745 992 3833 magis
1019 3768 1098 3832 popt

112 3837 309 3922 saptiorque
334 3837 367 3902 in
394 3837 506 3925 volgus
532 3837 633 3904 favori
659 3839 854 3906 conciliando
881 3851 974 3907 esset.
1019 3839 1086 3906 iam

146 3928 224 3994 nihil
245 3930 280 3996 in
301 3943 413 4007 senatu
430 3942 536 3999 actum
554 3933 644 3999 aliter
660 3955 756 4020 quam
775 3936 802 4000 si
819 3935 922 4021 plebis
939 3934 985 4002 ibi
1002 3943 1090 4001 esset

146 4022 262 4090 cilium.
288 4047 389 4113 prona
406 4048 532 4115 semper
548 4027 662 4127 civitas¹
676 4029 710 4096 in
726 4030 884 4098 luxuriam
901 4052 965 4098 non
981 4030 1098 4117 ingeni«
