2528 4530
243 237 596 310 nmsnxxv‚ae.so.
615 238 770 313 [acan]
973 230 1037 297 249

80 417 142 476 ,ne
159 396 228 463 sine
246 395 380 463 ducibus
399 406 518 475 essent,
546 418 603 463 sex
620 398 796 485 praefectos
815 421 973 480 creavere,
1000 409 1037 466 nt
1054 420 1089 469 ro

80 490 301 557 iAchradinae
319 513 356 558 ac
373 489 461 558 Naso
477 502 670 578 praeessent.
715 494 824 560 sedato
842 495 968 560 tandem
986 505 1046 561 tu·.

80 610 104 652 u
121 585 349 672 exequentibus
368 586 570 664 sciscitando,
598 608 679 672 quae
701 598 771 654 acta
793 610 865 656 cum
882 588 1036 657 Romanis
1132 584 1137 611 ¹

80 692 120 760 rt,
149 681 286 746 dilucere
302 680 337 745 id
354 680 440 766 quod
458 690 524 746 erat
541 680 658 768 coepit,
686 681 781 748 aliam
799 705 890 749 suam
912 705 950 750 ac
966 706 1038 772 per-

80 799 149 840 rum
168 797 297 840 causam
316 797 396 841 esse.

80 869 186 935 lxx.
230 869 271 934 In
290 878 430 956 tempore
447 869 545 956 legati
562 869 747 937 aMareello
764 870 936 951 redierunt,
955 872 1037 939 falsa
1056 892 1075 942 ι’

80 963 255 1050 suspicione
272 963 417 1029 incitatos
436 973 646 1030 memorantes
665 985 724 1029 nec
742 985 871 1030 causam
889 976 1039 1053 expeten-

86 1080 209 1144 poenae
236 1079 344 1123 eorum
370 1056 468 1123 ullam
494 1057 648 1123 Romanis
676 1078 755 1123 esse.
801 1067 911 1125 erate
937 1060 1073 1128 tribusa

80 1153 203 1218 radinae
228 1151 397 1238 praefectis
419 1151 599 1239 Hispanus,
626 1153 787 1219 Moericus
817 1154 953 1220 nomine.
997 1157 1038 1222 ad

89 1247 172 1313 inter
189 1247 320 1312 comites
338 1246 513 1335 legatorum
532 1249 571 1314 de
588 1248 743 1314 industria
760 1271 842 1314 unus
861 1271 901 1314 ex
918 1246 1039 1336 Hispa-

79 1364 112 1406 m
130 1341 338 1408 auxiliaribus
357 1351 404 1408 est
422 1343 554 1420 missus,
573 1343 709 1428 quisine
728 1342 851 1409 arbitris
860 1341 1039 1409 Moericum

80 1446 146 1513 tus,
170 1436 307 1521 primum
325 1457 388 1521 qno
406 1437 440 1501 in
458 1446 543 1502 statu
559 1436 738 1522 reliquisset
754 1434 945 1524 Hispaniam
962 1474 989 1485 -
1007 1449 1038 1503 et

80 1551 100 1595 u
124 1529 200 1594 inde
225 1540 354 1595 venerat
374 1567 401 1578 -
422 1531 565 1617 exponit:
601 1532 707 1596 omnia
731 1530 884 1597 Romanis
910 1530 956 1598 ibi
982 1529 1074 1600 ob-a

80 1622 92 1687 i
109 1623 215 1688 armis.
259 1645 354 1709 posse
373 1647 459 1703 eum,
488 1625 515 1690 si
532 1625 799 1711 operaepretium
817 1624 926 1704 faciat,
953 1625 1039 1713 prin-

80 1741 105 1782 m
128 1717 329 1804 popularium
355 1740 440 1797 esse,
469 1741 525 1786 seu
551 1718 685 1784 militare
711 1741 784 1785 cum
801 1718 955 1786 Romanis
982 1741 1039 1786 seu

80 1813 203 1899 patriam
238 1813 351 1878 reverti
385 1813 502 1879 lubeat.
553 1824 674 1893 contra,
711 1814 738 1880 si
772 1813 867 1881 malle
901 1812 1040 1881 obsideri

80 1920 127 1987 at,
146 1929 243 1993 quam
261 1930 351 1994 spem
369 1929 439 1975 esse
457 1918 540 1974 terra
557 1909 698 1995 marique
716 1909 844 1976 clauso?
865 1919 970 1976 motus
987 1909 1038 1975 his
1057 1928 1075 1975 4

81 2001 177 2080 ricus,
214 2024 286 2068 cum
316 2002 438 2089 legatos
465 2003 507 2070 ad
532 2002 722 2070 Marcellum
749 2005 831 2070 mitti
856 2005 1037 2091 placuisset,

80 2117 131 2161 em
147 2096 230 2160 inter
248 2117 301 2160 eos
319 2095 428 2175 mittit,
451 2097 505 2181 qui
523 2119 580 2182 per
597 2097 733 2163 eundem
750 2098 839 2163 illum
857 2097 1040 2185 Hispanum

80 2199 141 2255 etus
160 2189 201 2255 ab
219 2189 289 2254 aliis
312 2189 353 2254 ad
375 2188 564 2256 Marcellum
582 2190 751 2269 deductus,
779 2214 853 2257 cum
874 2191 970 2257 fidem
988 2214 1040 2258 ac-

80 2292 139 2348 sset
165 2284 457 2370 composuissetque
484 2284 626 2372 agendae
652 2284 795 2349 ordinem
820 2283 880 2362 rei,
915 2284 1062 2350 Achra-

80 2400 109 2442 m
125 2378 216 2444 redit
261 2387 328 2444 tum
345 2378 522 2458 Moericus,
545 2387 581 2443 ut
598 2378 638 2445 ab
653 2378 837 2463 suspicione
854 2379 1038 2465 proditionis
1059 2400 1077 2447 5

80 2481 156 2536 teret
181 2472 322 2537 omnium
349 2473 492 2552 animos,
527 2482 641 2560 negat,
678 2471 739 2538 sibi
763 2471 889 2557 placere
917 2472 1040 2559 legatos

80 2588 179 2631 meare
200 2565 283 2632 ultro
305 2566 460 2652 citroque,
487 2588 590 2652 neque
610 2566 826 2653 recipiendum
848 2586 1040 2651 quemquam

80 2683 105 2725 re
124 2660 327 2739 mittendum,
357 2671 388 2727 et
413 2682 477 2747 quo
502 2660 652 2727 intentius
678 2660 840 2727 custodiae
868 2670 1040 2740 serventur,

80 2765 179 2820 ntuna
209 2755 378 2821 dividenda
407 2755 575 2842 praelectis
606 2777 696 2834 esse,
731 2765 766 2821 ut
799 2777 876 2822 suae
907 2755 1041 2841 quisque

80 2849 100 2915 is
121 2851 273 2915 tutandae
294 2873 367 2916 rens
392 2851 442 2916 sit
487 2872 597 2918 omnes
620 2850 748 2917 adsensi
769 2860 853 2918 sunt
897 2850 1076 2937 partibusc

80 2944 181 3010 lendis
203 2944 266 3030 ipsi
287 2944 375 3030 regio
398 2945 502 3010 evenit
524 2944 565 3013 ab
582 2944 745 3011 Arethusa
766 2945 854 3012 fonte
875 2967 977 3031 usque
999 2944 1041 3012 ad
1111 3028 1114 3033 Ι

80 3061 118 3103 rm
136 3039 247 3124 magni
263 3048 382 3123 portus.
419 3039 452 3104 id
470 3049 505 3106 ut
523 3040 638 3107 scirent
654 3039 792 3106 Romani
808 3038 893 3105 fecit
933 3039 1075 3123 itaque'r

80 3132 176 3197 callus
199 3142 292 3197 nocte
313 3155 427 3198 navem
450 3135 624 3200 onerariam
646 3156 720 3199 cnm
746 3133 875 3199 armatis
901 3131 1041 3197 remulco

80 3226 211 3292 triremis
229 3227 310 3291 trahi
327 3229 368 3292 ad
385 3227 601 3294 Achradinam
621 3228 715 3294 iussit
731 3227 909 3314 exponique
927 3226 1041 3291 milites

80 3342 131 3387 ›ne
149 3331 274 3407 portae,
302 3342 383 3406 quae
403 3344 502 3409 prope
523 3322 644 3388 fontem
662 3321 857 3388 Arethusam
879 3329 937 3386 est.
981 3318 1077 3385 hocs

109 3426 227 3502 quarta
259 3416 368 3503 vigilia
402 3416 521 3482 factum
557 3425 641 3482 esset
672 3416 896 3503 expositosque
926 3413 1042 3480 milites

80 3533 106 3589 s,
141 3519 178 3574 ut
203 3521 405 3589 convenerat,
437 3511 608 3598 recepisset
633 3510 810 3589 Moericus,
844 3510 916 3575 luce
941 3508 1043 3596 prima

80 3604 179 3671 collus
201 3604 347 3671 omnibus
370 3605 470 3692 copiis
491 3606 618 3672 moenia
638 3605 840 3672 Achradinae
861 3602 1044 3690 adgreditur

85 3708 206 3764 utnon
229 3720 284 3764 eos
307 3699 425 3778 solum,
453 3700 508 3785 qui
525 3700 744 3766 Achradinam
765 3696 930 3775 tenebant,
955 3694 990 3761 in
1008 3714 1043 3760 se
1060 3716 1078 3764 a

80 3804 215 3872 erteret,
243 3793 300 3859 sed
320 3793 361 3860 ab
379 3794 467 3860 Naso
489 3795 584 3861 etiam
606 3794 734 3882 agmina
755 3802 947 3859 armatorum
968 3812 1044 3856 con-

80 3897 166 3957 rent
183 3886 300 3954 relictis
319 3888 506 3955 stationibus
524 3890 590 3955 suis
608 3890 649 3953 ad
671 3888 737 3954 vim
759 3897 791 3955 et
807 3888 961 3975 Mpetum
978 3887 1045 3956 Ro-
