2528 4514
138 222 204 291 246
407 230 527 289 amna
544 230 642 303 xxv,
661 232 704 287 ar.
724 234 798 302 [aa
809 230 907 304 csta]

107 418 121 466 1
204 389 356 459 XXVII.
399 388 517 455 Deletc
535 390 673 455 terrestri
690 388 813 456 Punico
829 391 973 456 exercitu

139 486 345 575 Hippocratis
367 484 482 551 milites
504 482 669 572 fucrant,[
674 533 763 550 .....
768 483 784 571 ]
807 485 894 550 haud
915 509 976 572 may

140 594 281 651 ceterum
299 589 331 645 et
348 579 411 645 situ
428 587 460 644 et
476 579 678 644 munimentis
696 588 777 658 tuta,
806 580 866 646 tria
882 580 971 646 milia

142 676 326 763 Syracusis,
349 674 482 740 alterum
500 673 678 758 quindecim
697 673 797 741 abest.
842 696 881 742 ec
899 685 931 740 et
949 698 976 742 c<

107 795 123 843 a
141 769 322 839 civitatibus
341 769 408 835 suis
427 769 664 854 comportabant
687 778 718 835 et
739 770 857 836 auxilia
874 791 976 837 accere

142 875 228 933 terea
244 864 405 931 Bomilcar
421 865 535 931 iterum
554 886 627 929 oum
644 865 746 930 chose
763 865 926 952 profectus
941 866 976 932 C:

142 960 187 1026 ita
204 959 347 1046 exposita
368 958 495 1024 fortuna
516 958 688 1038 sociorum,
715 968 750 1023 ut
772 982 862 1045 spem
884 959 976 1026 facer«

141 1063 236 1129 modo
255 1061 424 1128 salutarem
445 1083 538 1148 opem
560 1060 635 1127 ferri
656 1084 765 1147 posse,
794 1063 851 1128 sed
866 1063 976 1129 Roma

108 1159 176 1227 sin
193 1167 285 1245 capta
302 1158 441 1242 quodam
462 1156 558 1222 modo
579 1155 657 1222 urhe
679 1158 763 1243 capi,
790 1158 941 1244 perpulit,
970 1183 976 1222 ι

142 1274 240 1318 naves
263 1273 359 1337 quam
379 1250 542 1338 plurumas
569 1251 655 1316 omni
677 1252 767 1337 copia
788 1274 894 1318 rerum
916 1276 976 1319 onu

107 1346 301 1414 tmitterent
319 1346 516 1430 classemque
539 1368 630 1411 suam
652 1356 813 1431 augerent.
857 1347 956 1433 igitur

141 1442 231 1528 ginta
255 1441 391 1507 navibus
417 1440 535 1528 longis,
572 1440 779 1528 septingentis
806 1445 945 1508 oneraris
973 1465 976 1528 j

144 1535 337 1622 Carthagine
356 1535 432 1601 satis
449 1556 616 1621 prosperos
634 1547 746 1600 ventos
764 1536 805 1600 ad
823 1537 975 1602 traiciend

141 1632 218 1697 liam
243 1630 363 1697 hahuit.
417 1629 579 1696 sedidem
605 1631 691 1695 venti
717 1652 865 1716 superare
893 1653 966 1697 eum

110 1723 361 1812 5prohibebant.
421 1722 609 1789 Bomilcaris
644 1723 798 1789 adventus
833 1724 920 1791 fama
955 1749 976 1811 p

143 1828 268 1906 praeter
285 1840 374 1904 spem
391 1840 480 1883 mora
497 1841 569 1883 cum
587 1818 739 1904 gaudium
758 1828 788 1883 et
805 1829 926 1884 metum
944 1821 976 1884 in

110 1913 244 1985 amanis
277 1910 549 1998 Syracusanisque
579 1912 793 1998 praebuisset,
829 1913 975 2000 Epicyde

141 2029 198 2086 ne,
235 2007 262 2072 si
287 2015 454 2093 pergerent
483 2006 567 2072 idem
593 2008 648 2091 qui
673 2017 742 2072 tum
767 2007 917 2074 tenebant
944 2009 976 2075 al

142 2101 219 2167 flare
244 2123 301 2186 per
326 2101 393 2166 dies
419 2100 526 2186 plures
552 2101 650 2178 venti,
677 2101 788 2166 classis
814 2100 938 2170 Punica
960 2102 976 2168 l

109 2205 275 2283 rpeteret,
303 2195 417 2261 tradita
441 2194 624 2261 Achradina
650 2198 934 2262 mercennariorum
962 2222 976 2263 r

109 2289 232 2362 acibus
251 2291 293 2355 ad
309 2289 521 2355 Bomilcarem
537 2292 674 2377 navigat.
720 2291 854 2357 classem
876 2292 910 2356 in
933 2304 976 2357 sta

141 2388 176 2451 in
201 2384 346 2451 Africam
372 2385 541 2451 habentem
568 2395 661 2470 atque
687 2387 849 2452 timentem
875 2389 976 2452 navah

141 2503 206 2546 non
223 2490 288 2545 tam
306 2480 392 2565 quod
413 2481 516 2566 impar
536 2480 656 2545 viribus
678 2492 732 2546 aut
753 2503 883 2546 numero
906 2484 976 2548 navi

142 2574 259 2660 quippe
279 2573 372 2638 etiam
389 2573 495 2660 plures
514 2573 700 2652 habebat—,
723 2597 818 2659 quam
836 2577 922 2660 quod
940 2599 976 2642 ve

142 2667 306 2733 Romanae
332 2689 427 2752 quam
454 2689 530 2734 suae
557 2669 651 2734 classi
677 2669 801 2748 flarent,
831 2671 971 2756 perpulit

110 2785 125 2832 a
143 2762 303 2828 fortunam
320 2763 441 2828 navalis
460 2764 638 2829 certaminis
657 2765 790 2850 experiri
807 2765 910 2831 vellet.
949 2778 976 2832 ct

145 2879 217 2922 cum
236 2867 267 2921 et
290 2854 433 2921 Siculum
456 2859 627 2924 exercitum
649 2882 688 2924 ex
707 2869 772 2925 tota
793 2860 897 2926 insula
915 2882 976 2926 con

144 2960 267 3015 etcum
283 2950 404 3038 ingenti
422 2963 599 3018 commeatu
617 2953 751 3031 classem
767 2953 922 3018 Punicam
942 2957 976 3020 ac'

144 3043 239 3109 simul
269 3053 351 3110 terra
381 3045 522 3131 marique
550 3046 691 3114 inclusus
722 3048 799 3114 urbe
830 3048 971 3114 hostium

144 3159 336 3224 quamquam
357 3139 459 3226 impar
480 3163 610 3207 numero
635 3141 764 3207 navium
787 3151 865 3221 erat,
898 3145 976 3228 proh

93 3247 127 3297 ιο
145 3230 376 3320 Syracusarum
400 3234 610 3300 Bomilcarem
637 3236 806 3302 constituit.
869 3237 953 3303 duae

144 3326 244 3394 festae
263 3329 346 3394 circa
362 3329 615 3414 promunturium
631 3329 818 3416 Pachynum
838 3330 976 3412 stabant,

94 3437 125 3486 11
144 3422 351 3507 tranquillitas
368 3424 463 3490 maris
481 3424 514 3489 in
531 3425 630 3489 altum
648 3425 804 3490 evenisset
822 3446 976 3492 concursu

144 3515 274 3581 cadente
301 3517 366 3582 iam
391 3540 480 3596 euro,
507 3519 562 3603 qui
582 3541 640 3604 per
665 3519 734 3584 dies
757 3519 876 3603 aliquot
899 3542 976 3586 saev

142 3608 303 3676 Bomilcar
320 3612 432 3691 movit,
451 3612 539 3678 cuius
557 3614 658 3699 primo
677 3613 787 3679 classis
804 3624 912 3699 petere
925 3616 976 3681 alh

93 3717 126 3768 12
144 3725 207 3788 quo
224 3704 348 3772 facilius
367 3717 528 3793 superaret
544 3709 804 3795 promunturium.
849 3719 976 3776 ceterun

144 3798 270 3866 tendere
288 3801 330 3866 ad
347 3823 382 3868 se
399 3801 560 3868 Romanas
582 3824 679 3868 naves
697 3803 789 3881 vidit,
817 3803 974 3871 incertum

143 3893 268 3960 territus
285 3917 319 3961 re
328 3895 488 3963 Bomilcar
504 3898 575 3963 vela
591 3898 625 3963 in
642 3897 740 3963 altum
758 3898 854 3978 dedit,
872 3899 976 3965 missis

143 3981 351 4069 Heracleam,
387 3991 441 4076 qui
467 3991 623 4060 onerarias
648 4003 731 4059 retro
762 3993 836 4060 inde
861 3991 976 4061 Africa
