<?xml version="1.0" encoding="UTF-8"?>
<!DOCTYPE html PUBLIC "-//W3C//DTD XHTML 1.0 Transitional//EN"
    "http://www.w3.org/TR/xhtml1/DTD/xhtml1-transitional.dtd">
<html xmlns="http://www.w3.org/1999/xhtml" xml:lang="en" lang="en">
 <head>
  <title>
</title>
<meta http-equiv="Content-Type" content="text/html;charset=utf-8" />
  <meta name='ocr-system' content='tesseract 3.04.00' />
  <meta name='ocr-capabilities' content='ocr_page ocr_carea ocr_par ocr_line ocrx_word'/>
</head>
<body>
  <div class='ocr_page' id='page_1' title='image "./titiliviaburbec00weisgoog_0290.png"; bbox 0 0 2528 4514; ppageno 0'>
   <div class='ocr_carea' id='block_1_1' title="bbox 146 195 942 274">
    <p class='ocr_par' dir='ltr' id='par_1_1' title="bbox 146 195 942 274">
     <span class='ocr_line' id='line_1_1' title="bbox 146 195 942 274; baseline -0.008 -13"><span class='ocrx_word' id='word_1_1' title='bbox 146 195 210 262; x_wconf 80' lang='lat'><strong>170</strong></span> <span class='ocrx_word' id='word_1_2' title='bbox 386 202 505 259; x_wconf 84' lang='lat' dir='ltr'>LIBER</span> <span class='ocrx_word' id='word_1_3' title='bbox 522 200 654 274; x_wconf 77' lang='lat' dir='ltr'><strong>XXIIII,</strong></span> <span class='ocrx_word' id='word_1_4' title='bbox 671 198 697 257; x_wconf 76' lang='lat' dir='ltr'><strong>b.</strong></span> <span class='ocrx_word' id='word_1_5' title='bbox 712 199 738 256; x_wconf 85' lang='grc'><strong>6.</strong></span> <span class='ocrx_word' id='word_1_6' title='bbox 756 202 795 270; x_wconf 80' lang='lat' dir='ltr'><strong>[a</strong></span> <span class='ocrx_word' id='word_1_7' title='bbox 806 197 942 269; x_wconf 71' lang='lat' dir='ltr'><strong>aean]</strong></span> 
     </span>
    </p>
   </div>
   <div class='ocr_carea' id='block_1_2' title="bbox 73 355 1097 3846">
    <p class='ocr_par' dir='ltr' id='par_1_2' title="bbox 73 355 1097 3846">
     <span class='ocr_line' id='line_1_2' title="bbox 93 355 1097 442; baseline -0.011 -7"><span class='ocrx_word' id='word_1_8' title='bbox 93 390 125 438; x_wconf 84' lang='lat'><strong>12</strong></span> <span class='ocrx_word' id='word_1_9' title='bbox 144 374 314 442; x_wconf 86' lang='lat' dir='ltr'><strong>ceraretur,</strong></span> <span class='ocrx_word' id='word_1_10' title='bbox 334 362 451 427; x_wconf 89' lang='lat' dir='ltr'><strong>victum</strong></span> <span class='ocrx_word' id='word_1_11' title='bbox 469 359 560 425; x_wconf 83' lang='lat' dir='ltr'><strong>malis</strong></span> <span class='ocrx_word' id='word_1_12' title='bbox 579 357 783 424; x_wconf 85' lang='lat' dir='ltr'><strong>assimulans</strong></span> <span class='ocrx_word' id='word_1_13' title='bbox 802 356 917 423; x_wconf 85' lang='lat' dir='ltr'><strong>avertit</strong></span> <span class='ocrx_word' id='word_1_14' title='bbox 933 355 973 423; x_wconf 88' lang='lat' dir='ltr'><strong>ab</strong></span> <span class='ocrx_word' id='word_1_15' title='bbox 991 358 1097 424; x_wconf 86' lang='lat' dir='ltr'><strong>conscii</strong></span> 
     </span>
     <span class='ocr_line' id='line_1_3' title="bbox 98 452 1097 533; baseline -0.009 -6"><span class='ocrx_word' id='word_1_16' title='bbox 98 486 101 493; x_wconf 59' lang='lat'><strong><em>⁴</em></strong></span> <span class='ocrx_word' id='word_1_17' title='bbox 142 461 282 526; x_wconf 74' lang='lat' dir='ltr'><strong>insontes</strong></span> <span class='ocrx_word' id='word_1_18' title='bbox 301 454 465 533; x_wconf 91' lang='lat' dir='ltr'><strong>indicium,</strong></span> <span class='ocrx_word' id='word_1_19' title='bbox 485 453 682 519; x_wconf 78' lang='lat' dir='ltr'><strong>Thrasonem</strong></span> <span class='ocrx_word' id='word_1_20' title='bbox 695 474 766 519; x_wconf 89' lang='lat' dir='ltr'><strong>esse</strong></span> <span class='ocrx_word' id='word_1_21' title='bbox 783 461 947 519; x_wconf 86' lang='lat' dir='ltr'><strong>auctorem</strong></span> <span class='ocrx_word' id='word_1_22' title='bbox 962 452 1097 523; x_wconf 77' lang='lat' dir='ltr'><strong>consilia</strong></span> 
     </span>
     <span class='ocr_line' id='line_1_4' title="bbox 143 545 1097 633; baseline -0.007 -15"><span class='ocrx_word' id='word_1_23' title='bbox 143 554 237 631; x_wconf 89' lang='lat' dir='ltr'><strong>titus,</strong></span> <span class='ocrx_word' id='word_1_24' title='bbox 274 573 332 616; x_wconf 91' lang='lat' dir='ltr'><strong>nec</strong></span> <span class='ocrx_word' id='word_1_25' title='bbox 363 548 424 613; x_wconf 91' lang='lat' dir='ltr'><strong>nisi</strong></span> <span class='ocrx_word' id='word_1_26' title='bbox 455 557 520 612; x_wconf 87' lang='lat' dir='ltr'><strong>tam</strong></span> <span class='ocrx_word' id='word_1_27' title='bbox 546 547 665 633; x_wconf 88' lang='lat' dir='ltr'><strong>potenti</strong></span> <span class='ocrx_word' id='word_1_28' title='bbox 692 547 771 611; x_wconf 92' lang='lat' dir='ltr'><strong>duce</strong></span> <span class='ocrx_word' id='word_1_29' title='bbox 798 545 937 612; x_wconf 86' lang='lat' dir='ltr'><strong>confisos</strong></span> <span class='ocrx_word' id='word_1_30' title='bbox 965 567 1033 615; x_wconf 85' lang='lat' dir='ltr'><strong>rem</strong></span> <span class='ocrx_word' id='word_1_31' title='bbox 1054 555 1097 611; x_wconf 84' lang='lat' dir='ltr'><strong>tan</strong></span> 
     </span>
     <span class='ocr_line' id='line_1_5' title="bbox 94 640 1097 731; baseline -0.007 -19"><span class='ocrx_word' id='word_1_32' title='bbox 94 671 127 720; x_wconf 78' lang='lat'><strong>13</strong></span> <span class='ocrx_word' id='word_1_33' title='bbox 145 669 291 723; x_wconf 90' lang='lat' dir='ltr'><strong>ausuros,</strong></span> <span class='ocrx_word' id='word_1_34' title='bbox 320 640 495 731; x_wconf 89' lang='lat' dir='ltr'><strong>[appellat]</strong></span> <span class='ocrx_word' id='word_1_35' title='bbox 515 641 554 707; x_wconf 88' lang='lat' dir='ltr'><strong>ab</strong></span> <span class='ocrx_word' id='word_1_36' title='bbox 577 641 674 706; x_wconf 88' lang='lat' dir='ltr'><strong>latere</strong></span> <span class='ocrx_word' id='word_1_37' title='bbox 692 641 831 726; x_wconf 83' lang='lat' dir='ltr'><strong>tyranni,</strong></span> <span class='ocrx_word' id='word_1_38' title='bbox 858 662 995 725; x_wconf 85' lang='lat' dir='ltr'><strong>quorum</strong></span> <span class='ocrx_word' id='word_1_39' title='bbox 1012 640 1097 726; x_wconf 86' lang='lat' dir='ltr'><strong>capita</strong></span> 
     </span>
     <span class='ocr_line' id='line_1_6' title="bbox 96 736 1097 827; baseline -0.007 -20"><span class='ocrx_word' id='word_1_40' title='bbox 96 793 99 799; x_wconf 87' lang='lat'><em>.</em></span> <span class='ocrx_word' id='word_1_41' title='bbox 142 741 265 807; x_wconf 90' lang='lat' dir='ltr'><strong>lissima</strong></span> <span class='ocrx_word' id='word_1_42' title='bbox 273 738 406 827; x_wconf 85' lang='lat' dir='ltr'><strong>fingenti</strong></span> <span class='ocrx_word' id='word_1_43' title='bbox 418 738 499 802; x_wconf 90' lang='lat' dir='ltr'><strong>inter</strong></span> <span class='ocrx_word' id='word_1_44' title='bbox 507 737 632 802; x_wconf 88' lang='lat' dir='ltr'><strong>dolores</strong></span> <span class='ocrx_word' id='word_1_45' title='bbox 640 736 841 821; x_wconf 85' lang='lat' dir='ltr'><strong>gemitusque</strong></span> <span class='ocrx_word' id='word_1_46' title='bbox 850 756 1024 808; x_wconf 85' lang='lat' dir='ltr'><strong>occurrere.</strong></span> <span class='ocrx_word' id='word_1_47' title='bbox 1042 758 1097 800; x_wconf 84' lang='lat' dir='ltr'><strong>mar</strong></span> 
     </span>
     <span class='ocr_line' id='line_1_7' title="bbox 144 827 1097 921; baseline -0.007 -21"><span class='ocrx_word' id='word_1_48' title='bbox 144 835 248 900; x_wconf 90' lang='lat' dir='ltr'><strong>animo</strong></span> <span class='ocrx_word' id='word_1_49' title='bbox 266 832 390 921; x_wconf 78' lang='lat' dir='ltr'><strong>tyranni</strong></span> <span class='ocrx_word' id='word_1_50' title='bbox 407 830 555 897; x_wconf 81' lang='lat' dir='ltr'><strong>credibile</strong></span> <span class='ocrx_word' id='word_1_51' title='bbox 571 829 722 897; x_wconf 90' lang='lat' dir='ltr'><strong>indicium</strong></span> <span class='ocrx_word' id='word_1_52' title='bbox 741 828 865 895; x_wconf 84' lang='lat' dir='ltr'><strong>Thraso</strong></span> <span class='ocrx_word' id='word_1_53' title='bbox 887 827 1097 895; x_wconf 80' lang='lat' dir='ltr'><strong>nominatnsl</strong></span> 
     </span>
     <span class='ocr_line' id='line_1_8' title="bbox 144 925 1097 1013; baseline -0.004 -19"><span class='ocrx_word' id='word_1_54' title='bbox 144 931 249 1013; x_wconf 88' lang='lat' dir='ltr'><strong>itaque</strong></span> <span class='ocrx_word' id='word_1_55' title='bbox 268 927 425 1012; x_wconf 86' lang='lat' dir='ltr'><strong>extemplo</strong></span> <span class='ocrx_word' id='word_1_56' title='bbox 444 926 576 1007; x_wconf 84' lang='lat' dir='ltr'><strong>traditur</strong></span> <span class='ocrx_word' id='word_1_57' title='bbox 592 926 634 991; x_wconf 85' lang='lat' dir='ltr'><strong>ad</strong></span> <span class='ocrx_word' id='word_1_58' title='bbox 647 925 851 1011; x_wconf 87' lang='lat' dir='ltr'><strong>supplicium,</strong></span> <span class='ocrx_word' id='word_1_59' title='bbox 870 925 1048 1010; x_wconf 81' lang='lat' dir='ltr'><strong>adiectique</strong></span> <span class='ocrx_word' id='word_1_60' title='bbox 1059 946 1097 1010; x_wconf 79' lang='lat' dir='ltr'><strong>po</strong></span> 
     </span>
     <span class='ocr_line' id='line_1_9' title="bbox 94 1020 1097 1099; baseline -0.004 -11"><span class='ocrx_word' id='word_1_61' title='bbox 94 1049 128 1098; x_wconf 81' lang='lat'><strong>14</strong></span> <span class='ocrx_word' id='word_1_62' title='bbox 146 1023 241 1089; x_wconf 86' lang='lat' dir='ltr'><strong>ceteri</strong></span> <span class='ocrx_word' id='word_1_63' title='bbox 257 1023 346 1088; x_wconf 88' lang='lat' dir='ltr'><strong>iuxta</strong></span> <span class='ocrx_word' id='word_1_64' title='bbox 362 1022 512 1087; x_wconf 83' lang='lat' dir='ltr'><strong>insontes.</strong></span> <span class='ocrx_word' id='word_1_65' title='bbox 557 1021 754 1087; x_wconf 88' lang='lat' dir='ltr'><strong>consciorum</strong></span> <span class='ocrx_word' id='word_1_66' title='bbox 772 1042 881 1099; x_wconf 89' lang='lat' dir='ltr'><strong>nemo,</strong></span> <span class='ocrx_word' id='word_1_67' title='bbox 910 1042 984 1085; x_wconf 86' lang='lat' dir='ltr'><strong>cum</strong></span> <span class='ocrx_word' id='word_1_68' title='bbox 1003 1020 1056 1084; x_wconf 90' lang='lat' dir='ltr'><strong>diu</strong></span> <span class='ocrx_word' id='word_1_69' title='bbox 1070 1040 1097 1085; x_wconf 89' lang='lat' dir='ltr'><strong>su</strong></span> 
     </span>
     <span class='ocr_line' id='line_1_10' title="bbox 144 1114 1097 1201; baseline -0.005 -17"><span class='ocrx_word' id='word_1_70' title='bbox 144 1117 255 1184; x_wconf 87' lang='lat' dir='ltr'><strong>consili</strong></span> <span class='ocrx_word' id='word_1_71' title='bbox 276 1125 486 1201; x_wconf 86' lang='lat' dir='ltr'><strong>torqueretur,</strong></span> <span class='ocrx_word' id='word_1_72' title='bbox 514 1127 568 1180; x_wconf 91' lang='lat' dir='ltr'><strong>aut</strong></span> <span class='ocrx_word' id='word_1_73' title='bbox 595 1115 687 1181; x_wconf 90' lang='lat' dir='ltr'><strong>latuit</strong></span> <span class='ocrx_word' id='word_1_74' title='bbox 712 1126 767 1180; x_wconf 89' lang='lat' dir='ltr'><strong>aut</strong></span> <span class='ocrx_word' id='word_1_75' title='bbox 788 1115 885 1201; x_wconf 84' lang='lat' dir='ltr'><strong>fugit:</strong></span> <span class='ocrx_word' id='word_1_76' title='bbox 914 1125 1038 1183; x_wconf 89' lang='lat' dir='ltr'><strong>tantum</strong></span> <span class='ocrx_word' id='word_1_77' title='bbox 1061 1114 1097 1179; x_wconf 91' lang='lat' dir='ltr'><strong>illi</strong></span> 
     </span>
     <span class='ocr_line' id='line_1_11' title="bbox 143 1211 1090 1296; baseline -0.003 -16"><span class='ocrx_word' id='word_1_78' title='bbox 143 1215 257 1280; x_wconf 86' lang='lat' dir='ltr'><strong>virtute</strong></span> <span class='ocrx_word' id='word_1_79' title='bbox 288 1235 326 1279; x_wconf 86' lang='lat' dir='ltr'><strong>ac</strong></span> <span class='ocrx_word' id='word_1_80' title='bbox 356 1213 418 1277; x_wconf 90' lang='lat' dir='ltr'><strong>fide</strong></span> <span class='ocrx_word' id='word_1_81' title='bbox 445 1211 602 1276; x_wconf 83' lang='lat' dir='ltr'><strong>Theodoti</strong></span> <span class='ocrx_word' id='word_1_82' title='bbox 631 1211 764 1276; x_wconf 87' lang='lat' dir='ltr'><strong>fiduciae</strong></span> <span class='ocrx_word' id='word_1_83' title='bbox 795 1211 874 1288; x_wconf 85' lang='lat' dir='ltr'><strong>fuit,</strong></span> <span class='ocrx_word' id='word_1_84' title='bbox 910 1220 1090 1296; x_wconf 87' lang='lat' dir='ltr'><strong>tantumque</strong></span> 
     </span>
     <span class='ocr_line' id='line_1_12' title="bbox 101 1304 845 1372; baseline -0.004 1"><span class='ocrx_word' id='word_1_85' title='bbox 101 1334 104 1340; x_wconf 70' lang='grc'><strong>’</strong></span> <span class='ocrx_word' id='word_1_86' title='bbox 144 1307 309 1372; x_wconf 83' lang='lat' dir='ltr'><strong>Theodoto</strong></span> <span class='ocrx_word' id='word_1_87' title='bbox 327 1306 441 1371; x_wconf 87' lang='lat' dir='ltr'><strong>virium</strong></span> <span class='ocrx_word' id='word_1_88' title='bbox 459 1305 500 1370; x_wconf 87' lang='lat' dir='ltr'><strong>ad</strong></span> <span class='ocrx_word' id='word_1_89' title='bbox 517 1326 632 1370; x_wconf 88' lang='lat' dir='ltr'><strong>arcana</strong></span> <span class='ocrx_word' id='word_1_90' title='bbox 649 1304 845 1370; x_wconf 84' lang='lat' dir='ltr'><strong>occultanda.</strong></span> 
     </span>
     <span class='ocr_line' id='line_1_13' title="bbox 111 1399 1097 1483; baseline -0.003 -16"><span class='ocrx_word' id='word_1_91' title='bbox 111 1428 125 1474; x_wconf 91' lang='lat'>1</span> <span class='ocrx_word' id='word_1_92' title='bbox 208 1400 267 1467; x_wconf 90' lang='lat' dir='ltr'><strong>VI.</strong></span> <span class='ocrx_word' id='word_1_93' title='bbox 312 1399 377 1479; x_wconf 91' lang='lat' dir='ltr'><strong>Ita,</strong></span> <span class='ocrx_word' id='word_1_94' title='bbox 404 1399 490 1483; x_wconf 92' lang='lat' dir='ltr'><strong>quod</strong></span> <span class='ocrx_word' id='word_1_95' title='bbox 511 1422 610 1464; x_wconf 91' lang='lat' dir='ltr'><strong>unum</strong></span> <span class='ocrx_word' id='word_1_96' title='bbox 631 1399 792 1464; x_wconf 89' lang='lat' dir='ltr'><strong>vinculum</strong></span> <span class='ocrx_word' id='word_1_97' title='bbox 815 1421 887 1463; x_wconf 91' lang='lat' dir='ltr'><strong>oum</strong></span> <span class='ocrx_word' id='word_1_98' title='bbox 904 1399 1059 1464; x_wconf 86' lang='lat' dir='ltr'><strong>Romanis</strong></span> <span class='ocrx_word' id='word_1_99' title='bbox 1080 1423 1097 1464; x_wconf 84' lang='lat' dir='ltr'><strong>s</strong></span> 
     </span>
     <span class='ocr_line' id='line_1_14' title="bbox 144 1492 1097 1579; baseline -0.002 -18"><span class='ocrx_word' id='word_1_100' title='bbox 144 1497 219 1563; x_wconf 90' lang='lat' dir='ltr'><strong>tatis</strong></span> <span class='ocrx_word' id='word_1_101' title='bbox 246 1506 326 1573; x_wconf 90' lang='lat' dir='ltr'><strong>erat,</strong></span> <span class='ocrx_word' id='word_1_102' title='bbox 363 1494 527 1560; x_wconf 85' lang='lat' dir='ltr'><strong>Thrasone</strong></span> <span class='ocrx_word' id='word_1_103' title='bbox 554 1493 679 1560; x_wconf 88' lang='lat' dir='ltr'><strong>sublato</strong></span> <span class='ocrx_word' id='word_1_104' title='bbox 705 1517 723 1560; x_wconf 91' lang='lat' dir='ltr'><strong>e</strong></span> <span class='ocrx_word' id='word_1_105' title='bbox 749 1493 873 1571; x_wconf 93' lang='lat' dir='ltr'><strong>medio,</strong></span> <span class='ocrx_word' id='word_1_106' title='bbox 911 1493 1069 1579; x_wconf 85' lang='lat' dir='ltr'><strong>extemplo</strong></span> <span class='ocrx_word' id='word_1_107' title='bbox 1090 1492 1097 1559; x_wconf 94' lang='lat' dir='ltr'><strong>l</strong></span> 
     </span>
     <span class='ocr_line' id='line_1_15' title="bbox 107 1588 1097 1675; baseline -0.006 -15"><span class='ocrx_word' id='word_1_108' title='bbox 107 1615 126 1662; x_wconf 80' lang='lat' dir='ltr'><strong>a</strong></span> <span class='ocrx_word' id='word_1_109' title='bbox 146 1590 241 1657; x_wconf 91' lang='lat' dir='ltr'><strong>dubie</strong></span> <span class='ocrx_word' id='word_1_110' title='bbox 258 1590 300 1656; x_wconf 89' lang='lat' dir='ltr'><strong>ad</strong></span> <span class='ocrx_word' id='word_1_111' title='bbox 318 1590 527 1656; x_wconf 82' lang='lat' dir='ltr'><strong>defectionem</strong></span> <span class='ocrx_word' id='word_1_112' title='bbox 543 1612 594 1654; x_wconf 89' lang='lat' dir='ltr'><strong>res</strong></span> <span class='ocrx_word' id='word_1_113' title='bbox 613 1589 790 1675; x_wconf 82' lang='lat' dir='ltr'><strong>spectabat,</strong></span> <span class='ocrx_word' id='word_1_114' title='bbox 817 1588 978 1675; x_wconf 84' lang='lat' dir='ltr'><strong>legatique</strong></span> <span class='ocrx_word' id='word_1_115' title='bbox 1001 1590 1042 1654; x_wconf 92' lang='lat' dir='ltr'><strong>ad</strong></span> <span class='ocrx_word' id='word_1_116' title='bbox 1059 1588 1097 1654; x_wconf 74' lang='lat' dir='ltr'><strong>Hs</strong></span> 
     </span>
     <span class='ocr_line' id='line_1_16' title="bbox 144 1683 1097 1752; baseline -0.005 0"><span class='ocrx_word' id='word_1_117' title='bbox 144 1687 249 1752; x_wconf 74' lang='lat' dir='ltr'><strong>balena</strong></span> <span class='ocrx_word' id='word_1_118' title='bbox 280 1685 370 1750; x_wconf 88' lang='lat' dir='ltr'><strong>missi</strong></span> <span class='ocrx_word' id='word_1_119' title='bbox 399 1707 437 1750; x_wconf 87' lang='lat' dir='ltr'><strong>ao</strong></span> <span class='ocrx_word' id='word_1_120' title='bbox 467 1684 592 1750; x_wconf 86' lang='lat' dir='ltr'><strong>remissi</strong></span> <span class='ocrx_word' id='word_1_121' title='bbox 623 1684 663 1750; x_wconf 92' lang='lat' dir='ltr'><strong>ab</strong></span> <span class='ocrx_word' id='word_1_122' title='bbox 696 1707 733 1750; x_wconf 93' lang='lat' dir='ltr'><strong>eo</strong></span> <span class='ocrx_word' id='word_1_123' title='bbox 765 1705 837 1749; x_wconf 92' lang='lat' dir='ltr'><strong>cum</strong></span> <span class='ocrx_word' id='word_1_124' title='bbox 867 1683 1052 1750; x_wconf 81' lang='lat' dir='ltr'><strong>Hannibale</strong></span> <span class='ocrx_word' id='word_1_125' title='bbox 1082 1707 1097 1747; x_wconf 88' lang='lat' dir='ltr'><strong>n</strong></span> 
     </span>
     <span class='ocr_line' id='line_1_17' title="bbox 145 1777 1097 1866; baseline -0.001 -21"><span class='ocrx_word' id='word_1_126' title='bbox 145 1780 345 1859; x_wconf 79' lang='lat' dir='ltr'><strong>adulescente</strong></span> <span class='ocrx_word' id='word_1_127' title='bbox 362 1778 574 1864; x_wconf 82' lang='lat' dir='ltr'><strong>Hippocrates</strong></span> <span class='ocrx_word' id='word_1_128' title='bbox 593 1787 625 1843; x_wconf 88' lang='lat' dir='ltr'><strong>et</strong></span> <span class='ocrx_word' id='word_1_129' title='bbox 641 1778 802 1864; x_wconf 83' lang='lat' dir='ltr'><strong>Epicydes</strong></span> <span class='ocrx_word' id='word_1_130' title='bbox 820 1778 887 1843; x_wconf 89' lang='lat' dir='ltr'><strong>nati</strong></span> <span class='ocrx_word' id='word_1_131' title='bbox 900 1777 1097 1866; x_wconf 78' lang='lat' dir='ltr'><strong>Carthagine,</strong></span> 
     </span>
     <span class='ocr_line' id='line_1_18' title="bbox 145 1871 1097 1959; baseline 0 -21"><span class='ocrx_word' id='word_1_132' title='bbox 145 1872 270 1938; x_wconf 83' lang='lat' dir='ltr'><strong>oriundi</strong></span> <span class='ocrx_word' id='word_1_133' title='bbox 299 1873 340 1938; x_wconf 88' lang='lat' dir='ltr'><strong>ab</strong></span> <span class='ocrx_word' id='word_1_134' title='bbox 374 1871 540 1958; x_wconf 86' lang='lat' dir='ltr'><strong>Syracusis</strong></span> <span class='ocrx_word' id='word_1_135' title='bbox 572 1873 663 1938; x_wconf 86' lang='lat' dir='ltr'><strong>exulo</strong></span> <span class='ocrx_word' id='word_1_136' title='bbox 696 1895 775 1951; x_wconf 87' lang='lat' dir='ltr'><strong>avo,</strong></span> <span class='ocrx_word' id='word_1_137' title='bbox 815 1871 917 1938; x_wconf 87' lang='lat' dir='ltr'><strong>Poeni</strong></span> <span class='ocrx_word' id='word_1_138' title='bbox 948 1872 1014 1959; x_wconf 89' lang='lat' dir='ltr'><strong>ipsi</strong></span> <span class='ocrx_word' id='word_1_139' title='bbox 1043 1881 1097 1938; x_wconf 86' lang='lat' dir='ltr'><strong>mat</strong></span> 
     </span>
     <span class='ocr_line' id='line_1_19' title="bbox 109 1965 1097 2056; baseline 0.001 -25"><span class='ocrx_word' id='word_1_140' title='bbox 109 1990 127 2038; x_wconf 81' lang='lat'><strong>3</strong></span> <span class='ocrx_word' id='word_1_141' title='bbox 146 1989 271 2056; x_wconf 81' lang='lat' dir='ltr'><strong>genere.</strong></span> <span class='ocrx_word' id='word_1_142' title='bbox 306 1989 363 2052; x_wconf 90' lang='lat' dir='ltr'><strong>per</strong></span> <span class='ocrx_word' id='word_1_143' title='bbox 380 1966 439 2032; x_wconf 86' lang='lat' dir='ltr'><strong>hos</strong></span> <span class='ocrx_word' id='word_1_144' title='bbox 457 1967 563 2032; x_wconf 85' lang='lat' dir='ltr'><strong>iuncta</strong></span> <span class='ocrx_word' id='word_1_145' title='bbox 581 1967 715 2033; x_wconf 87' lang='lat' dir='ltr'><strong>societas</strong></span> <span class='ocrx_word' id='word_1_146' title='bbox 732 1966 907 2033; x_wconf 89' lang='lat' dir='ltr'><strong>Hannibali</strong></span> <span class='ocrx_word' id='word_1_147' title='bbox 926 1989 963 2032; x_wconf 85' lang='lat' dir='ltr'><strong>ac</strong></span> <span class='ocrx_word' id='word_1_148' title='bbox 980 1965 1097 2054; x_wconf 87' lang='lat' dir='ltr'><strong>Syracu</strong></span> 
     </span>
     <span class='ocr_line' id='line_1_20' title="bbox 97 2059 1097 2148; baseline 0 -22"><span class='ocrx_word' id='word_1_149' title='bbox 97 2088 100 2093; x_wconf 52' lang='lat'><em>⁴</em></span> <span class='ocrx_word' id='word_1_150' title='bbox 146 2071 293 2148; x_wconf 85' lang='lat' dir='ltr'><strong>tyranno,</strong></span> <span class='ocrx_word' id='word_1_151' title='bbox 319 2083 378 2125; x_wconf 88' lang='lat' dir='ltr'><strong>nec</strong></span> <span class='ocrx_word' id='word_1_152' title='bbox 395 2059 493 2125; x_wconf 83' lang='lat' dir='ltr'><strong>invito</strong></span> <span class='ocrx_word' id='word_1_153' title='bbox 511 2059 692 2126; x_wconf 87' lang='lat' dir='ltr'><strong>Hannibale</strong></span> <span class='ocrx_word' id='word_1_154' title='bbox 710 2071 785 2147; x_wconf 83' lang='lat' dir='ltr'><strong>aput</strong></span> <span class='ocrx_word' id='word_1_155' title='bbox 803 2071 970 2146; x_wconf 89' lang='lat' dir='ltr'><strong>tyrannum</strong></span> <span class='ocrx_word' id='word_1_156' title='bbox 991 2082 1097 2127; x_wconf 83' lang='lat' dir='ltr'><strong>manse</strong></span> 
     </span>
     <span class='ocr_line' id='line_1_21' title="bbox 109 2153 1097 2242; baseline -0.006 -16"><span class='ocrx_word' id='word_1_157' title='bbox 109 2179 128 2226; x_wconf 89' lang='grc'>4</span> <span class='ocrx_word' id='word_1_158' title='bbox 146 2155 273 2242; x_wconf 89' lang='lat' dir='ltr'><strong>Appius</strong></span> <span class='ocrx_word' id='word_1_159' title='bbox 288 2153 441 2221; x_wconf 89' lang='lat' dir='ltr'><strong>Claudius</strong></span> <span class='ocrx_word' id='word_1_160' title='bbox 459 2165 597 2241; x_wconf 89' lang='lat' dir='ltr'><strong>praetor,</strong></span> <span class='ocrx_word' id='word_1_161' title='bbox 616 2155 706 2220; x_wconf 94' lang='lat' dir='ltr'><strong>cuius</strong></span> <span class='ocrx_word' id='word_1_162' title='bbox 722 2155 830 2221; x_wconf 85' lang='lat' dir='ltr'><strong>Sicilia</strong></span> <span class='ocrx_word' id='word_1_163' title='bbox 847 2155 1013 2240; x_wconf 91' lang='lat' dir='ltr'><strong>provincia</strong></span> <span class='ocrx_word' id='word_1_164' title='bbox 1031 2163 1097 2232; x_wconf 82' lang='lat' dir='ltr'><strong>erat,</strong></span> 
     </span>
     <span class='ocr_line' id='line_1_22' title="bbox 146 2249 1072 2336; baseline -0.003 -19"><span class='ocrx_word' id='word_1_165' title='bbox 146 2273 185 2317; x_wconf 88' lang='lat' dir='ltr'><strong>ea</strong></span> <span class='ocrx_word' id='word_1_166' title='bbox 202 2250 335 2336; x_wconf 88' lang='lat' dir='ltr'><strong>accepit,</strong></span> <span class='ocrx_word' id='word_1_167' title='bbox 355 2251 512 2336; x_wconf 86' lang='lat' dir='ltr'><strong>extemplo</strong></span> <span class='ocrx_word' id='word_1_168' title='bbox 528 2250 650 2335; x_wconf 85' lang='lat' dir='ltr'><strong>legatos</strong></span> <span class='ocrx_word' id='word_1_169' title='bbox 669 2250 710 2315; x_wconf 83' lang='lat' dir='ltr'><strong>sd</strong></span> <span class='ocrx_word' id='word_1_170' title='bbox 727 2249 960 2334; x_wconf 88' lang='lat' dir='ltr'><strong>Hieronymum</strong></span> <span class='ocrx_word' id='word_1_171' title='bbox 979 2250 1072 2315; x_wconf 88' lang='lat' dir='ltr'><strong>misit</strong></span> 
     </span>
     <span class='ocr_line' id='line_1_23' title="bbox 145 2343 1097 2428; baseline -0.003 -18"><span class='ocrx_word' id='word_1_172' title='bbox 145 2367 217 2410; x_wconf 91' lang='lat' dir='ltr'><strong>cum</strong></span> <span class='ocrx_word' id='word_1_173' title='bbox 237 2367 306 2410; x_wconf 92' lang='lat' dir='ltr'><strong>sese</strong></span> <span class='ocrx_word' id='word_1_174' title='bbox 324 2344 365 2410; x_wconf 93' lang='lat' dir='ltr'><strong>ad</strong></span> <span class='ocrx_word' id='word_1_175' title='bbox 382 2345 594 2410; x_wconf 89' lang='lat' dir='ltr'><strong>renovandam</strong></span> <span class='ocrx_word' id='word_1_176' title='bbox 613 2344 793 2410; x_wconf 87' lang='lat' dir='ltr'><strong>societatem</strong></span> <span class='ocrx_word' id='word_1_177' title='bbox 812 2366 980 2428; x_wconf 91' lang='lat' dir='ltr'><strong>quaecum</strong></span> <span class='ocrx_word' id='word_1_178' title='bbox 997 2343 1097 2410; x_wconf 82' lang='lat' dir='ltr'><strong>avolo</strong></span> 
     </span>
     <span class='ocr_line' id='line_1_24' title="bbox 145 2439 1097 2524; baseline -0.002 -19"><span class='ocrx_word' id='word_1_179' title='bbox 145 2439 270 2505; x_wconf 89' lang='lat' dir='ltr'><strong>venisse</strong></span> <span class='ocrx_word' id='word_1_180' title='bbox 289 2440 441 2518; x_wconf 89' lang='lat' dir='ltr'><strong>dicerent,</strong></span> <span class='ocrx_word' id='word_1_181' title='bbox 469 2461 525 2524; x_wconf 87' lang='lat' dir='ltr'><strong>psr</strong></span> <span class='ocrx_word' id='word_1_182' title='bbox 542 2439 711 2510; x_wconf 89' lang='lat' dir='ltr'><strong>ludibrium</strong></span> <span class='ocrx_word' id='word_1_183' title='bbox 730 2439 829 2504; x_wconf 89' lang='lat' dir='ltr'><strong>auditi</strong></span> <span class='ocrx_word' id='word_1_184' title='bbox 846 2439 1034 2522; x_wconf 89' lang='lat' dir='ltr'><strong>dimissique</strong></span> <span class='ocrx_word' id='word_1_185' title='bbox 1052 2460 1097 2503; x_wconf 86' lang='lat' dir='ltr'><strong>sur</strong></span> 
     </span>
     <span class='ocr_line' id='line_1_25' title="bbox 109 2533 1097 2621; baseline -0.003 -21"><span class='ocrx_word' id='word_1_186' title='bbox 109 2558 127 2606; x_wconf 80' lang='lat'>5</span> <span class='ocrx_word' id='word_1_187' title='bbox 145 2544 314 2620; x_wconf 89' lang='lat' dir='ltr'><strong>quaerente</strong></span> <span class='ocrx_word' id='word_1_188' title='bbox 330 2556 388 2620; x_wconf 89' lang='lat' dir='ltr'><strong>per</strong></span> <span class='ocrx_word' id='word_1_189' title='bbox 405 2535 510 2599; x_wconf 91' lang='lat' dir='ltr'><strong>iocum</strong></span> <span class='ocrx_word' id='word_1_190' title='bbox 519 2533 727 2621; x_wconf 89' lang='lat' dir='ltr'><strong>Hieronymo,</strong></span> <span class='ocrx_word' id='word_1_191' title='bbox 746 2556 828 2617; x_wconf 88' lang='lat' dir='ltr'><strong>quae</strong></span> <span class='ocrx_word' id='word_1_192' title='bbox 846 2533 974 2599; x_wconf 88' lang='lat' dir='ltr'><strong>fortuna</strong></span> <span class='ocrx_word' id='word_1_193' title='bbox 993 2534 1039 2598; x_wconf 90' lang='lat' dir='ltr'><strong>eis</strong></span> <span class='ocrx_word' id='word_1_194' title='bbox 1056 2555 1097 2619; x_wconf 91' lang='lat' dir='ltr'><strong>pu</strong></span> 
     </span>
     <span class='ocr_line' id='line_1_26' title="bbox 144 2626 1097 2714; baseline -0.001 -20"><span class='ocrx_word' id='word_1_195' title='bbox 144 2630 187 2694; x_wconf 90' lang='lat' dir='ltr'><strong>ad</strong></span> <span class='ocrx_word' id='word_1_196' title='bbox 206 2628 333 2694; x_wconf 89' lang='lat' dir='ltr'><strong>Cannas</strong></span> <span class='ocrx_word' id='word_1_197' title='bbox 351 2628 479 2693; x_wconf 88' lang='lat' dir='ltr'><strong>fuisset:</strong></span> <span class='ocrx_word' id='word_1_198' title='bbox 497 2629 552 2693; x_wconf 84' lang='lat' dir='ltr'><strong>vix</strong></span> <span class='ocrx_word' id='word_1_199' title='bbox 570 2628 731 2694; x_wconf 90' lang='lat' dir='ltr'><strong>credibilia</strong></span> <span class='ocrx_word' id='word_1_200' title='bbox 749 2629 831 2693; x_wconf 83' lang='lat' dir='ltr'><strong>enim</strong></span> <span class='ocrx_word' id='word_1_201' title='bbox 849 2627 972 2714; x_wconf 85' lang='lat' dir='ltr'><strong>legatos</strong></span> <span class='ocrx_word' id='word_1_202' title='bbox 992 2626 1097 2693; x_wconf 91' lang='lat' dir='ltr'><strong>Hanni</strong></span> 
     </span>
     <span class='ocr_line' id='line_1_27' title="bbox 145 2721 1097 2805; baseline 0.002 -20"><span class='ocrx_word' id='word_1_203' title='bbox 145 2744 288 2800; x_wconf 86' lang='lat' dir='ltr'><strong>narrare3</strong></span> <span class='ocrx_word' id='word_1_204' title='bbox 319 2721 400 2786; x_wconf 86' lang='lat' dir='ltr'><strong>velle</strong></span> <span class='ocrx_word' id='word_1_205' title='bbox 418 2723 496 2805; x_wconf 91' lang='lat' dir='ltr'><strong>quid</strong></span> <span class='ocrx_word' id='word_1_206' title='bbox 514 2723 580 2788; x_wconf 90' lang='lat' dir='ltr'><strong>veri</strong></span> <span class='ocrx_word' id='word_1_207' title='bbox 598 2723 638 2788; x_wconf 85' lang='lat' dir='ltr'><strong>sit</strong></span> <span class='ocrx_word' id='word_1_208' title='bbox 657 2723 750 2800; x_wconf 90' lang='lat' dir='ltr'><strong>scire,</strong></span> <span class='ocrx_word' id='word_1_209' title='bbox 778 2732 870 2787; x_wconf 82' lang='lat' dir='ltr'><strong>ulex</strong></span> <span class='ocrx_word' id='word_1_210' title='bbox 889 2744 942 2800; x_wconf 90' lang='lat' dir='ltr'><strong>eo,</strong></span> <span class='ocrx_word' id='word_1_211' title='bbox 969 2732 1073 2787; x_wconf 89' lang='lat' dir='ltr'><strong>utram</strong></span> <span class='ocrx_word' id='word_1_212' title='bbox 1089 2745 1097 2787; x_wconf 84' lang='grc' dir='ltr'><strong><em>ε</em></strong></span> 
     </span>
     <span class='ocr_line' id='line_1_28' title="bbox 109 2815 1097 2904; baseline -0.006 -18"><span class='ocrx_word' id='word_1_213' title='bbox 109 2840 128 2887; x_wconf 83' lang='lat' dir='ltr'><strong>e</strong></span> <span class='ocrx_word' id='word_1_214' title='bbox 147 2826 309 2900; x_wconf 89' lang='lat' dir='ltr'><strong>sequatur,</strong></span> <span class='ocrx_word' id='word_1_215' title='bbox 329 2815 494 2881; x_wconf 88' lang='lat' dir='ltr'><strong>consilium</strong></span> <span class='ocrx_word' id='word_1_216' title='bbox 512 2817 624 2904; x_wconf 90' lang='lat' dir='ltr'><strong>capiat.</strong></span> <span class='ocrx_word' id='word_1_217' title='bbox 651 2817 796 2896; x_wconf 87' lang='lat' dir='ltr'><strong>Romani,</strong></span> <span class='ocrx_word' id='word_1_218' title='bbox 816 2838 888 2883; x_wconf 87' lang='lat' dir='ltr'><strong>curn</strong></span> <span class='ocrx_word' id='word_1_219' title='bbox 908 2816 991 2883; x_wconf 87' lang='lat' dir='ltr'><strong>serio</strong></span> <span class='ocrx_word' id='word_1_220' title='bbox 1008 2815 1097 2904; x_wconf 84' lang='lat' dir='ltr'><strong>legati</strong></span> 
     </span>
     <span class='ocr_line' id='line_1_29' title="bbox 147 2910 1086 2996; baseline 0 -21"><span class='ocrx_word' id='word_1_221' title='bbox 147 2910 255 2976; x_wconf 91' lang='lat' dir='ltr'><strong>audire</strong></span> <span class='ocrx_word' id='word_1_222' title='bbox 273 2910 442 2996; x_wconf 89' lang='lat' dir='ltr'><strong>coepisset,</strong></span> <span class='ocrx_word' id='word_1_223' title='bbox 468 2912 623 2978; x_wconf 88' lang='lat' dir='ltr'><strong>redituros</strong></span> <span class='ocrx_word' id='word_1_224' title='bbox 643 2935 677 2978; x_wconf 90' lang='lat' dir='ltr'><strong>se</strong></span> <span class='ocrx_word' id='word_1_225' title='bbox 695 2913 735 2978; x_wconf 90' lang='lat' dir='ltr'><strong>ad</strong></span> <span class='ocrx_word' id='word_1_226' title='bbox 753 2935 826 2978; x_wconf 91' lang='lat' dir='ltr'><strong>eum</strong></span> <span class='ocrx_word' id='word_1_227' title='bbox 843 2912 984 2977; x_wconf 88' lang='lat' dir='ltr'><strong>dicentes</strong></span> <span class='ocrx_word' id='word_1_228' title='bbox 1004 2933 1086 2988; x_wconf 90' lang='lat' dir='ltr'><strong>esse,</strong></span> 
     </span>
     <span class='ocr_line' id='line_1_30' title="bbox 92 3005 1097 3093; baseline -0.001 -23"><span class='ocrx_word' id='word_1_229' title='bbox 92 3029 97 3058; x_wconf 85' lang='lat'><strong>-·</strong></span> <span class='ocrx_word' id='word_1_230' title='bbox 146 3005 212 3070; x_wconf 90' lang='lat' dir='ltr'><strong>nito</strong></span> <span class='ocrx_word' id='word_1_231' title='bbox 240 3006 342 3093; x_wconf 82' lang='lat' dir='ltr'><strong>magis</strong></span> <span class='ocrx_word' id='word_1_232' title='bbox 370 3027 407 3071; x_wconf 90' lang='lat' dir='ltr'><strong>eo</strong></span> <span class='ocrx_word' id='word_1_233' title='bbox 434 3029 530 3090; x_wconf 93' lang='lat' dir='ltr'><strong>quam</strong></span> <span class='ocrx_word' id='word_1_234' title='bbox 555 3016 681 3093; x_wconf 88' lang='lat' dir='ltr'><strong>rogato,</strong></span> <span class='ocrx_word' id='word_1_235' title='bbox 708 3029 748 3071; x_wconf 91' lang='lat' dir='ltr'><strong>ne</strong></span> <span class='ocrx_word' id='word_1_236' title='bbox 775 3006 870 3071; x_wconf 90' lang='lat' dir='ltr'><strong>fidem</strong></span> <span class='ocrx_word' id='word_1_237' title='bbox 893 3016 1012 3071; x_wconf 85' lang='lat' dir='ltr'><strong>temere</strong></span> <span class='ocrx_word' id='word_1_238' title='bbox 1038 3014 1097 3070; x_wconf 88' lang='lat' dir='ltr'><strong>mut</strong></span> 
     </span>
     <span class='ocr_line' id='line_1_31' title="bbox 112 3098 1097 3187; baseline -0.005 -21"><span class='ocrx_word' id='word_1_239' title='bbox 112 3099 396 3186; x_wconf 73' lang='lat' dir='ltr'><strong>rproficiscuntur.</strong></span> <span class='ocrx_word' id='word_1_240' title='bbox 439 3101 655 3187; x_wconf 88' lang='lat' dir='ltr'><strong>Hieronymus</strong></span> <span class='ocrx_word' id='word_1_241' title='bbox 687 3102 809 3187; x_wconf 88' lang='lat' dir='ltr'><strong>legatos</strong></span> <span class='ocrx_word' id='word_1_242' title='bbox 838 3098 1066 3186; x_wconf 81' lang='lat' dir='ltr'><strong>Carthaginem</strong></span> <span class='ocrx_word' id='word_1_243' title='bbox 1093 3121 1097 3161; x_wconf 72' lang='lat' dir='ltr'><strong>r</strong></span> 
     </span>
     <span class='ocr_line' id='line_1_32' title="bbox 147 3194 1097 3278; baseline -0.001 -19"><span class='ocrx_word' id='word_1_244' title='bbox 147 3195 189 3260; x_wconf 92' lang='lat' dir='ltr'><strong>ad</strong></span> <span class='ocrx_word' id='word_1_245' title='bbox 205 3195 317 3261; x_wconf 86' lang='lat' dir='ltr'><strong>foedus</strong></span> <span class='ocrx_word' id='word_1_246' title='bbox 336 3217 375 3260; x_wconf 88' lang='lat' dir='ltr'><strong>ex</strong></span> <span class='ocrx_word' id='word_1_247' title='bbox 398 3196 546 3261; x_wconf 86' lang='lat' dir='ltr'><strong>societate</strong></span> <span class='ocrx_word' id='word_1_248' title='bbox 564 3219 637 3261; x_wconf 94' lang='lat' dir='ltr'><strong>cum</strong></span> <span class='ocrx_word' id='word_1_249' title='bbox 651 3195 834 3261; x_wconf 89' lang='lat' dir='ltr'><strong>Hannibale</strong></span> <span class='ocrx_word' id='word_1_250' title='bbox 852 3194 1044 3260; x_wconf 85' lang='lat' dir='ltr'><strong>faciendum.</strong></span> <span class='ocrx_word' id='word_1_251' title='bbox 1087 3215 1097 3278; x_wconf 71' lang='lat' dir='ltr'><strong>p</strong></span> 
     </span>
     <span class='ocr_line' id='line_1_33' title="bbox 147 3288 1097 3375; baseline -0.003 -22"><span class='ocrx_word' id='word_1_252' title='bbox 147 3290 306 3368; x_wconf 84' lang='lat' dir='ltr'><strong>con-venit,</strong></span> <span class='ocrx_word' id='word_1_253' title='bbox 325 3299 375 3368; x_wconf 92' lang='lat' dir='ltr'><strong>ut,</strong></span> <span class='ocrx_word' id='word_1_254' title='bbox 394 3312 467 3355; x_wconf 88' lang='lat' dir='ltr'><strong>cum</strong></span> <span class='ocrx_word' id='word_1_255' title='bbox 474 3289 636 3356; x_wconf 85' lang='lat' dir='ltr'><strong>Romanos</strong></span> <span class='ocrx_word' id='word_1_256' title='bbox 649 3288 758 3356; x_wconf 88' lang='lat' dir='ltr'><strong>Sicilia</strong></span> <span class='ocrx_word' id='word_1_257' title='bbox 775 3288 972 3375; x_wconf 86' lang='lat' dir='ltr'><strong>expulissent</strong></span> <span class='ocrx_word' id='word_1_258' title='bbox 985 3289 1058 3353; x_wconf 92' lang='lat' dir='ltr'><strong>-id</strong></span> <span class='ocrx_word' id='word_1_259' title='bbox 1075 3309 1097 3352; x_wconf 68' lang='lat' dir='ltr'><strong>a}</strong></span> 
     </span>
     <span class='ocr_line' id='line_1_34' title="bbox 146 3381 1097 3468; baseline -0.003 -19"><span class='ocrx_word' id='word_1_260' title='bbox 146 3382 236 3449; x_wconf 79' lang='lat' dir='ltr'><strong>brevi</strong></span> <span class='ocrx_word' id='word_1_261' title='bbox 253 3383 334 3461; x_wconf 87' lang='lat' dir='ltr'><strong>fore,</strong></span> <span class='ocrx_word' id='word_1_262' title='bbox 354 3384 380 3449; x_wconf 92' lang='lat' dir='ltr'><strong>si</strong></span> <span class='ocrx_word' id='word_1_263' title='bbox 398 3406 495 3450; x_wconf 82' lang='lat' dir='ltr'><strong>naves</strong></span> <span class='ocrx_word' id='word_1_264' title='bbox 514 3393 607 3468; x_wconf 90' lang='lat' dir='ltr'><strong>atque</strong></span> <span class='ocrx_word' id='word_1_265' title='bbox 626 3384 796 3449; x_wconf 86' lang='lat' dir='ltr'><strong>exercitum</strong></span> <span class='ocrx_word' id='word_1_266' title='bbox 814 3383 977 3449; x_wconf 89' lang='lat' dir='ltr'><strong>misissent</strong></span> <span class='ocrx_word' id='word_1_267' title='bbox 988 3419 1030 3461; x_wconf 90' lang='lat'><strong>-,</strong></span> <span class='ocrx_word' id='word_1_268' title='bbox 1049 3381 1097 3446; x_wconf 83' lang='lat' dir='ltr'><strong>Hi</strong></span> 
     </span>
     <span class='ocr_line' id='line_1_35' title="bbox 147 3475 1097 3566; baseline -0.004 -24"><span class='ocrx_word' id='word_1_269' title='bbox 147 3476 263 3555; x_wconf 90' lang='lat' dir='ltr'><strong>amnis,</strong></span> <span class='ocrx_word' id='word_1_270' title='bbox 282 3479 337 3561; x_wconf 90' lang='lat' dir='ltr'><strong>qui</strong></span> <span class='ocrx_word' id='word_1_271' title='bbox 354 3477 452 3543; x_wconf 83' lang='lat' dir='ltr'><strong>ferme</strong></span> <span class='ocrx_word' id='word_1_272' title='bbox 466 3478 576 3543; x_wconf 90' lang='lat' dir='ltr'><strong>dividit</strong></span> <span class='ocrx_word' id='word_1_273' title='bbox 591 3475 779 3566; x_wconf 90' lang='lat' dir='ltr'><strong>[Siciliam],</strong></span> <span class='ocrx_word' id='word_1_274' title='bbox 797 3476 869 3543; x_wconf 91' lang='lat' dir='ltr'><strong>finis</strong></span> <span class='ocrx_word' id='word_1_275' title='bbox 882 3477 974 3563; x_wconf 85' lang='lat' dir='ltr'><strong>regni</strong></span> <span class='ocrx_word' id='word_1_276' title='bbox 988 3475 1097 3563; x_wconf 83' lang='lat' dir='ltr'><strong>Syracr</strong></span> 
     </span>
     <span class='ocr_line' id='line_1_36' title="bbox 73 3569 1097 3659; baseline -0.004 -22"><span class='ocrx_word' id='word_1_277' title='bbox 73 3606 75 3610; x_wconf 95' lang='lat'>·</span> <span class='ocrx_word' id='word_1_278' title='bbox 113 3588 185 3637; x_wconf 80' lang='lat' dir='ltr'><strong>sac</strong></span> <span class='ocrx_word' id='word_1_279' title='bbox 206 3569 320 3636; x_wconf 90' lang='lat' dir='ltr'><strong>Punici</strong></span> <span class='ocrx_word' id='word_1_280' title='bbox 345 3572 468 3659; x_wconf 85' lang='lat' dir='ltr'><strong>imperii</strong></span> <span class='ocrx_word' id='word_1_281' title='bbox 494 3582 585 3638; x_wconf 90' lang='lat' dir='ltr'><strong>esset.</strong></span> <span class='ocrx_word' id='word_1_282' title='bbox 630 3573 723 3638; x_wconf 90' lang='lat' dir='ltr'><strong>aliam</strong></span> <span class='ocrx_word' id='word_1_283' title='bbox 746 3572 859 3637; x_wconf 89' lang='lat' dir='ltr'><strong>deinde</strong></span> <span class='ocrx_word' id='word_1_284' title='bbox 880 3571 1009 3637; x_wconf 89' lang='lat' dir='ltr'><strong>inflatus</strong></span> <span class='ocrx_word' id='word_1_285' title='bbox 1038 3571 1097 3635; x_wconf 81' lang='lat' dir='ltr'><strong>ads</strong></span> 
     </span>
     <span class='ocr_line' id='line_1_37' title="bbox 147 3663 1097 3750; baseline -0.001 -20"><span class='ocrx_word' id='word_1_286' title='bbox 147 3666 284 3731; x_wconf 84' lang='lat' dir='ltr'><strong>tionibus</strong></span> <span class='ocrx_word' id='word_1_287' title='bbox 303 3687 425 3744; x_wconf 87' lang='lat' dir='ltr'><strong>eorum,</strong></span> <span class='ocrx_word' id='word_1_288' title='bbox 444 3666 588 3750; x_wconf 86' lang='lat' dir='ltr'><strong>quicum</strong></span> <span class='ocrx_word' id='word_1_289' title='bbox 605 3690 668 3732; x_wconf 92' lang='lat' dir='ltr'><strong>non</strong></span> <span class='ocrx_word' id='word_1_290' title='bbox 676 3665 827 3732; x_wconf 89' lang='lat' dir='ltr'><strong>Hieronis</strong></span> <span class='ocrx_word' id='word_1_291' title='bbox 845 3675 982 3744; x_wconf 87' lang='lat' dir='ltr'><strong>tanturn,</strong></span> <span class='ocrx_word' id='word_1_292' title='bbox 1006 3675 1054 3730; x_wconf 90' lang='lat' dir='ltr'><strong>set</strong></span> <span class='ocrx_word' id='word_1_293' title='bbox 1066 3663 1097 3748; x_wconf 66' lang='lat' dir='ltr'><strong>P]</strong></span> 
     </span>
     <span class='ocr_line' id='line_1_38' title="bbox 148 3733 1097 3846; baseline -0.001 -23"><span class='ocrx_word' id='word_1_294' title='bbox 148 3760 242 3824; x_wconf 88' lang='lat' dir='ltr'><strong>etiam</strong></span> <span class='ocrx_word' id='word_1_295' title='bbox 263 3759 348 3846; x_wconf 88' lang='lat' dir='ltr'><strong>regis</strong></span> <span class='ocrx_word' id='word_1_296' title='bbox 371 3761 502 3826; x_wconf 87' lang='lat' dir='ltr'><strong>materni</strong></span> <span class='ocrx_word' id='word_1_297' title='bbox 525 3762 575 3828; x_wconf 83' lang='lat' dir='ltr'><strong>avi</strong></span> <span class='ocrx_word' id='word_1_298' title='bbox 596 3760 747 3827; x_wconf 89' lang='lat' dir='ltr'><strong>iubebant</strong></span> <span class='ocrx_word' id='word_1_299' title='bbox 734 3759 965 3838; x_wconf 89' lang='lat' dir='ltr'><strong>tmeminisse,</strong></span> <span class='ocrx_word' id='word_1_300' title='bbox 992 3733 1097 3846; x_wconf 76' lang='lat' dir='ltr'><strong>legatil</strong></span> 
     </span>
    </p>
   </div>
   <div class='ocr_carea' id='block_1_3' title="bbox 112 3851 1097 4027">
    <p class='ocr_par' dir='ltr' id='par_1_3' title="bbox 112 3851 1097 4027">
     <span class='ocr_line' id='line_1_39' title="bbox 148 3851 1097 3945; baseline 0 -29"><span class='ocrx_word' id='word_1_301' title='bbox 148 3853 247 3932; x_wconf 86' lang='lat' dir='ltr'><strong>misit,</strong></span> <span class='ocrx_word' id='word_1_302' title='bbox 274 3875 336 3938; x_wconf 92' lang='lat' dir='ltr'><strong>qua</strong></span> <span class='ocrx_word' id='word_1_303' title='bbox 353 3877 465 3920; x_wconf 90' lang='lat' dir='ltr'><strong>aecum</strong></span> <span class='ocrx_word' id='word_1_304' title='bbox 483 3856 630 3922; x_wconf 88' lang='lat' dir='ltr'><strong>censebat</strong></span> <span class='ocrx_word' id='word_1_305' title='bbox 650 3853 758 3920; x_wconf 90' lang='lat' dir='ltr'><strong>Sicilia</strong></span> <span class='ocrx_word' id='word_1_306' title='bbox 776 3855 837 3921; x_wconf 91' lang='lat' dir='ltr'><strong>sibi</strong></span> <span class='ocrx_word' id='word_1_307' title='bbox 855 3877 941 3920; x_wconf 89' lang='lat' dir='ltr'><strong>omm</strong></span> <span class='ocrx_word' id='word_1_308' title='bbox 931 3855 1044 3931; x_wconf 90' lang='lat' dir='ltr'><strong>cedi,</strong></span> <span class='ocrx_word' id='word_1_309' title='bbox 1070 3851 1097 3945; x_wconf 88' lang='lat' dir='ltr'><strong>It</strong></span> 
     </span>
     <span class='ocr_line' id='line_1_40' title="bbox 112 3939 1097 4027; baseline 0.001 -23"><span class='ocrx_word' id='word_1_310' title='bbox 112 3937 313 4022; x_wconf 75' lang='lat' dir='ltr'><strong>simperium</strong></span> <span class='ocrx_word' id='word_1_311' title='bbox 334 3941 495 4027; x_wconf 84' lang='lat' dir='ltr'><strong>proprium</strong></span> <span class='ocrx_word' id='word_1_312' title='bbox 518 3942 626 4026; x_wconf 90' lang='lat' dir='ltr'><strong>quaeri</strong></span> <span class='ocrx_word' id='word_1_313' title='bbox 649 3939 904 4026; x_wconf 86' lang='lat' dir='ltr'><strong>Carthaginiensi</strong></span> <span class='ocrx_word' id='word_1_314' title='bbox 925 3939 1097 4027; x_wconf 91' lang='lat' dir='ltr'><strong>populo</strong></span> 
     </span>
    </p>
   </div>
   <div class='ocr_carea' id='block_1_4' title="bbox 0 0 1268 4514">
    <p class='ocr_par' dir='ltr' id='par_1_4' title="bbox 0 0 1268 4514">
     <span class='ocr_line' id='line_1_41' title="bbox 0 0 1268 4514; baseline 0 0"><span class='ocrx_word' id='word_1_315' title='bbox 0 0 1268 4514; x_wconf 95' lang='lat' dir='ltr'><strong> </strong></span> 
     </span>
    </p>
   </div>
  </div>
 </body>
</html>
