2528 4514
126 236 170 303 66
363 248 483 307 ursus
501 248 602 321 xxu,
621 247 664 306 11.
679 247 721 304 ra.
740 244 926 321 [auocat]

94 408 220 479 stactis
246 409 334 496 prius
357 406 494 474 incensis
518 429 556 472 ac
578 405 724 494 frugibus
748 407 918 496 corruptis,
946 430 1015 473 ne·

129 505 220 592 copia
241 512 339 570 essett
366 503 435 590 ipse
457 503 511 568 via
532 501 690 567 Flaminia
710 502 872 588 profectus
894 502 1015 569 obviam

130 598 332 684 exercituque
350 620 422 663 cum
440 598 482 662 ad
495 596 636 662 Tiberim
654 597 738 662 circa
753 594 939 664 Ocriculum
952 621 1015 685 pror

130 716 245 782 agmen
267 691 492 776 consulemque
515 712 589 756 cum
612 689 771 776 equitibus
790 690 832 757 ad
850 714 884 758 se
902 714 1015 780 pregre

128 789 282 855 viatorem
298 786 385 854 misit
402 787 458 872 qui
475 786 596 852 consuli
613 787 785 866 nuntiaret,
804 797 840 853 ut
860 787 928 854 sine
945 789 1015 855 licto

96 902 112 950 6
131 884 315 949 dictatorem
336 881 465 946 veniam.
510 881 565 966 qui
589 903 660 946 cum
684 881 769 946 dicto
786 882 945 968 paruisset
963 904 1015 949 cor

128 1000 190 1063 que
209 992 317 1043 eomm
334 977 496 1065 ingentem
514 976 652 1062 speciem
671 975 844 1042 dictaturae
858 987 936 1064 aput
949 977 1015 1044 cive

128 1092 191 1157 que
212 1080 369 1137 vetustate
392 1071 455 1135 iarn
472 1090 571 1156 prope
589 1068 703 1135 oblitos
723 1070 790 1136 eius
809 1071 934 1158 imperii
950 1072 1014 1138 feci

129 1177 214 1234 terae
236 1165 276 1232 ab
298 1165 377 1232 urbe
400 1164 524 1230 adlatae
547 1174 635 1242 sunt,
663 1186 761 1231 naves
780 1167 938 1232 onerarias
956 1188 1015 1234 con

130 1262 169 1349 ab
194 1259 289 1328 Ostia
310 1260 344 1325 in
365 1259 556 1346 Hispaniam
579 1259 620 1324 ad
645 1260 817 1325 exercitum
839 1271 1003 1349 portantes

95 1355 251 1428 rPunica
272 1355 356 1420 circa
378 1365 504 1440 portum
529 1352 694 1418 Cosanum
717 1363 826 1440 captas
854 1376 935 1422 esse.
981 1357 1015 1421 itr

128 1451 246 1538 templo
270 1448 381 1514 consul
398 1445 527 1514 Ostiam
548 1447 707 1534 proficisci
722 1448 830 1516 iussus
848 1452 1015 1537 navibusqr

129 1546 169 1611 ad
186 1543 298 1610 urbem
313 1542 491 1609 Romanam
504 1552 559 1606 aut
574 1538 688 1608 Ostiae
702 1552 821 1623 essent,
841 1545 995 1632 conpletis
1013 1571 1015 1579 ⁴

129 1640 295 1707 navalibus
314 1637 408 1704 sociis
425 1636 574 1724 persequi
590 1634 729 1702 hostium
747 1637 882 1705 classem
901 1663 938 1705 ac
950 1640 1015 1706 litor

94 1756 110 1804 8
128 1734 231 1800 tutari.
259 1753 377 1819 magna
393 1732 442 1796 vis
460 1729 624 1796 hominum
642 1729 820 1818 conscripta
832 1732 956 1799 Romae
978 1758 1015 1800 en

128 1829 185 1893 tini
203 1827 313 1904 etiam,
331 1823 448 1910 quibus
465 1822 556 1890 liberi
574 1835 681 1890 essent
698 1834 729 1890 et
743 1837 830 1892 aetas
848 1828 1007 1908 militaris,

95 1945 109 1993 9
128 1925 317 1987 iuraverant.
362 1941 403 1984 ex
425 1919 487 1984 hoc
504 1917 625 1985 urbano
643 1919 783 1985 exercitu
800 1920 856 2006 qui
873 1921 1011 1988 minores

128 2025 160 2082 et
176 2014 306 2103 triginta
323 2013 414 2079 aunis
432 2021 521 2078 erant
537 2013 571 2078 in
587 2013 679 2078 navis
697 2012 839 2101 inpositi,
864 2015 918 2081 alii
934 2027 971 2082 ut
989 2034 1015 2081 tn

129 2111 268 2176 siderent
285 2108 393 2175 relicti.

95 2228 108 2274 1
193 2203 276 2269 XII.
321 2202 467 2268 Dictator
499 2203 639 2268 exercitu
671 2203 809 2270 consulis
842 2214 973 2292 accepto
1005 2230 1015 2271 a

126 2298 245 2366 Flacco
270 2298 376 2386 legato
398 2318 456 2384 per
479 2319 591 2384 agrum
616 2295 773 2363 Sabinum
795 2297 906 2378 Tibur,
934 2322 998 2385 quo

93 2416 108 2463 ι
128 2392 379 2460 conveniendum
398 2392 539 2457 edixerat
555 2391 646 2456 novis
665 2391 832 2471 militibus,
851 2394 947 2459 venit.
985 2397 1015 2459 in

126 2497 216 2554 ueste
235 2509 272 2553 ac
290 2486 478 2553 transversis
496 2486 649 2551 limitibus
666 2486 700 2551 in
718 2486 802 2552 viam
819 2488 972 2553 Latinam
991 2512 1015 2554 er

129 2606 193 2661 sus,
212 2583 296 2647 unde
311 2579 476 2647 itineribus
492 2602 617 2645 summa
630 2603 703 2646 oum
717 2603 792 2647 cura
806 2582 977 2668 exploratis
990 2606 1015 2649 a

127 2678 214 2742 ducit
226 2676 313 2742 nullo
327 2676 411 2754 loco,
430 2676 492 2741 nisi
505 2685 659 2760 quantum
673 2677 846 2743 necessitas
861 2687 1003 2764 cogeret,

94 2791 109 2839 3
129 2792 163 2837 se
187 2770 424 2835 commissurus.
469 2790 532 2854 quo
554 2770 690 2857 primum
712 2770 763 2836 die
787 2771 864 2837 haut
885 2772 998 2858 procul

129 2872 300 2950 conspectu
326 2863 466 2929 hostium
492 2864 599 2950 posuit
622 2875 725 2930 castra
747 2865 834 2931 nulla
855 2889 944 2932 mora
966 2867 1015 2932 fao

128 2959 257 3024 Poenus
283 2958 430 3024 educeret
455 2959 488 3023 in
514 2959 614 3024 aciem
642 2960 829 3045 copiamque
852 2963 1015 3048 pugnandi

93 3075 110 3120 4
129 3054 186 3120 sed
208 3052 264 3119 ubi
279 3053 389 3139 quieta
406 3054 512 3119 omnia
529 3065 606 3141 aput
623 3055 732 3121 hostes
750 3077 809 3121 nec
827 3065 931 3121 castra
948 3057 1013 3122 ullo

126 3159 212 3215 mota
229 3149 330 3228 videt,
345 3149 515 3236 increpans
529 3148 672 3234 quidem,
691 3151 792 3216 victos
810 3151 937 3216 tandem
956 3151 1014 3236 (qu

126 3246 187 3311 tios
210 3243 333 3310 animos
352 3242 507 3309 Romanis
525 3242 780 3330 debellatumque
800 3255 830 3311 et
848 3266 1015 3311 conoessur

93 3339 192 3407 alam
219 3339 258 3404 de
281 3338 397 3404 virtute
420 3360 457 3403 aa
480 3337 582 3426 gloria
599 3360 685 3418 esse,
712 3339 744 3405 in
767 3349 870 3405 castra
891 3339 1001 3418 rediit,

127 3431 223 3498 tacita
245 3453 320 3497 cura
343 3431 483 3498 animum
504 3431 668 3511 incensus,
695 3435 782 3519 quod
804 3457 877 3500 oum
899 3434 981 3499 duce
1003 3435 1015 3498 l

127 3549 224 3613 qnam
240 3526 399 3593 Flaminio
419 3525 669 3614 Sempronioque
693 3529 789 3594 simili
810 3529 859 3594 fut
847 3539 917 3594 tura
935 3527 1015 3595 sibi:

127 3644 165 3688 ac
190 3631 259 3687 tum
285 3622 414 3687 demum
442 3621 546 3688 edocti
574 3623 667 3689 malis
693 3623 830 3690 Romani
855 3646 965 3712 parem
992 3623 1015 3690 f

94 3736 110 3785 6
129 3717 243 3783 ducem
259 3717 469 3801 quaesissent.
506 3739 524 3783 e
524 3718 749 3804 tprudentiam
767 3719 895 3805 quidem
912 3719 987 3784 novi
1006 3741 1015 3784 ι

128 3811 286 3900 extemplo
308 3811 427 3891 timuit,
455 3813 663 3879 constantiam
690 3813 843 3880 hantdum
871 3825 1015 3902 expertus

129 3926 166 3970 ao
188 3915 341 3993 temptare
364 3907 504 3976 animum
528 3908 685 3974 movendo
709 3909 819 3975 crebro
842 3919 946 3976 castra
970 3932 1015 3997 po

96 4020 191 4084 uque
212 4000 246 4065 in
268 3999 368 4067 oculis
391 4001 459 4070 eius
477 4024 572 4089 agros
587 4002 747 4069 sociorum
766 4006 884 4092 coepit:
908 4015 939 4070 et
958 4029 1015 4073 mo
