2528 4514
125 215 168 282 22
360 223 478 281 arasa
494 222 582 294 xm,
600 221 721 278 ιιι-ιι.
741 224 817 291 [au.
828 221 927 292 asae]

126 385 218 452 donis
252 383 294 450 ad
323 403 420 448 naves
451 381 590 465 undique
625 376 853 444 contrahendas
888 377 1099 446 fabricandas«

128 479 222 546 simul
252 486 284 543 et
314 477 377 563 ipsi
404 475 493 541 traici
520 474 690 540 exercitum
716 472 877 558 levarique
903 494 1002 557 quam
1029 476 1099 562 prin

126 573 289 660 regionem
313 593 403 636 suam
425 578 512 635 tanta
532 568 696 635 hominum
718 575 850 654 urgente
872 567 967 635 turba
982 569 1099 656 cupieb

92 670 232 753 citaque
254 667 367 753 ingens
390 673 499 731 coacta
520 664 569 729 vis
591 663 721 729 navium
743 671 792 729 est
816 661 1023 750 lintriumque
1048 673 1099 730 ten

128 762 170 828 ad
195 760 361 827 vicinalem
387 781 481 826 usum
506 766 700 845 paratarum,
732 777 895 842 novasque
921 757 1001 824 alias
1029 759 1099 845 prin

95 879 109 927 9
129 853 216 923 Galli
240 853 424 920 inchoantes
447 852 603 918 cavabant
625 874 666 917 ex
688 850 820 939 singulis
843 851 1025 931 arboribus,
1054 853 1099 919 dei

128 954 161 1016 'et
181 950 243 1037 ipsi
260 948 374 1014 milites
393 947 487 1013 simul
505 948 596 1034 copia
613 945 762 1011 materiae
780 945 875 1011 simul
892 945 1044 1013 facilitate
1062 969 1099 1034 op

124 1044 250 1110 ¹inducti
271 1044 377 1109 alveos
399 1041 564 1119 informes,
592 1040 671 1105 nihil
692 1040 864 1105 dummodo
886 1040 997 1107 innare
1016 1063 1099 1127 aqua

126 1159 240 1225 capere
264 1159 358 1203 onera
374 1144 505 1224 possent
522 1144 682 1213 curantes,
704 1135 831 1221 raptim,
855 1134 970 1221 quibus
991 1158 1099 1202 sesua

129 1232 379 1310 transveherent,
398 1231 568 1298 faciebant.
995 1298 1000 1303 ,

96 1350 108 1396 1
191 1309 344 1392 XXVII.
389 1325 522 1410 Iamque
548 1323 694 1390 omnibus
723 1323 798 1389 satis
826 1323 1004 1409 conparatis
1029 1325 1099 1390 adt

128 1422 275 1488 mendum
292 1419 450 1487 terrebant
462 1442 502 1487 ex
515 1419 650 1486 adverso
662 1418 771 1484 hostes
785 1440 911 1484 omnem
925 1417 1029 1504 ripam
1043 1442 1099 1504 equ

94 1539 109 1586 a
128 1515 249 1601 virique
267 1514 454 1582 obtinentes.
495 1536 575 1599 quos
593 1522 629 1578 ut
645 1521 813 1592 averteret,
831 1511 1027 1580 Hannonem
1045 1514 1099 1580 Bo]

127 1610 209 1677 caris
239 1609 339 1675 filium
370 1608 479 1696 vigilia
508 1608 611 1696 prima
639 1607 739 1674 noctis
772 1629 844 1673 cum
874 1617 964 1694 parte
992 1609 1099 1696 copias

127 1704 264 1791 manime
277 1703 447 1790 Hispanis,
466 1703 600 1770 adverso
613 1701 742 1768 flumine
755 1701 801 1767 ire
813 1702 872 1767 iter
884 1702 978 1768 unius
999 1703 1061 1768 diei
1077 1704 1099 1767 it

95 1808 174 1878 aet,
200 1799 257 1864 ubi
276 1799 414 1884 primum
435 1799 550 1884 possit,
578 1821 673 1885 quam
695 1797 907 1864 occultissime
930 1797 1099 1864 traiectos

128 1893 361 1958 circumducere
384 1915 512 1981 agmen,
539 1904 588 1977 ut,
616 1915 688 1960 cum
710 1914 791 1979 opus
813 1892 900 1958 facto
922 1893 977 1970 sit,
1007 1895 1099 1960 adoris

93 2008 110 2053 4
128 1987 168 2053 ab
195 1998 284 2074 tergo
309 1986 443 2054 hostem.
484 1988 579 2054 adid
601 1988 666 2054 dati
687 1989 784 2054 duces
809 1985 894 2054 Galli
915 1988 1064 2068 edocent,
1088 1989 1099 2054 i

127 2081 214 2146 milia
236 2081 374 2166 quinque
396 2092 428 2147 et
449 2081 561 2168 viginti
583 2082 682 2147 ferme
705 2102 800 2167 supra
820 2104 937 2168 parvae
958 2082 1082 2150 insulae

128 2175 308 2241 cumfusum
323 2199 448 2241 amnem
464 2177 621 2256 latiorem,
640 2176 695 2241 ubi
712 2176 918 2256 dividebatur,
939 2200 1041 2262 eoque
1059 2179 1099 2244 mi

93 2271 190 2339 calto
213 2271 302 2337 alveo
325 2272 492 2337 transitum
513 2272 686 2338 ostendere.
726 2270 771 2337 ibi
788 2271 901 2358 raptim
921 2293 1018 2338 caesa
1035 2282 1099 2338 mat

125 2374 271 2451 ratesque
294 2364 479 2446 fabricatae,
506 2365 676 2452 inquibus
701 2367 773 2451 equi
796 2366 918 2450 virique
940 2375 971 2431 et
990 2367 1053 2432 alia
1069 2388 1099 2432 or

126 2461 338 2527 traicerentur.
383 2460 523 2547 Hispani
545 2460 612 2526 sine
630 2460 695 2525 ulla
711 2461 794 2526 mole
811 2461 845 2525 in
862 2469 948 2527 utres
966 2462 1099 2527 vestime

126 2554 274 2621 coniectis
297 2553 359 2640 ipsi
382 2555 493 2620 caetris
517 2554 720 2640 superpositis
744 2553 929 2620 incubantes
956 2554 1099 2621 flumen*

93 2669 108 2716 c
126 2671 251 2713 novere.
279 2659 310 2714 et
328 2649 407 2714 alius
426 2649 581 2715 exercitus
599 2649 718 2715 ratibus
736 2649 851 2715 iunctis
870 2648 1099 2735 traiectus,·cqa

126 2763 223 2828 prope
241 2742 358 2808 flumen
375 2743 500 2828 positis,
518 2754 671 2810 nocturno
689 2744 802 2810 itinere
821 2738 915 2829 atque
933 2747 1039 2831 operis
1056 2743 1099 2810 lal

127 2835 232 2902 fessus
255 2838 359 2922 quiete
381 2839 474 2904 unius
497 2840 560 2905 diei
581 2841 728 2921 reficitur,
755 2842 875 2907 intento
897 2844 978 2909 duce
1003 2845 1099 2910 adca

95 2951 109 2997 ι
128 2930 204 2995 lium
219 2941 393 3019 opportune
407 2936 652 3019 exsequendum.
677 2945 803 3022 postero
818 2937 869 3002 die
881 2936 1017 3023 profecti
1030 2959 1070 3004 ex
1081 2938 1099 3003 lt

126 3025 249 3110 prodito
272 3026 360 3092 fumo
385 3027 564 3116 significant
586 3031 738 3096 transisse
756 3039 787 3096 et
804 3030 891 3096 haud
908 3033 1099 3117 procul'abe

126 3120 211 3204 quod
225 3119 280 3187 ubi
294 3123 415 3208 accepit
423 3122 595 3203 Hannibal,
614 3147 655 3190 ne
668 3126 801 3211 tempori
814 3126 949 3203 deesset,
965 3125 1021 3192 dat
1037 3127 1099 3214 sign

92 3213 166 3286 aad
193 3215 407 3282 traiciendum.
447 3218 510 3283 iam
536 3227 662 3304 paratas
689 3228 874 3305 aptatasque
898 3219 1040 3286 habebat
1064 3242 1099 3308 pe

125 3306 249 3388 lintres,
276 3331 372 3395 eques
394 3310 462 3377 fere
484 3322 611 3398 propter
634 3334 731 3398 equos
754 3335 867 3394 naves3
894 3314 1026 3380 navium
1048 3336 1099 3404 agr

55 3429 57 3433 ·
127 3399 169 3465 ad
190 3402 409 3489 excipiendum
427 3407 551 3473 adversi
567 3408 720 3494 impetum
737 3409 874 3475 fluminis
893 3417 983 3494 parte
1003 3410 1099 3497 supen'

125 3489 339 3564 manimittens
371 3501 626 3586 tranquillitatem
655 3503 738 3568 infra
768 3502 983 3570 traicientibus
1016 3504 1099 3570 lintri

93 3607 107 3655 9
125 3590 306 3676 praebebat.
344 3615 494 3678 equorum
512 3618 585 3683 pars
603 3620 719 3687 magna
736 3608 848 3664 nantes
866 3598 941 3664 loris
961 3622 980 3665 a
999 3597 1099 3688 puppi

123 3685 329 3753 trahebantur
352 3699 476 3774 praeter
502 3712 572 3770 cos,
600 3713 679 3776 quos
705 3693 854 3759 instratos
877 3692 1097 3779 frenatosque,

126 3781 283 3885 extemplo
303 3804 430 3869 egresso
448 3784 481 3850 in
497 3785 598 3870 ripam
617 3787 714 3870 equiti
731 3788 802 3853 usui
816 3796 936 3866 essent,
956 3789 1099 3876 inposue

125 3892 160 3935 111
176 3895 284 3940 naves.

93 3984 106 4030 1
190 3965 357 4036 XXVIII.
399 3969 484 4038 Galli
502 3983 666 4040 occursant
683 3974 716 4040 in
733 3975 834 4062 ripam
852 3997 925 4043 cum
944 3978 1043 4046 variis
1061 3979 1099 4044 uh
