2528 4514
140 228 204 295 342
387 237 506 292 LIBER
523 235 650 307 XXVII,
670 236 711 292 15.
732 239 808 305 [au.
818 253 843 292 c.
853 235 918 306 545]

141 397 287 481 omnique
300 393 467 460 missilium
485 393 617 459 telomm
629 415 745 481 genere
757 392 898 470 instruit,
918 393 1069 459 onerarias
1083 416 1141 485 quo

107 513 217 576 eque,
243 512 307 556 non
328 511 381 555 eas
404 488 520 567 solum,
547 509 628 573 quae
648 487 744 553 remis
765 497 950 574 agerentur,
976 498 1012 553 ut
1030 487 1078 553 alii
1094 511 1141 553 me

141 587 249 651 chinas
268 584 431 667 sedesque
449 583 490 649 ad
506 605 613 648 muros
631 581 762 660 ferrent,
780 581 834 646 alii
851 581 966 667 procul
982 604 1022 649 ex
1036 581 1141 649 navibus

108 698 122 745 ι
141 679 339 744 vulnerarent
353 677 511 743 moenium
525 686 783 763 propugnatores.
809 675 871 741 hae
887 699 990 743 naves
1007 675 1046 743 ab
1061 688 1142 763 sputo

141 771 221 837 mari
238 782 272 837 ut
289 771 399 837 urbem
421 771 665 858 adgrederentur
685 771 856 836 instructae
878 783 1069 857 parataeque
1082 784 1140 839 sunt.

142 876 174 931 et
194 875 261 931 erat
281 864 413 930 liberum
434 888 520 930 mare
543 865 643 930 classe
664 863 800 944 Punica,
827 886 901 930 cum
924 864 1084 952 Philippus
1101 888 1140 950 op

109 978 124 1025 8
142 981 283 1047 pugnare
301 959 432 1025 Aetolos
450 967 586 1043 pararet,
606 958 778 1026 Corcuram
796 959 955 1027 tramissa.
991 960 1026 1027 in
1040 960 1138 1027 Bruttis

141 1053 265 1118 interim
288 1053 439 1119 Caulonis
465 1062 696 1140 oppugnatores
723 1052 784 1118 sub
811 1053 952 1119 adventu
973 1053 1137 1131 Hanniball,

140 1169 181 1211 ne
199 1146 459 1232 opprimerentur,
486 1148 519 1211 in
540 1147 696 1212 tumulum
717 1148 912 1233 apraesenti
934 1149 1054 1236 impetn
1068 1159 1137 1215 un·

143 1263 177 1308 se
194 1263 349 1326 recepere.

108 1352 123 1400 9
204 1333 341 1400 Fabium
364 1333 536 1399 Tarentum
557 1335 753 1402 obsidentem
774 1335 844 1401 leve
865 1335 955 1401 dictu
975 1337 1018 1403 ad
1036 1336 1137 1403 remb-

141 1440 268 1517 gentem
284 1429 467 1516 potiundam
484 1429 613 1496 adiuvit.
648 1430 839 1516 praesidium
848 1429 1046 1497 Bruttiorum
1060 1432 1140 1501 datm

143 1524 183 1590 ab
208 1524 389 1590 Hannibale
415 1523 578 1591 Tarentini
602 1522 769 1589 habebant.
814 1523 882 1589 eius
908 1526 1056 1610 praesidii
1076 1546 1133 1612 pnt-

141 1617 244 1684 fectus
262 1617 423 1704 deperibat
443 1640 548 1683 amore
565 1618 779 1696 mulierculae,
807 1618 898 1684 cuius
915 1619 1060 1687 staterio
1076 1640 1137 1685 erus

92 1732 124 1783 ιο
143 1711 206 1776 citu
222 1710 315 1776 Fabii
336 1711 473 1776 consulis
495 1720 570 1776 erat
614 1711 643 1777 is
665 1711 777 1777 certior
797 1711 909 1779 litteris
932 1714 1045 1781 sororis

143 1807 183 1870 de
204 1828 287 1871 nova
308 1805 533 1871 consuetudine
556 1805 695 1871 advenae
716 1805 880 1892 locupletis
903 1815 999 1891 atque
1019 1807 1131 1891 intorpr-

141 1900 259 1985 pulan's
277 1910 342 1964 tam
359 1900 515 1979 honorati,
542 1923 631 1987 spem
652 1911 784 1967 nanctus
801 1923 859 1986 per
876 1924 1016 1969 sororem
1031 1899 1133 1986 qualit

142 1992 249 2079 inpelli
266 2003 423 2058 amantem
440 2016 544 2079 posse,
563 1995 640 2079 quid
657 2004 796 2081 speraret
813 1994 854 2060 ad
871 1996 1033 2063 consulem
1047 1992 1130 2061 debr!

94 2108 124 2153 11
144 2108 224 2170 quae
251 2109 323 2151 cum
348 2086 433 2151 haud
459 2111 540 2153 vana
565 2089 712 2175 cogitatio
739 2088 807 2153 visa
832 2098 933 2167 esset,
960 2112 1017 2176 pro
1035 2084 1128 2175 pedm

142 2182 248 2245 iussus
267 2179 469 2245 Tarentumt
457 2181 601 2259 transire,
628 2204 666 2246 ao
687 2204 743 2267 per
766 2204 905 2247 sororem
922 2182 1124 2268 praefectoccr
1161 2228 1167 2235 .

145 2274 282 2352 ciliatus,
300 2275 401 2360 primo
419 2275 540 2340 occulte
510 2277 737 2361 ttemptando
755 2276 908 2354 animum,
933 2276 1006 2341 dein
1021 2275 1124 2342 sabam
1164 2322 1167 2337 .

143 2369 263 2454 plorata
291 2368 417 2432 levitate
442 2367 601 2434 blanditus
633 2369 837 2435 muliebribus
867 2370 1004 2456 perpulit
1031 2358 1122 2435 eumd
1155 2401 1167 2440 e

94 2484 125 2530 ιι
143 2464 350 2548 proditionem
372 2463 532 2528 custodiae
553 2463 629 2540 loci,
656 2465 707 2528 cui
727 2465 925 2549 praepositus
949 2474 1021 2529 erat
1056 2457 1121 2525 ulit
1156 2494 1167 2511 r

142 2556 221 2622 ratio
240 2557 381 2642 agendae
398 2557 444 2620 rei
461 2566 492 2621 et
509 2569 633 2642 tempus
652 2556 809 2634 convenit,
836 2556 928 2623 miles
946 2566 1033 2623 nocte
1047 2548 1119 2640 peri·
1158 2586 1167 2601 ι

144 2650 327 2715 tervallat
300 2650 469 2716 stationum
496 2649 577 2715 clam
599 2672 639 2715 ex
661 2649 737 2715 urbe
760 2651 894 2717 emissus
918 2674 970 2730 ea,
996 2670 1065 2736 quae
1080 2649 1118 2709 fl
1148 2676 1167 2718 ιι

144 2753 231 2808 erant
249 2765 390 2827 quaeque
413 2753 448 2808 ut
469 2754 635 2831 agerentur
656 2755 856 2823 convenerat,
883 2749 925 2810 ad
948 2745 1117 2812 masmana
1146 2772 1167 2809 -ι

96 2835 213 2904 refert.
256 2835 376 2901 Fabius
403 2838 511 2924 vigilia
536 2837 638 2923 prima
665 2838 789 2903 dato
764 2861 855 2925 srgno
881 2839 936 2917 iis,
964 2839 1017 2924 qui
1038 2839 1065 2903 in
1079 2842 1119 2895 ¹¹⁸
1144 2844 1167 2901 a·

146 2939 233 2993 crant
255 2930 370 3013 quique
393 2933 568 2996 custodiam
584 2941 697 3041 portus
720 2931 892 3010 habebant
920 2932 990 3018 ipse
1011 2919 1118 2997 mnu*
1149 2932 1167 2973 ³·

144 3034 237 3108 portu
258 3023 298 3089 ab
320 3026 447 3112 regione
470 3025 591 3091 urbis
582 3026 788 3091 morientem
812 3047 906 3090 versa
932 3025 1062 3092 occultus
1079 3032 1120 3083 a}

94 3139 126 3186 14
146 3119 233 3183 sedit.
279 3141 389 3184 canere
406 3120 479 3184 inde
497 3098 591 3185 tubae
610 3119 702 3185 simul
721 3119 761 3185 ab
779 3142 865 3198 arce,
885 3120 982 3186 simul
998 3144 1018 3186 a
1032 3112 1120 3206 polit*
1160 3143 1167 3181 ι

144 3212 184 3278 ab
202 3205 350 3290 navibus,
369 3235 449 3296 quae
467 3213 507 3279 ab
526 3225 633 3299 aperto
650 3238 730 3279 man
719 3214 899 3300 adpulsae
918 3224 1020 3293 erant,
1040 3212 1123 3279 clau*

144 3330 205 3391 que
226 3308 365 3391 undique
387 3331 458 3372 cum
480 3309 599 3394 ingenti
622 3310 770 3387 tumultu,
796 3309 881 3375 unde
902 3310 1062 3375 minimum
1078 3318 1124 3389 pv
1150 3308 1167 3372 'r

146 3402 208 3465 culi
225 3412 303 3479 enat,
277 3403 362 3466 tde
379 3402 532 3467 industria
549 3414 646 3469 ortus.
690 3403 826 3469 consul
816 3404 943 3469 mterim
960 3403 1072 3471 silentio
1083 3412 1125 3461 tt*

94 3494 263 3561 retinebat
251 3507 373 3561 tsuos.
416 3497 512 3582 igitur
528 3496 749 3576 Democrates,
777 3497 831 3581 qui
856 3498 1036 3582 praelectus
1059 3482 1127 3561 clstfl'·
1165 3554 1167 3559 ,

144 3589 259 3667 fuerat,
278 3591 358 3654 forte
376 3590 429 3655 illo
447 3590 515 3656 loco
532 3593 748 3678 praepositus,
766 3601 937 3678 postquam
950 3593 1129 3676 quietam·
1160 3630 1167 3659 ι

145 3685 227 3748 circa
244 3708 279 3749 se
296 3685 387 3762 vidit,
406 3685 482 3750 alias
501 3686 598 3771 partis
612 3708 649 3751 eo
668 3685 803 3752 tumultu
816 3708 996 3772 personare,
1015 3695 1048 3751 ut
1060 3684 1129 3764 ιιι)Μ

94 3797 125 3844 ιι
144 3779 230 3844 urbis
248 3779 404 3844 interdum
423 3781 608 3845 excitaretur
626 3780 756 3859 clamor,
780 3782 914 3860 veritus,
940 3804 982 3847 ne
998 3782 1072 3847 inter
1083 3790 1131 3839 ιιι·

144 3873 310 3938 ctationem
333 3897 422 3939 suam
445 3875 555 3940 consul
577 3875 712 3960 aliquam
735 3875 800 3941 vim
822 3876 941 3941 faceret
962 3898 1001 3941 ac
1017 3864 1132 3960 signi*
1165 3948 1167 3952 ,

144 3965 252 4044 ferret,
278 3969 467 4052 praesidium
490 3971 531 4036 ad
553 3993 670 4049 arcem,
698 3972 780 4037 unde
804 3970 940 4037 maxime
957 3965 1133 4035 terribilistl·
