2528 4514
144 245 209 310 274
394 253 512 310 LIBER
529 253 644 324 XXVI,
663 252 688 306 8.
703 252 728 306 9.
749 255 786 320 [a.
796 268 824 305 u.
835 267 859 305 c.
869 250 935 319 543]

109 414 350 484 tobsidendam
376 435 456 498 opus
483 419 581 489 esset,
613 410 700 495 ipsos
728 409 817 475 scire.
873 407 901 472 si
927 407 972 472 ita
998 406 1155 475 Romame

143 509 276 575 ducibus
294 508 420 585 alteret
438 505 593 571 exercitus
610 527 684 590 pars
703 504 784 568 mitti
801 511 925 588 posset,
943 513 981 566 ut
998 501 1038 569 ab
1054 502 1155 588 reliquo

109 613 176 671 set
201 604 281 669 duce
307 615 339 668 et
369 600 507 666 exercitu
534 597 647 684 Capua
671 607 755 663 recte
786 595 1003 675 obsideretur,
1037 595 1111 663 inter
1132 620 1155 662 sa

144 705 360 782 compararent
379 693 532 761 Claudius
549 692 758 776 Fulviusque,
782 691 844 756 utri
860 690 1038 757 obsidenda
1056 689 1154 778 Capua,

142 791 205 856 utri
227 791 267 856 ad
288 788 516 876 prohibendam
542 786 705 852 obsidione
727 787 860 872 patriam
880 785 1022 850 Romam
1048 786 1153 850 renim·

109 904 124 951 9
143 885 218 949 dum
237 893 330 949 esset.
357 883 417 949 hoc
436 890 563 947 senatus
582 880 724 946 consulto
740 879 884 964 Capuam
901 879 1026 964 perlato
1043 877 1151 963 Quintus

142 979 275 1044 Fulvius
291 977 468 1064 proconsul,
488 976 538 1041 cui
556 975 677 1062 collega
690 997 731 1040 ex
742 974 871 1040 vulnere
885 997 984 1060 aegro
999 973 1153 1062 digredior

143 1074 218 1138 dum
239 1075 375 1140 Romam
398 1084 477 1150 erat,
506 1070 640 1136 etribus
664 1070 850 1135 exercitibus
872 1069 975 1134 milite
998 1067 1153 1149 electuri

143 1168 322 1251 quindecim
344 1167 431 1232 milia
451 1166 611 1251 peditum,
643 1165 727 1230 mille
751 1164 872 1248 equites
895 1163 1093 1237 Vulturnum
1112 1173 1153 1229 aa

94 1279 125 1326 10
143 1263 238 1328 ducit.
290 1263 364 1327 inde
391 1259 702 1326 cum-Hannibalem
727 1260 845 1325 Latina
877 1259 930 1324 via
957 1259 1078 1325 iturum
1101 1257 1153 1325 satis

143 1357 360 1442 comperisset,
384 1356 456 1441 ipse
473 1377 530 1441 per
546 1353 672 1440 Appiae
696 1353 866 1438 municipia
887 1375 1038 1438 quaeque
1055 1362 1154 1442 propter

93 1468 122 1514 11
143 1472 213 1515 earu
230 1451 316 1515 viam
334 1460 420 1528 sunt,
441 1447 576 1527 Setiam,
597 1448 727 1526 Coram,
750 1448 922 1514 Lavinium
940 1450 1152 1534 praemisit‚ut

143 1555 336 1610 commeatus
361 1544 498 1630 paratos'
515 1554 547 1608 et
571 1543 604 1608 in
631 1544 761 1609 urbibus
789 1543 943 1609 haberent
971 1555 1003 1609 et
1031 1567 1072 1611 ex
1093 1541 1152 1631 apis

144 1638 243 1702 deviis
265 1640 299 1703 in
321 1639 406 1703 viam
432 1637 607 1724 profanent
632 1638 850 1722 praesidiaque
872 1638 905 1701 in
929 1638 1030 1704 urbes
1057 1646 1150 1707 corba

142 1731 265 1809 herent,
284 1741 319 1796 ut
337 1756 396 1797 sua
414 1733 526 1816 cuique
543 1753 594 1797 res
612 1731 739 1816 publica
755 1731 789 1795 in
805 1754 902 1795 manu
920 1741 1020 1798 esset.

111 1846 122 1890 1
208 1823 320 1890 VHII.
348 1825 511 1891 Hannibal
528 1849 591 1909 quo
609 1826 660 1891 dia
670 1825 861 1891 Vulturnum
879 1836 931 1891 est
949 1837 1150 1917 transgressus

109 1917 228 1981 ahaud
244 1919 353 2003 procul
375 1942 395 1983 a
412 1919 539 1983 flumine
562 1929 664 1985 castra
684 1920 803 2005 posuit3
830 1928 960 2004 postero
982 1921 1151 2008 dioptrae

144 2009 239 2077 Cales
262 2013 294 2076 in
312 2035 422 2097 agrum
443 2011 618 2078 Sidicinum
639 2013 790 2099 pervenit.
833 2013 878 2078 ibi
900 2015 987 2085 diem
1007 2038 1099 2080 unum
1111 2033 1150 2099 pu·

143 2105 281 2190 pulando
304 2118 443 2172 moratus
470 2130 527 2193 per
547 2106 743 2174 Suessanum
765 2105 1011 2193 Allifanumque
1035 2119 1065 2175 et
1083 2104 1148 2175 cao

142 2209 246 2265 natam
266 2224 376 2287 agrum
394 2202 446 2266 via
463 2203 536 2266 Lat
516 2213 580 2266 tma
598 2202 684 2268 ducit
702 2201 760 2267 sub
781 2201 944 2267 Casinum.
990 2201 1064 2292 [ibi]
1080 2200 1149 2268 biduo

109 2312 124 2358 3
143 2293 256 2359 stativa
274 2295 430 2360 habitat
399 2307 430 2360 et
447 2297 565 2382 passim
583 2296 800 2405 populationes
819 2296 932 2362 factae.
964 2297 1041 2364 inde
1057 2304 1147 2398 praete

141 2386 193 2450 Int
182 2398 354 2454 teramnam
376 2388 634 2474 Aquinumque
625 2414 659 2454 m
679 2389 902 2476 Fregellanum
927 2413 1043 2477 agrum
1062 2381 1147 2456 adli·

141 2481 200 2546 rim
218 2483 350 2549 fluvium
367 2495 510 2563 ventum,
530 2485 648 2550 ubit
602 2509 634 2549 ιιι
637 2484 784 2550 tercisum
801 2497 930 2570 pontem
949 2479 1146 2573 aFregelta'u

108 2579 284 2642 smorandi
309 2579 428 2644 itineris
456 2602 552 2644 causa
578 2579 706 2644 invenit.
763 2588 794 2643 et
783 2578 972 2644 tFulvium
1001 2579 1145 2647 vultanus

142 2680 283 2735 tenuerat
308 2674 423 2751 amnis,
451 2674 584 2739 navibus
608 2674 647 2740 ab
666 2672 878 2739 Hannibale
869 2675 1011 2740 lucensis
1032 2662 1143 2741 atad

143 2763 348 2829 traiciendum
375 2768 491 2832 exercit
492 2791 545 2831 um
572 2768 604 2831 in
631 2790 747 2854 magna
772 2766 880 2852 inopia
906 2768 1056 2835 materiae
1078 2778 1142 2849 negt·

108 2874 124 2921 5
143 2870 385 2941 comparantem
431 2862 559 2927 traiecto
586 2872 634 2927 rat
622 2861 704 2926 tibus
728 2862 867 2927 exercitu
888 2862 1045 2929 relicuum
1061 2852 1142 2927 Fultlt

142 2953 321 3062 expeditum
343 2954 402 3020 iter
423 2979 486 3021 non
508 2979 565 3041 per
586 2955 680 3020 urbes
698 2958 806 3034 modo,
835 2956 942 3021 sed
915 2979 1001 3023 cuca
1022 2956 1140 3022 uana

140 3047 251 3131 positis
286 3048 422 3135 benigne
458 3050 684 3115 commeatibus
721 3060 804 3128 erat,
847 3050 1033 3136 alacresque
1059 3042 1147 3115 mdllsss.

141 3142 220 3207 alius
244 3143 353 3221 alium,
381 3155 417 3208 ut
439 3145 567 3210 adderet
589 3145 722 3232 gradum
741 3168 862 3210 memor
883 3146 926 3221 ad
945 3138 1135 3211 defendubn
1182 3214 1188 3237 ¹

108 3238 178 3307 ciri
203 3238 350 3321 patriam,
381 3239 452 3304 hort
453 3239 548 3304 abant
536 3249 595 3303 t.ur
648 3239 783 3304 Romam
811 3225 1024 3324 Bregellanus
1046 3227 1142 3303 attulitl
1161 3305 1181 3336 11

140 3331 223 3395 diem
242 3342 428 3416 noctemque
449 3333 558 3398 itincre
578 3332 757 3398 continuato
779 3333 942 3420 ingentem
960 3332 1059 3398 attulit

140 3446 205 3487 rem
212 3434 256 3501 3
245 3426 466 3492 tumultuosius
486 3448 579 3509 quam
598 3426 672 3490 allat
661 3436 726 3490 tum
745 3437 810 3490 erat
828 3449 924 3491 cursu
939 3425 1087 3492 hominum
1125 3457 1128 3462 2
1153 3435 1188 3525 ·¹'

108 3542 121 3588 ι
141 3517 325 3603 fingentium
342 3542 425 3584 vana
447 3521 561 3584 auditis
585 3530 682 3584 totam
701 3520 811 3585 urbem
835 3519 992 3586 concibat.
1032 3515 1070 3604 pl
1148 3585 1158 3612 1
1180 3528 1188 3535 “

140 3612 305 3677 mulierum
328 3636 392 3678 non
419 3636 457 3678 ex
481 3615 610 3700 privatis
639 3614 741 3679 solum
764 3614 911 3680 domibus
939 3606 1122 3680 exarulrrs
1169 3601 1188 3669 ⁴.

141 3707 196 3770 sed
222 3708 361 3791 undique
388 3718 548 3774 matronae
574 3708 608 3772 in
633 3708 795 3818 publicum
822 3710 943 3774 effusae
971 3709 1047 3774 cira
1072 3711 1121 3755 ¹⁷¹
1145 3775 1188 3801 111

140 3800 271 3866 delubra
293 3803 483 3882 discurrunt,
512 3802 649 3868 crinibus
672 3803 777 3888 passis
805 3827 875 3868 aras
900 3809 1050 3868 verrentes
1073 3818 1121 3852 ιιι
1147 3871 1178 3897 1

107 3893 289 3978 sgenibus,
327 3897 456 3982 supinas
482 3921 594 3962 manus
622 3898 663 3962 ad
689 3898 810 3962 caclum
839 3920 876 3963 ac
903 3898 979 3963 deos
1007 3885 1118 3981 terta&
1144 3894 1176 3915 ·“

141 3996 341 4073 orantesque,
370 4001 402 4055 ut
425 3991 535 4057 urbem
553 3991 730 4057 Romanam
749 4015 767 4057 e
785 3991 930 4057 manibus
952 3986 1069 4055 hostium
1089 4005 1102 4022 ·¹
1160 4061 1184 4084 ¹¹
