2528 4514
150 223 214 289 368
387 231 504 287 mann
522 231 648 301 nvn,
666 205 759 286 aneu.
781 234 820 300 [a.
832 230 938 300 onor]

149 402 280 458 rectum.
333 390 378 455 ibi
404 389 485 454 duae
512 387 635 453 hostiae
662 388 702 452 ab
729 386 918 453 decemviris
944 386 1107 454 immolatae
1125 401 1146 454 et

147 477 318 552 'slmulacra
335 505 506 569 cupressea
522 482 555 546 in
574 481 685 546 aedem
703 481 811 546 inlata

115 589 128 634 1
214 576 421 644 XXXVIII.
464 575 545 641 Deis
563 575 622 639 rite
639 575 773 661 placatis
791 573 945 639 dilectum
963 573 1099 641 consules
1113 575 1152 640 lu·

150 672 268 737 bebant
281 671 383 735 acrius
397 669 618 753 intentiusque,
632 692 728 753 quam
740 668 898 756 prioribus
913 667 1006 734 annis
1016 669 1153 755 quisquan

115 788 132 835 2
150 767 335 830 meminerat
352 764 509 840 habitum3
536 786 611 827 nam
633 774 664 827 et
686 762 761 828 belli
782 773 884 829 terror
906 762 1083 850 duplicatus
1102 763 1155 829 nori

150 858 250 924 hostis
269 858 302 922 in
318 858 444 922 Italiam
462 857 601 922 adventu
618 867 651 922 et
670 856 775 921 minus
797 856 974 922 iuventutis
993 869 1074 936 erat,
1095 857 1155 922 undo

114 952 325 1022 ascriberent
341 950 466 1015 milites.
511 949 617 1034 itaque
640 950 770 1016 colonos
793 950 890 1016 etiam
911 951 1101 1029 maritimos,
1120 973 1156 1035 qu

151 1056 385 1111 sacrosanctam
402 1044 601 1110 vacationem
619 1043 810 1109 dicebantur·
820 1042 956 1123 habere,
975 1045 1053 1110 dare
1068 1044 1155 1109 militet

151 1140 316 1226 cogebant.
361 1137 475 1222 quibus
498 1137 717 1203 recusantibus
740 1138 867 1202 edixere
889 1138 924 1202 in
949 1137 1037 1204 diem
1058 1149 1155 1215 ceron

149 1244 194 1311 ut,
213 1255 276 1317 quo
294 1232 427 1316 quisque
444 1232 512 1297 iure
529 1230 726 1297 vacationem
743 1231 885 1309 haberet,
904 1232 949 1296 ad
967 1242 1107 1298 senatum
1120 1232 1156 1295 de

112 1349 132 1396 4
150 1328 255 1392 ferret.
292 1348 331 1390 ea
348 1325 399 1390 die
417 1326 458 1390 ad
476 1335 620 1390 senatum
637 1324 671 1389 hi
688 1325 797 1412 populi
815 1336 987 1392 venerunt:
1013 1323 1155 1403 Ostiensis,

150 1419 325 1496 Alsiensis,
342 1419 474 1496 Antias,
492 1419 677 1496 Anxurnas,
694 1418 948 1498 Menturnensis,
968 1417 1155 1486 Sinuessanos

115 1537 132 1585 5
151 1526 183 1580 et
201 1515 241 1580 ab
260 1536 374 1600 supero
392 1513 472 1578 mari
481 1510 645 1578 Senensis.
673 1535 745 1578 cum
759 1513 942 1589 vacationes
957 1537 1034 1580 suas
1052 1514 1154 1600 quiqu

149 1608 286 1696 populus
296 1608 452 1685 recitaret,
465 1606 593 1686 nullius,
603 1629 676 1672 curn
688 1607 721 1672 in
730 1607 824 1672 Italia
832 1607 937 1673 hostis
951 1619 1048 1687 esset,
1059 1616 1155 1696 praetre

149 1703 315 1768 Antiatem
333 1702 580 1786 Ostiensemque
598 1701 722 1767 vacatio
740 1703 910 1768 observata
928 1712 994 1782 est,
1023 1713 1055 1769 et
1075 1720 1154 1768 aaron

150 1796 345 1863 coloniarum
365 1797 503 1863 iuniores
524 1797 592 1862 iure
614 1797 747 1862 iurando
771 1796 889 1873 adacti,
919 1819 1018 1883 supra
1039 1797 1100 1863 dies
1115 1792 1153 1859 tri—

149 1891 238 1976 ginta
259 1913 323 1955 non
344 1901 582 1977 pernoctaturos
610 1914 644 1956 se
666 1902 756 1956 extra
777 1891 902 1956 moenia
926 1891 1068 1957 coloniae
1089 1884 1160 1965 smr,

115 2007 131 2054 a
151 1984 251 2049 donec
269 1983 369 2049 hostis
387 1985 522 2050 inItalia
540 1995 634 2051 esset.
662 2006 734 2049 cum
752 2007 861 2050 omnes
881 1996 1062 2063 censerent,
1077 1982 1151 2071 prim

150 2100 275 2162 quoque
293 2090 433 2166 ternpore
456 2080 637 2144 consulibus
657 2079 796 2144 eundum
819 2079 861 2144 ed
877 2079 1001 2144 bellum
1017 2117 1044 2128 -·
1058 2084 1152 2143 namet

149 2173 345 2237 Hasdrubali
362 2175 590 2239 occurrendum
608 2196 679 2239 esse
698 2173 904 2238 descendenti
923 2175 964 2239 ab
974 2174 1111 2260 Alpibus,
1122 2188 1150 2233 ne

150 2265 261 2334 Gallos
282 2266 462 2354 Cisalpinos
480 2291 561 2333 neve
579 2267 741 2332 Etruriam
758 2278 897 2332 erectam
917 2266 951 2332 in
970 2291 1060 2355 spem
1074 2282 1150 2330 reum

115 2384 130 2428 r
149 2384 302 2426 novarum
321 2362 516 2437 sollicitaret,
537 2371 569 2426 et
577 2361 792 2426 Hannibalem
811 2384 868 2426 suo
881 2362 1014 2448 proprio
1027 2378 1149 2444 occupar-

150 2456 225 2519 dum
237 2455 335 2531 bello,
354 2478 395 2520 ne
409 2477 571 2540 emergere
586 2478 626 2520 ex
634 2455 768 2520 Bruttiis
784 2467 877 2539 atque
891 2455 1024 2521 obviam
1035 2456 1077 2520 ire
1088 2446 1149 2518 trani

147 2560 307 2634 posset-,
330 2548 444 2612 Livius
464 2549 683 2625 cunctabatur,
709 2572 822 2634 parum
839 2548 942 2613 fidens
964 2571 1087 2614 suamm
1100 2564 1149 2631 prt-

111 2642 321 2710 avinciarum
339 2641 543 2707 exercitibus:
572 2642 737 2728 conlegam
759 2664 799 2705 ex
817 2642 943 2707 duobus
963 2637 1148 2708 consuluibtt

149 2736 284 2821 egregiis
300 2736 488 2800 exercitibus
504 2746 536 2800 et
549 2736 650 2812 tertio,
665 2736 716 2799 cui
726 2734 767 2816 Q.
779 2732 934 2800 Claudius
944 2735 1074 2801 Tarenti
1084 2750 1147 2820 pru·
1183 2752 1187 2761 ·

148 2839 246 2905 esset,
271 2829 456 2894 electionem
473 2830 605 2906 habere,
628 2829 836 2914 intuleratque
853 2830 1051 2901 mentionem
1067 2829 1099 2893 de
1111 2844 1147 2889 rr
1177 2852 1187 2863 ·

111 2941 128 2988 9
147 2922 271 2987 lenibus
289 2924 475 2990 revocandis
496 2925 537 2988 ad
556 2924 656 3010 signa.
689 2935 817 2989 senatus
835 2923 972 2990 liberam
992 2930 1142 3012 potcstatoe

147 3017 328 3083 oonsulibus
351 3018 428 3082 fecit
449 3029 481 3082 et
503 3018 670 3104 supplendi
687 3018 770 3083 unde
789 3018 908 3083 vellent
935 3029 969 3084 et
988 3008 1141 3106 eligendi&

147 3111 292 3176 omnibus
320 3112 509 3177 exercitibus
537 3134 616 3195 quos
647 3112 765 3177 vellent
789 3114 1056 3199 permutandique
1076 3119 1101 3175 et
1116 3122 1139 3168 e
1164 3116 1187 3195 J·

145 3203 315 3289 provinciis
343 3226 422 3288 quos
446 3228 463 3270 e
485 3229 520 3271 re
545 3205 673 3292 publica
699 3217 865 3270 censerent
888 3228 962 3272 esse
987 3192 1136 3303 deducent}

97 3318 129 3365 ro
147 3297 253 3362 omnia
270 3319 341 3362 curn
361 3321 485 3362 summa
502 3299 670 3365 concordia
692 3300 857 3363 consulum
875 3311 959 3364 acta.
1001 3300 1135 3393 volones!⁸
1165 3308 1183 3331 ·'

85 3413 126 3458 211
145 3391 435 3456 undevicensimam
459 3403 490 3458 et
507 3393 714 3458 vicensimam
735 3393 877 3478 legiones
899 3395 1020 3480 scripti.
1065 3400 1134 3471 met!

145 3485 267 3550 roboris
283 3487 399 3551 auxilia
413 3510 453 3552 ex
461 3488 622 3574 Hispania
635 3509 760 3572 quoque
771 3486 1009 3576 aP.Scipione,
1024 3474 1133 3552 Militi

145 3579 244 3643 missa
261 3580 389 3663 quidam
408 3583 449 3646 ad
466 3582 499 3646 id
516 3583 635 3646 bellum
652 3593 797 3647 auctores
818 3593 904 3660 sunt,
924 3594 998 3649 octo
1015 3566 1134 3647 militfft
1182 3587 1187 3595 '

146 3695 317 3758 spanorum
336 3674 562 3760 Gallorumque
586 3686 617 3741 et
635 3677 697 3741 duo
716 3676 803 3740 milia
821 3677 861 3741 de
883 3676 1012 3763 legione
1032 3671 1132 3740 nitius
1167 3694 1187 3771 ¹„

97 3786 127 3832 12
146 3766 286 3849 equitum
304 3769 402 3847 mille,
422 3770 537 3835 mixtos
555 3770 709 3835 Numidas
727 3770 973 3857 Hispanosque,
990 3770 1037 3835 M
1051 3766 1133 3832 Lod*

146 3860 224 3923 tium
242 3860 299 3926 has
318 3865 424 3950 copias
443 3865 577 3929 navibus
597 3865 782 3943 adduxisse3
802 3876 834 3931 et
852 3866 1078 3952 sagittariorum
1090 3856 1133 3921 ft*
1167 3874 1187 3914 ¹·

147 3951 343 4038 ditorumque
362 3958 403 4023 ad
420 3959 479 4023 tria
497 3959 583 4024 milia
600 3982 640 4024 ex
659 3955 768 4024 Sicilia
787 3958 826 4025 O.
841 3961 1023 4025 Mamilium
1038 3949 1133 4021 misit*
1169 3968 1173 3975 “
