2528 4530
136 230 237 309 ,206Ι
341 241 461 299 LIBER
477 240 608 312 XXIIII,
626 241 727 297 etta
747 240 1000 314 [ancwin]

150 399 327 488 plusmille
348 400 513 467 hominum
536 407 664 486 captum
686 420 758 465 cum
782 421 840 466 sex
856 408 888 465 et
905 399 1035 488 triginta
1052 401 1106 465 mil

101 517 133 565 11
152 497 212 563 bus
241 497 350 585 signis.
394 498 440 562 ita
465 496 505 562 ab
528 494 653 581 Iliturgi
673 516 837 560 recessum
859 504 916 560 est.
960 495 1100 582 Bigerra

151 591 271 657 urbs-
294 591 372 657 socii
399 601 430 656 et
455 590 490 655 hi
512 589 730 655 Romanorum
757 598 845 655 erant
862 613 926 655 -a
949 588 1106 678 Carthagi

85 726 89 735 =
152 685 240 752 sibus
267 685 444 773 oppugnari
470 694 582 770 coepta
608 693 665 748 est.
710 705 781 748 eam
809 683 1006 750 obsidionem
1035 684 1106 750 sine

151 780 268 845 tamine
286 780 457 845 adveniens
477 777 538 845 Cn.
558 776 667 864 Scipio
686 778 788 842 solvit.

117 895 131 942 1
215 873 409 940 XXXXII.
453 872 509 938 Ad
525 871 682 937 Mundam
701 871 814 937 exinde
833 882 935 939 castra
952 871 1106 938 Punicar

117 979 183 1034 ret
200 968 338 1034 Romani
361 991 399 1034 eo
423 966 590 1034 confestim
618 966 717 1032 secuti
741 975 822 1031 sunt.
867 966 912 1032 ibi
935 966 1035 1053 signis
1059 989 1106 1032 cor

150 1072 325 1151 pugnatum
344 1085 401 1148 per
418 1071 567 1146 quattuor
583 1060 683 1126 ferme
701 1059 811 1140 horas,
830 1061 1020 1148 egregieque
1037 1061 1106 1126 vinc

86 1149 88 1152 ⁴
150 1155 210 1220 bus
228 1156 383 1222 Romanis
411 1156 537 1243 signum
555 1154 696 1240 receptui
717 1163 766 1220 est
783 1155 905 1233 datum,
933 1156 1020 1239 quod
1039 1155 1100 1221 Cn.

148 1250 251 1335 pionis
273 1251 378 1316 femur
399 1251 524 1339 tragula
545 1249 705 1315 confixum
731 1257 799 1314 erat
823 1270 985 1335 pavorque
1011 1250 1096 1315 circa

105 1363 130 1429 ⁴3
150 1355 275 1429 ceperat
292 1345 422 1423 milites,
440 1367 481 1409 ne
494 1343 690 1410 mortiferum
708 1352 793 1409 esset
810 1344 931 1409 volnus.
960 1353 1099 1410 ceterum

149 1439 281 1504 dubium
299 1439 372 1518 fuit,
400 1439 491 1523 quin,
519 1440 580 1504 nisi
598 1462 636 1504 ea
657 1461 747 1504 mora
767 1439 1001 1518 intervenisset,
1029 1449 1106 1506 castr

138 1527 200 1605 ‚die
223 1533 345 1599 Punica
373 1534 444 1620 oapi
469 1534 637 1620 potuerint.
682 1534 746 1599 iam
767 1556 831 1607 non
853 1533 967 1599 milites
991 1534 1106 1613 solum,

149 1627 307 1713 elephanti
325 1628 420 1694 etiam
437 1649 538 1712 usque
552 1628 593 1693 ad
605 1626 724 1692 vallum
737 1628 799 1692 acti
813 1637 900 1693 erant
913 1650 1070 1714 superque
1083 1629 1106 1714 ip

114 1741 265 1786 rnorem
292 1732 323 1786 et
349 1722 478 1808 triginta
509 1721 667 1808 elephanti
698 1721 771 1807 pilis
798 1721 921 1787 confixi.
974 1724 1036 1788 hoc
1062 1745 1106 1807 qu

83 1852 86 1857 -
147 1814 266 1901 proelio
285 1816 326 1879 ad
344 1815 510 1880 duodecim
528 1816 615 1881 milia
628 1816 791 1881 hominum
804 1816 950 1882 dicuntur
963 1839 1070 1896 caesa,
1088 1839 1106 1903 p

148 1908 208 1972 tria
225 1918 318 1993 capta
335 1931 407 1973 cum
426 1909 524 1996 signis
543 1908 729 1976 militaribus
748 1921 869 1995 septem
887 1919 918 1974 et
931 1910 1106 1997 quinquagi:

113 2024 130 2072 5
213 2000 270 2066 Ad
283 2000 461 2090 Auringem
478 2003 552 2068 inde
570 2003 680 2069 urbem
689 2003 790 2070 Poeni
807 2025 979 2082 recessere,
999 2015 1031 2070 et
1048 2014 1106 2070 utt

148 2097 189 2161 tis
206 2095 352 2174 instaret,
372 2108 499 2163 secutus
516 2097 690 2164 Romanus.
725 2098 770 2165 ibi
787 2098 901 2162 iterum
916 2096 1025 2184 Scipio
1043 2098 1106 2164 lecti

147 2191 182 2255 in
199 2191 299 2256 aciem
316 2191 432 2258 inlatus
451 2192 600 2260 conflixit.
641 2215 700 2257 nec
718 2192 815 2259 dubia
831 2193 962 2258 victoria
979 2193 1041 2258 fuit
1046 2219 1055 2272 3
1080 2217 1106 2258 m

148 2296 254 2350 tamen
271 2286 400 2352 dimidio
418 2286 556 2352 hostium
569 2309 666 2371 quam
683 2295 788 2366 antea,
807 2287 882 2371 quia
898 2287 1063 2372 pauciores
1078 2309 1106 2354 su

114 2379 272 2448 tfuerant
294 2381 350 2464 qui
371 2391 562 2468 pugnarent,
595 2380 744 2447 occisum.
790 2392 838 2446 set
859 2403 938 2468 gens
965 2391 1041 2447 nata
1067 2381 1106 2445 ins

146 2475 252 2540 randis
280 2476 524 2560 reparandisque
550 2473 657 2554 bellis,
688 2474 830 2562 Magone
857 2475 898 2541 ad
925 2475 1106 2560 conquisitio

146 2569 282 2633 militum
301 2566 349 2656 [a]
369 2569 465 2635 fratre
482 2569 595 2648 misso,
614 2569 704 2635 brevi
717 2568 850 2654 replevit
863 2569 1034 2635 exercitum
1049 2571 1106 2635 anis

113 2685 128 2729 7
147 2685 209 2746 que
228 2664 269 2728 ad
287 2664 503 2749 temptandum
523 2664 562 2729 de
580 2663 703 2751 integro
725 2672 884 2729 certamen
906 2663 996 2743 lecit3
1023 2664 1106 2750 aliip

147 2777 210 2839 que
226 2755 355 2834 milites,
374 2757 456 2822 sicut
472 2779 529 2842 pro
547 2768 636 2844 parte
655 2758 768 2824 totiens
785 2757 868 2822 intra
884 2779 1004 2843 paucos
1019 2759 1106 2823 dies*

148 2849 249 2914 isdem
263 2850 374 2915 animis
388 2850 503 2933 quibus
517 2853 651 2937 priores,
670 2853 714 2917 ita
727 2852 838 2917 eodem
855 2861 970 2916 eventu
987 2875 1106 2939 pugnas

112 2965 128 3012 8
146 2943 218 3027 plus
237 2952 308 3008 octo
326 2943 411 3009 milia
428 2944 591 3010 hominum
609 2968 703 3011 caesa
720 2956 751 3010 et
768 2945 846 3011 haut
857 2926 956 3010 multo
970 2947 1106 3031 minusq

53 3109 57 3114 .
146 3035 232 3101 mille
259 3047 385 3124 captum
412 3048 443 3103 et
475 3040 566 3127 signa
592 3039 738 3105 militaria
769 3040 998 3126 quinquaginta
1033 3051 1106 3119 octo,

148 3130 248 3215 spolia
269 3131 404 3217 plurima
426 3130 550 3205 Gallica
573 3133 676 3213 fuere,
704 3134 791 3199 aurei
816 3144 943 3219 torques
970 3135 1106 3199 armillae

146 3248 280 3312 magnus
304 3250 463 3293 numerus.
500 3228 563 3293 duo
587 3229 682 3293 etiam
704 3228 845 3315 insignes
863 3227 964 3314 reguli
985 3225 1106 3294 Gallort

145 3317 388 3407 Moeniacoepto
410 3332 441 3387 et
458 3320 607 3388 Vismaro
633 3322 761 3388 nomina
783 3330 870 3386 erant
887 3359 914 3369 -
931 3343 969 3386 eo
992 3323 1106 3407 proelio

45 3448 51 3456 ·⁴
147 3412 297 3480 ciderunt.
343 3425 414 3481 octo
433 3415 592 3501 elephanti
610 3415 707 3502 capti,
727 3426 790 3481 tres
809 3415 913 3482 occisi.

111 3529 127 3577 9
212 3505 296 3573 Cum
313 3520 378 3575 tam
395 3532 564 3596 prosperae
577 3532 627 3576 res
641 3511 674 3574 in
682 3509 840 3596 Hispania
853 3518 973 3590 essent,
993 3533 1106 3577 verecu

144 3601 307 3670 Romanos
325 3605 451 3670 tandem
469 3606 567 3692 oepit,
596 3602 776 3692 Saguntum
794 3606 960 3692 oppidum,
987 3629 1070 3692 quae
1088 3628 1105 3673 e

145 3695 221 3762 belli
247 3709 344 3778 esset,
372 3709 518 3766 octavum
543 3699 607 3764 iam
634 3722 751 3764 annum
775 3699 834 3766 sub
860 3699 1000 3766 hostium
1026 3711 1106 3787 poter

95 3818 129 3867 10
146 3814 227 3858 esse.
270 3793 376 3879 itaque
393 3795 427 3860 id
444 3795 595 3881 oppidum
618 3794 650 3859 vi
669 3793 763 3880 pulso
780 3795 936 3880 praesidio
954 3795 1077 3862 Punico
1096 3818 1106 3859 r

145 3896 258 3970 parunt
281 3886 515 3973 cultoribusque
538 3887 689 3973 antiquis,
717 3910 796 3973 quos
820 3913 860 3955 ex
881 3889 921 3954 iis
943 3889 993 3956 vis
1015 3888 1106 3973 reliqr

76 3977 235 4062 ;11belli,
261 3983 473 4048 restituerunt
517 3993 549 4050 et
567 3982 780 4063 Turdetanos,
807 3984 862 4069 qui
889 3991 1106 4051 contraxerant
