2528 4514
146 233 210 300 290
404 241 522 298 LIBER
540 241 649 312 XXVI,
669 240 710 295 22.
730 244 768 309 [a.
778 257 806 295 u.
817 256 841 295 c.
850 238 917 309 543]

111 403 334 474 aMaoedonia
370 401 488 479 evenit,
524 400 615 484 isque
650 398 794 464 Laevino
830 397 997 464 successit.
1050 397 1158 465 Fulvius

29 504 33 514 “
145 499 281 565 Romam
299 496 496 562 comitiorum
518 516 615 559 causa
637 493 806 559 arcessitus
829 514 904 557 oum
923 491 1054 558 comitia
1069 514 1162 559 consu·

143 593 226 659 libus
252 591 402 678 rogandis
427 589 575 667 haberet,
611 587 830 675 praerogativa
861 585 998 653 Veturia
1028 585 1162 653 iuniomm

145 687 183 752 Τ.
202 685 359 751 Manlium
378 684 573 769 Torquatum
596 692 628 747 et
646 682 685 748 T.
706 680 879 749 Otacilium
898 679 1088 770 [absentem
1106 704 1161 749 oon·

111 803 126 850 a
146 781 229 846 sules
248 781 335 845 dixit.
373 803 445 845 oum
462 780 504 844 ad
521 776 704 864 Manlium]
724 778 778 862 qui
796 801 950 864 praesens
969 788 1055 858 erat,
1078 788 1162 866 grrtn-

144 875 231 941 landi
252 897 348 940 causa
369 873 461 939 turba
482 872 579 939 coiret
601 895 659 938 neo
681 872 797 938 dubius
815 883 901 939 esset
924 895 1101 941 consensus
1117 894 1162 961 po

144 971 226 1057 puli,
253 994 369 1057 magna
386 968 595 1034 circumfusus
614 967 706 1034 turba
723 968 764 1033 ad
782 967 920 1033 tribunal
940 969 1084 1036 consulis
1097 968 1159 1035 venit

110 1085 127 1132 4
144 1066 297 1150 petitque,
320 1074 356 1128 ut
373 1084 473 1149 pauca
492 1085 550 1127 sua
566 1062 664 1127 verba
681 1061 803 1127 audiret
819 1063 1079 1148 centuriamque,
1101 1083 1161 1149 quse

111 1182 126 1227 s
145 1159 268 1223 tulisset
287 1157 486 1243 suffragium,
504 1155 644 1222 revocari
662 1155 791 1222 iuberet.
828 1157 943 1223 erectis
962 1157 1109 1225 omnibus
1123 1179 1162 1223 ex·
1181 1228 1183 1243 Ι

145 1253 335 1339 pectatione‚
355 1251 505 1335 quidnam
523 1250 744 1336 postulaturus
757 1259 854 1328 esset,
877 1252 1051 1319 oculorum
1068 1253 1183 1331 edeta-t

112 1348 250 1414 udinem
277 1345 457 1412 excusavit:
496 1344 710 1431 impudentem
738 1353 769 1410 et
793 1345 1047 1432 gubernatorem
1071 1357 1101 1415 et
1120 1348 1163 1413 in·

145 1450 321 1526 peratorem
339 1462 425 1517 esse,
452 1439 520 1523 qui,
549 1461 621 1504 oum
639 1438 748 1505 alienis
767 1438 867 1505 oculis
884 1440 917 1504 ei
935 1442 1048 1507 omnia
1064 1440 1162 1529 agendo

146 1535 220 1612 sint,
248 1533 386 1620 postulet
413 1532 473 1599 sibi
499 1532 631 1598 aliorum
658 1533 761 1618 capita
787 1555 825 1598 ac
851 1532 1000 1601 fortunas
1025 1534 1161 1601 committi

112 1653 124 1698 7
143 1630 290 1714 proinde,
326 1629 354 1695 si
375 1627 547 1707 videretur,
575 1637 607 1692 et
626 1627 728 1694 redire
749 1627 782 1693 in
805 1628 1000 1715 suffragium
1022 1629 1161 1696 Veturiam

145 1724 301 1790 iuniorum
333 1722 454 1795 iuberet
481 1733 512 1787 et
542 1722 722 1788 meminisse
752 1723 787 1787 in
821 1723 1012 1790 consulibus
1043 1724 1159 1791 creandis

110 1837 125 1885 8
145 1817 232 1895 belli,
256 1818 341 1902 quod
358 1818 391 1881 in
408 1817 501 1882 Italia
519 1817 574 1895 sit,
593 1827 832 1902 temporumque
848 1818 895 1882 rei
913 1818 1073 1903 publicae.
1111 1818 1161 1883 rix·

147 1912 223 1976 dum
248 1912 409 1995 requiesse
436 1912 519 1976 auris
546 1935 566 1977 a
592 1911 722 1997 strepitu
749 1921 780 1976 et
806 1911 944 1977 tumultu
972 1913 1093 1993 hostili,
1114 1932 1159 1997 qno

146 2028 264 2091 paucos
283 2015 355 2072 ante
373 2028 498 2071 menses
516 2005 648 2071 arserint
664 2028 761 2092 prope
779 2006 905 2072 moenia
922 2006 1081 2075 Romana.
1106 2014 1157 2093 poet

146 2099 224 2165 haec
242 2121 314 2164 oum
333 2100 472 2165 centuria
489 2100 637 2184 frequens
656 2100 889 2179 succlamasset,
909 2101 992 2166 nihil
1011 2125 1046 2168 se
1063 2110 1155 2167 mutere

111 2194 319 2262 ssententiae
341 2195 531 2278 eosdemque
558 2194 702 2259 consules
730 2195 868 2260 dicturos
896 2217 986 2275 esse,
1017 2206 1080 2262 tum
1098 2192 1152 2259 Tor·

145 2299 260 2373 quatus
289 2296 405 2373 ‘neque
432 2311 491 2376 ego
518 2287 653 2354 vestros'
679 2289 781 2372 inquit
808 2295 926 2355 ‘mores
959 2290 1070 2357 consul
1094 2288 1151 2355 sun

144 2396 254 2470 potero
272 2406 374 2468 neque
392 2407 450 2449 vos
468 2384 634 2468 imperium
657 2406 771 2448 meum.
816 2384 916 2450 redite
937 2387 972 2449 in
998 2382 1146 2470 suffragiun
1177 2456 1183 2469 ι

144 2489 175 2544 et
197 2480 332 2565 cogitate
355 2478 471 2544 bellum
495 2477 651 2542 Punicum
678 2478 712 2541 in
736 2477 829 2543 Italia
852 2489 883 2543 et
905 2479 1048 2545 hostium
1067 2480 1142 2543 duca

95 2594 126 2641 10
144 2572 357 2638 Hannibalem
381 2572 472 2638 csse?
520 2581 587 2636 tum
606 2571 746 2637 centuria
764 2581 795 2636 et
814 2575 1003 2640 auctoritate
1020 2564 1140 2640 mour-it
1169 2572 1183 2639 ἑ

144 2677 175 2731 et
201 2667 421 2732 admirantium
448 2666 531 2732 circa
553 2666 680 2731 fremitu
701 2667 790 2753 petiit
812 2691 831 2732 a
853 2669 1001 2748 consule,
1027 2681 1060 2734 ut
1075 2663 1137 2731 vso
1165 2662 1183 2741 f

94 2761 222 2826 uriam
250 2761 407 2825 seniorum
434 2762 556 2827 citaret:
597 2761 677 2826 velle
705 2784 774 2827 sese
802 2784 874 2827 cum
905 2763 1072 2830 maioribus
1092 2764 1136 2823 nat

145 2853 291 2936 conloqui
309 2865 340 2919 et
358 2877 397 2919 ex
415 2856 599 2921 auctoritate
622 2877 728 2921 eorum
753 2856 900 2921 consules
919 2857 1033 2924 dicere.
1071 2848 1135 2920 ciat
1175 2890 1181 2898 ·

144 2946 296 3012 Voturiae
323 2948 497 3015 senioribus
521 2950 628 3014 datum
652 2960 773 3015 secreto
800 2950 834 3014 in
855 2950 930 3015 ovili
959 2974 1031 3016 oum
1045 2950 1135 3015 iiam
1165 2940 1182 3042 ζ

93 3061 125 3108 12
144 3042 292 3125 loquendi
306 3052 439 3129 tempus.
472 3045 610 3109 seniores
624 3045 663 3108 de
678 3045 777 3110 tribus
791 3045 1021 3111 consulendum
1033 3040 1134 3110 diram
1176 3128 1179 3133 Ι

143 3160 228 3215 osse,
252 3138 376 3203 duobus
394 3138 495 3224 plenis
513 3140 575 3204 iam
594 3139 762 3217 honorum,
791 3137 832 3222 Q.
850 3139 953 3205 Fabio
978 3151 1010 3206 et
1025 3138 1067 3205 M.
1081 3132 1136 3201 Mt·
1181 3130 1183 3135 ’

143 3232 236 3310 cello,
256 3242 300 3310 et,
326 3233 352 3297 si
371 3234 479 3316 utique
497 3255 615 3297 novum
633 3234 770 3317 aliquem
787 3234 941 3300 adversus
960 3234 1078 3301 Poenos
1091 3245 1134 3295 ott·
1164 3287 1183 3307 ‚.

144 3328 244 3391 sulem
272 3327 368 3391 creari
390 3328 520 3404 vellent,
552 3326 600 3392 M.
619 3327 747 3392 Valerio
769 3328 934 3394 Laevino:
971 3314 1135 3417 egregletl

93 3440 124 3489 13
143 3442 253 3485 versus
271 3421 454 3506 Philippum
472 3444 579 3507 regem
598 3431 679 3486 terra
697 3421 837 3505 marique
855 3444 923 3488 rem
941 3424 1081 3510 gessisse.
1111 3413 1135 3477 'tt
1175 3472 1183 3479 .

143 3515 182 3578 de
201 3515 300 3580 tribus
324 3516 550 3581 consultatione
577 3517 650 3581 data
677 3517 852 3582 senioribus
876 3518 1016 3584 dimissis
1039 3511 1135 3581 iunius

144 3610 330 3696 suffragium
358 3615 474 3676 ineunt.
519 3611 567 3675 M.
589 3611 777 3676 Marcellum
802 3611 976 3678 Claudium
1006 3612 1134 3699 fulgenter
1166 3660 1183 3697 ξ

143 3713 210 3767 tum
243 3702 352 3769 Sicilia
383 3704 500 3770 domita
532 3715 562 3769 ct
588 3704 635 3769 M.
663 3705 826 3771 Valerium
862 3706 1003 3773 absentis
1032 3696 1134 3771 consultl
1168 3728 1171 3735 ·

144 3797 296 3863 dixerunt.
333 3799 549 3864 auctoritatem
571 3801 807 3885 praerogativae
825 3823 935 3866 omnes
954 3798 1135 3893 centuriaetf·
1168 3862 1178 3883 ,-

93 3912 125 3958 14
145 3902 233 3956 outae
261 3904 342 3958 sunt.
388 3894 516 3959 eludant
541 3917 626 3960 nuno
648 3895 776 3978 antiqua
798 3895 962 3961 mirantis:
1001 3916 1059 3960 non
1079 3902 1134 3969 eqd·
1174 3900 1182 3909 “

144 3984 229 4062 dem,
261 3987 288 4050 si
310 4009 373 4070 qua
395 3988 436 4052 sit
458 3988 645 4073 sapientium
668 3989 793 4068 civitas,
821 4011 917 4074 quam
944 3989 1026 4056 docti
1048 3978 1133 4067 fingat
1169 4026 1183 4074 q
