2528 4514
294 239 408 293 mana
426 238 554 307 xxvii,
574 237 615 292 15.
630 239 672 292 ι6,
692 241 730 308 [a.
742 237 845 309 onos]
1022 227 1086 293 343

95 396 174 464 ebat
195 419 307 475 sonus,
325 396 468 462 traducit.
494 394 614 462 Fabius
628 418 700 460 oum
714 405 745 462 et
762 418 802 462 ex
820 398 968 483 temporis
983 397 1085 483 spatio
1105 419 1134 467 ιι

95 515 141 556 ex
164 491 292 558 silentio
314 492 397 576 ipso,
425 491 522 574 quod,
551 489 605 553 ubi
626 490 721 575 paulo
738 500 810 556 ante
834 492 1014 578 strepebant
1030 515 1085 559 ex·

95 596 184 653 mtes
205 595 415 669 vocantesque
438 586 480 649 ad
502 607 602 662 arma,
629 585 703 651 inde
724 586 811 652 nulla
832 587 993 653 accidebat
1009 610 1082 665 vox,

95 681 206 747 luctas
224 681 382 745 custodias
402 681 567 761 sensisset,
595 678 670 744 ferri
693 681 794 765 scalas
808 681 857 746 ad
874 704 944 747 eam
961 692 1083 768 partem

95 776 144 853 ri,
173 797 239 860 qua
259 775 454 840 Bruttiorum
478 774 637 840 cohortem
658 775 849 859 praesidium
871 777 990 862 agitare
1011 799 1084 863 pro·

95 869 178 935 onis
199 869 379 934 conciliator
395 868 605 945 nuntiaverat,
623 867 719 934 iubet.
764 868 954 954 caprimum
972 882 1083 956 captus
1103 889 1133 939 18

110 985 228 1028 murus
251 961 472 1028 adiuvantibus
494 961 777 1048 recipientibusque
794 962 926 1028 Bruttiis
948 973 979 1028 et
1001 975 1085 1031 tran·

95 1080 202 1122 insum
223 1057 256 1120 in
275 1056 384 1122 urbem
402 1065 459 1120 est.
503 1056 576 1120 inde
599 1065 630 1120 et
651 1078 805 1141 proxuma
827 1057 961 1123 refracta
981 1069 1081 1143 porto,

98 1151 261 1234 frequenti
279 1152 404 1237 agmine
422 1151 513 1237 signa
529 1150 726 1216 inferrentur.
771 1161 837 1216 tum
855 1151 990 1217 clamore
1008 1153 1083 1219 sub-
1102 1173 1132 1220 19

95 1270 112 1312 o
136 1247 198 1312 sub
221 1258 324 1312 ortum
345 1246 444 1312 ferme
465 1247 544 1311 lucis
566 1246 653 1312 nullo
675 1247 769 1313 obvio
786 1257 905 1314 armato
926 1248 960 1312 in
976 1247 1080 1315 forum

95 1341 251 1419 rveniunt‚
279 1341 442 1424 omnisque
460 1341 611 1425 undique,
639 1341 693 1424 qui
715 1341 757 1406 ad
774 1362 877 1406 arcem
895 1353 1081 1427 portumque

95 1435 250 1521 gnabant,
269 1435 302 1499 in
321 1457 355 1500 se
373 1445 602 1501 converterunt.

115 1529 211 1594 XVI.
256 1528 416 1593 Proelium
441 1529 474 1593 in
500 1529 587 1594 aditu
611 1529 673 1595 fori
698 1529 815 1594 maiore
841 1529 960 1615 impetu
986 1551 1113 1613 quaml

95 1623 283 1689 moverantia
296 1623 501 1687 commissum
519 1633 579 1687 est:
598 1645 661 1686 non
678 1622 796 1701 animo,
814 1645 879 1688 non
895 1622 999 1700 armis,
1017 1645 1082 1689 non

95 1724 121 1781 te
144 1716 231 1794 belli,
258 1738 321 1781 non
347 1716 455 1802 vigore
480 1738 518 1781 ao
543 1715 663 1781 viribus
690 1716 829 1801 corporis
853 1739 911 1802 par
936 1716 1081 1782 Romano

95 1811 239 1888 irentinus
258 1819 332 1875 erat.
360 1810 456 1896 igitur
472 1810 544 1895 pilis
562 1819 684 1874 tantum
701 1810 862 1888 coniectis,
881 1811 968 1896 prius
980 1833 1081 1897 paene
1099 1832 1113 1878 a

95 1923 149 1969 tam
161 1914 362 1970 consererent
379 1927 505 1981 manus,
533 1915 622 1990 terga
638 1904 804 1982 dederunt,
831 1904 1006 1990 dilapsique
1023 1927 1080 1991 per

95 2003 135 2061 uto
148 1998 277 2064 urbisit
266 1998 366 2062 tinera
386 1998 420 2061 in
443 2020 516 2062 suas
539 1999 772 2081 amicorumque
793 1997 914 2064 domos.
959 1999 1022 2064 duo
1040 2020 1080 2064 ex
1099 2020 1114 2067 6

95 2089 183 2158 uatus
205 2092 285 2157 Nico
308 2103 340 2157 et
327 2092 562 2156 tDemocrates
584 2091 704 2155 fortiter
725 2102 903 2178 pugnantes
925 2093 1080 2172 cecidere;

95 2177 268 2264 blenarus,
288 2207 342 2269 qur
332 2185 470 2269 prodit
462 2185 542 2250 ronis
561 2185 601 2249 ad
609 2184 823 2250 Hannibalem
841 2195 950 2251 auctor
966 2186 1078 2264 fuerat,

95 2290 189 2343 nt
150 2281 178 2344 ci
178 2290 243 2345 tato
270 2302 352 2363 equo
379 2302 418 2344 ex
444 2279 561 2364 proelio
584 2289 711 2344 avectus
734 2287 832 2356 esset,
858 2301 959 2365 vagus
984 2278 1114 2364 paulos

95 2379 128 2433 lut
141 2395 240 2457 equus
259 2396 366 2439 errans
383 2395 440 2458 per
457 2372 566 2438 urbem
585 2372 743 2462 cognitus,
771 2393 884 2457 corpus
907 2394 1079 2456 numquam

95 2477 212 2532 rentum
232 2478 293 2532 est·
325 2466 422 2531 credit
410 2476 475 2531 tum
497 2465 594 2552 vulgo
612 2477 660 2531 est
681 2465 715 2530 in
731 2474 860 2551 puteum
878 2475 1020 2551 apertum
1038 2489 1079 2532 ex

95 2569 134 2631 tuo
149 2561 298 2646 praecipit
300 2582 385 2639 asse3
418 2549 640 2625 Carthalonem
658 2568 777 2637 autem,
804 2559 997 2644 praefectum
1013 2559 1080 2625 Pu·
1098 2584 1113 2629 o

95 2645 119 2711 ti
132 2655 292 2740 praesidii,
320 2676 393 2718 cum
415 2666 638 2719 commemorat
639 2653 709 2719 ione
731 2653 852 2738 paterni
873 2654 1002 2740 hospitii
1022 2675 1080 2739 po·

95 2735 125 2806 lis
140 2748 232 2813 armis
251 2747 429 2813 venientem
447 2747 488 2811 ad
501 2747 661 2812 consulem
674 2746 764 2813 miles
778 2745 890 2813 obvius
904 2747 1077 2837 obtruncat.

95 2829 197 2908 'lalios
215 2842 335 2927 passim
354 2842 420 2906 sine
434 2841 612 2922 discrimine
625 2851 775 2920 armatos,
793 2843 922 2907 inermis
936 2845 1079 2921 caedunt,
1098 2864 1114 2912 6

95 2935 330 3021 ¹rtbaginienses
359 2919 607 3018 Tarentinosque
632 2935 757 3021 pariter.
811 2936 928 3003 Bruttii
957 2959 1080 3046 quoque

95 3021 140 3094 alti
157 3030 328 3106 interfecti,
357 3051 413 3094 seu
430 3051 486 3139 per
504 3051 639 3094 errorem
662 3051 719 3094 seu
742 3039 847 3095 vetere
865 3030 898 3094 in
915 3051 969 3095 eos
986 3031 1080 3096 insito

95 3134 123 3184 lo
141 3146 199 3189 seu
216 3125 258 3188 ad
279 3123 390 3208 prodit
381 3124 461 3189 lonis
483 3123 615 3202 famam,
642 3132 677 3188 ut
695 3125 726 3188 vi
748 3124 851 3210 potius
874 3133 967 3207 atque
985 3123 1080 3187 armis

95 3224 176 3293 otum
192 3218 312 3282 Terent
300 3226 366 3282 tum
383 3217 554 3296 videretur,
573 3227 626 3282 ext
613 3217 826 3304 tinguendam.
863 3226 929 3280 tum
947 3239 967 3280 a
984 3215 1079 3280 caede
1098 3239 1112 3284 t

108 3312 317 3397 diripiendam
335 3311 443 3376 urbem
461 3312 646 3377 discursum.
673 3311 759 3376 milia
776 3310 902 3396 triginta
921 3309 1079 3374 servilium

95 3405 187 3484 bitum
211 3407 357 3471 dicuntur
378 3406 475 3492 capti,
503 3406 623 3493 argenti
645 3407 693 3471 vis
715 3407 826 3491 ingens
849 3404 925 3469 sacti
951 3404 1081 3490 signati-

95 3517 123 3579 e,
142 3500 213 3566 auri
231 3500 392 3586 octoginta
410 3501 469 3565 tria
486 3501 572 3565 milia
589 3501 704 3586 pondo,
732 3500 822 3586 signa
844 3508 937 3582 atque
955 3498 1080 3564 tabulae

95 3609 145 3681 >pe
169 3604 205 3659 ut
228 3592 459 3680 Syracusarum
482 3607 664 3660 ornamenta
686 3593 896 3678 aequaverint.
941 3593 997 3657 sed
1015 3615 1080 3656 ma·
1098 3611 1113 3659 8

95 3710 111 3754 e
137 3690 246 3755 animo
272 3689 398 3774 generis
425 3689 492 3754 eius
519 3690 636 3773 praeda
665 3688 815 3753 abstinuit
840 3685 958 3751 Fabius
986 3707 1080 3769 quam

95 3782 238 3860 arcellus3
260 3783 315 3866 qui
331 3783 534 3868 interroganti
553 3782 687 3859 scribae,
706 3781 781 3866 quid
794 3780 861 3846 fieri
876 3779 973 3865 signis
988 3779 1081 3845 vellet

95 3877 186 3956 :entis
214 3877 482 3963 magnitudinis-
499 3877 531 3942 di
558 3887 644 3955 sunt,
672 3899 729 3941 suo
755 3875 887 3959 quisque
913 3872 1022 3940 habitu
1047 3873 1081 3939 in

95 3976 178 4041 dum
196 3973 405 4060 pugnantium
423 3972 548 4038 formati
565 4011 604 4051 -,
632 3973 706 4038 deos
723 3972 818 4037 iratos
837 3969 1014 4036 Tarentinis
1032 3991 1081 4035 re-

1247 4086 1254 4119 l
