2528 4530
73 220 76 224 ’
144 236 209 301 460
351 246 470 303 urana
486 243 646 316 xxvnn,
664 243 707 299 rr.
720 242 762 299 ra
783 242 967 313 [anemos

144 405 239 472 urbes
264 405 439 491 patiuntur,
466 403 554 488 passi
580 424 688 466 sumus
716 411 844 466 etcum
867 401 1007 466 maxime
1033 401 1155 486 patimur,
1194 410 1198 487 ξ

144 510 257 614 patres·
269 497 450 583 conscripti,
478 497 596 574 omnia,
624 517 705 581 quae
727 495 936 561 crudelissimi
959 504 1053 580 atque
1073 497 1156 582 inpor·
1192 492 1198 569 l

145 595 303 662 tunissimi
321 603 445 680 tyranm
434 592 606 657 ''scelera
597 615 631 656 ιιι
649 613 817 700 oppressos
834 591 912 655 civis
931 591 1044 669 edunt,
1060 590 1155 656 Plemi-
1191 572 1198 691 l

145 691 217 755 nius
234 689 268 753 in
284 710 342 753 nos
360 686 538 771 liberosque
556 695 680 752 nostros
700 696 731 750 et
748 685 903 796 coniuges
914 685 1027 751 ‘edidit
1191 694 1196 703 “

113 807 126 852 ι
211 782 343 848 XVIII.
386 781 568 847 Unnmt
520 790 581 858 est,
609 780 648 846 de
669 802 731 865 quo
753 779 994 845 nominatimet
1014 802 1073 845 nos
1089 760 1198 865 quadi

146 878 258 964 religio
275 876 373 941 infixa
391 876 487 941 animi
510 884 603 961 cogat
624 884 656 939 et
677 897 735 940 vos
753 874 861 940 audire
884 884 915 938 et
933 874 1092 939 exsolvere
1105 896 1154 939 ren
1190 852 1198 895 ²

146 971 306 1058 publicam
319 979 457 1035 vestram
470 968 675 1055 religione,
650 992 677 1034 s1
690 970 734 1034 ita
746 968 838 1034 vobis
852 968 1020 1047 videbitur,
1034 969 1153 1045 velimus,

112 1086 127 1134 a
146 1076 252 1153 patres
270 1064 446 1149 conscripti.
490 1063 627 1128 vidimus
645 1063 742 1141 enim,
767 1085 839 1128 cum
857 1073 976 1148 quanta
992 1063 1154 1129 caerimonia

146 1183 211 1226 non
228 1170 349 1225 vestros
368 1158 470 1223 solum
492 1157 601 1223 colatis
624 1157 714 1235 deos,
742 1158 800 1223 sed
821 1159 916 1223 etiam
934 1167 1078 1224 externos
1094 1157 1154 1222 acci

113 1273 129 1320 8
145 1256 250 1342 piatis.
285 1253 395 1319 fanum
412 1263 460 1318 est
478 1254 563 1338 apud
580 1276 638 1318 nos
656 1253 879 1339 Proserpinae,
897 1255 938 1319 de
956 1255 1047 1320 cuius
1064 1254 1154 1320 sancti

148 1358 211 1415 tate
228 1348 336 1435 templi
354 1347 447 1413 credo
465 1347 602 1432 aliquam
615 1347 734 1413 famam
747 1348 787 1413 ad
800 1370 858 1413 vos
871 1349 1054 1434 pervenisse
1061 1346 1154 1434 Pyrrhi

113 1462 128 1508 ι
148 1443 244 1522 bello,
271 1443 339 1526 qui,
363 1465 435 1508 curn
454 1465 494 1507 ex
513 1440 622 1507 Sicilia
638 1443 763 1508 rediens
780 1442 903 1508 Locros
922 1442 1025 1509 classe
1042 1452 1154 1530 practer·

147 1536 326 1614 veheretur,
353 1537 434 1601 inter
455 1536 516 1601 alia
537 1536 632 1602 foeda
658 1559 740 1621 quae
762 1546 888 1623 propter
908 1537 1007 1603 tidem
1028 1560 1100 1624 erga
1113 1557 1154 1602 ros

147 1632 181 1696 in
202 1631 360 1697 civitatem
381 1641 520 1697 nostram
541 1631 683 1698 facinora
704 1632 814 1710 edidit,
841 1633 1028 1698 thensauros
1054 1650 1154 1717 qnoque

147 1725 356 1812 Proserpinae
381 1727 515 1792 intactos
543 1728 584 1792 ad
610 1749 680 1793 eam
706 1726 789 1793 diem
813 1726 973 1813 spoliavit3
1009 1737 1100 1812 atque
1117 1727 1154 1800 itt,

113 1839 128 1885 5
145 1821 280 1906 pecunia
296 1822 330 1885 in
347 1844 444 1887 naves
461 1822 621 1907 imposita,
640 1822 709 1907 ipse
727 1831 809 1887 terra
827 1831 875 1887 est
891 1821 1062 1908 profectus.
1099 1819 1155 1907 quid

148 1937 224 2001 ergo
241 1916 359 1992 evenit,
377 1925 482 2002 patres
501 1916 687 2002 conscripti?
720 1917 830 1983 classis
847 1926 976 2002 postero
994 1917 1045 1982 die
1062 1915 1156 1982 foedis·

149 2009 229 2073 sima
251 2018 436 2095 tempestate
457 2009 594 2078 lacerata
620 2033 791 2096 omnesque
812 2034 926 2090 naves,
953 2033 1036 2096 quae
1058 2031 1156 2078 sacnn

114 2121 129 2170 6
147 2104 313 2189 pecuniam
331 2103 520 2183 habuerunt,
547 2106 693 2172 inlitora
714 2115 821 2172 nostra
844 2106 961 2171 eiectae
986 2116 1069 2171 sunt.
1112 2124 1158 2188 qua

147 2207 234 2263 tanta
256 2199 344 2265 clade
367 2199 496 2265 edoctus
519 2200 646 2266 tandem
668 2200 743 2267 deos
766 2222 837 2268 esse
860 2200 1103 2286 superbissimus
1117 2220 1158 2264 rex

146 2295 313 2380 pecuniam
339 2317 464 2361 omnem
490 2295 698 2380 conquisitam
723 2296 757 2360 in
782 2295 946 2361 thesauros
970 2295 1159 2381 Proserpinae

146 2389 254 2455 referri
267 2390 368 2456 iussit.
403 2412 461 2455 nec
475 2400 580 2455 tamen
592 2390 637 2455 illi
649 2413 800 2475 umquam
813 2401 923 2477 postea
935 2391 1081 2477 prosperi
1092 2389 1161 2474 quio·

146 2506 241 2568 quam
251 2484 364 2562 evenit,
373 2484 546 2571 pulsusque
555 2485 648 2550 Italia
656 2486 787 2572 ignobili
796 2495 890 2570 atque
903 2486 1073 2552 inhonesta
1080 2491 1161 2549 morte

112 2598 126 2644 s
146 2590 263 2644 temere
276 2589 367 2644 nocte
380 2579 542 2666 ingressus
556 2578 662 2666 Argos
677 2579 832 2646 occubuit.
859 2579 938 2645 haec
952 2602 1027 2645 cum
1042 2579 1162 2644 audisset

145 2671 269 2759 legatus
287 2682 391 2738 vester
408 2673 586 2757 tribunique
608 2674 742 2739 militum
760 2684 791 2740 et
807 2674 892 2739 mille
910 2674 988 2752 alia,
1016 2695 1099 2759 quac
1113 2692 1162 2737 non

145 2767 310 2851 augendae
336 2767 495 2854 religionis
522 2789 635 2846 causa,
673 2769 728 2834 sed
758 2768 915 2855 praesenti
946 2769 1027 2835 deae
1053 2767 1163 2835 numine

145 2879 241 2944 saepe
264 2870 420 2945 conperta
436 2861 528 2927 nobis
555 2863 787 2947 maioribusque
812 2863 929 2929 nostris
952 2863 1163 2935 referebam,
1196 2944 1198 2951 ,

111 2967 127 3016 8
145 2952 215 3016 ausi
233 2961 306 3017 sunt
323 2953 420 3019 nihilo
438 2956 542 3020 minus
560 2957 729 3044 sacrilegas
744 2959 911 3023 admovere
926 2980 1044 3025 manus
1056 2956 1163 3024 intactis
1196 2958 1198 2969 '

144 3044 206 3110 illis
224 3046 401 3113 thensauris
420 3058 452 3115 et
468 3050 606 3116 nefanda
622 3051 740 3136 praeda
757 3074 791 3118 se
808 3052 895 3137 ipsos
912 3073 952 3117 ac
974 3052 1090 3120 domos
1105 3072 1164 3118 con·

111 3158 125 3206 9
145 3140 297 3206 taminare
315 3164 389 3207 suas
407 3153 439 3208 et
459 3144 575 3209 milites
593 3155 725 3211 vestros.
761 3144 890 3230 quibus,
917 3167 977 3231 per
994 3168 1056 3213 vos
1072 3147 1164 3212 fiden-

143 3254 206 3317 que
222 3244 374 3314 vestram,
400 3247 506 3323 patres
528 3240 709 3325 conscripti,
735 3241 919 3326 priusquam
942 3263 1057 3307 eornm
1080 3240 1163 3308 scelus

144 3328 291 3412 expietis,
317 3352 418 3416 neque
444 3333 478 3396 in
499 3333 592 3399 Italia
617 3356 719 3419 neque
743 3336 776 3401 in
798 3334 910 3400 Africa
938 3336 1109 3422 quicquam
1129 3333 1164 3401 rei

21 3423 24 3429 '
143 3423 318 3508 gesseritis,
341 3447 395 3504 ne,
419 3428 505 3511 quod
520 3428 637 3514 piaculi
654 3430 890 3508 commiserunt,
914 3452 981 3496 non
1000 3454 1062 3499 suo
1079 3430 1163 3498 solun

93 3535 126 3583 ιο
144 3517 311 3602 sanguine,
339 3521 507 3587 sedetiam
529 3523 656 3609 publica
673 3525 762 3590 clade
783 3525 881 3591 luant
927 3547 1120 3612 quamquam
1133 3544 1164 3591 ne

142 3632 226 3675 nunc
251 3612 392 3695 quidem,
420 3625 524 3702 patres
551 3619 731 3728 conscripti,
763 3628 818 3684 aut
841 3619 876 3683 in
902 3620 1044 3688 ducibus
1068 3619 1164 3688 autin

142 3705 295 3771 militibus
313 3709 425 3775 vestris
444 3722 548 3777 cessat
564 3712 611 3778 ira
632 3715 724 3778 deae:
751 3712 973 3798 aliquotiens
962 3738 1032 3781 ram
1048 3717 1124 3782 inter
1137 3733 1163 3778 se

142 3799 242 3886 signis
260 3802 391 3869 conlatis
410 3816 685 3886 concucurrerunt,
712 3808 778 3872 dux
795 3807 925 3875 alterius
943 3811 1046 3896 partis
1062 3807 1164 3878 Plemi-

141 3893 227 3971 nius,
246 3895 372 3964 alterius
391 3899 454 3966 duo
471 3900 588 3966 tribuni
604 3902 740 3968 militnm
758 3913 856 3968 erant.
896 3926 966 3970 non
983 3904 1088 3974 acrius
1103 3924 1161 3970 mm

143 3942 456 4075 Carthaginiensibus
479 4016 574 4080 quam
596 3996 677 4062 inter
698 4018 732 4063 se
750 3997 812 4083 ipsi
833 3997 921 4064 ferro
939 3999 1198 4069 dimicaverint
