2528 4530
376 250 492 306 nrenn
510 251 640 320 xxvu,
656 251 682 307 e.
702 255 741 320 [a.
752 249 856 320 cam]
1065 240 1130 305 333

113 419 223 496 praetor
239 409 312 474 inde
330 408 504 484 eduxisset,
532 407 672 477 tribunos
694 407 796 493 plebis
818 409 987 494 appellavit
1003 409 1127 475 flamen.

113 512 259 569 vetustum
284 503 333 566 ius
361 501 524 567 sacerdotii
550 501 728 588 repetebat:
762 503 872 569 datum
897 503 931 569 id
956 525 1029 573 cnm
1055 515 1130 592 toga

111 607 261 684 praetexta
285 606 316 663 et
342 596 420 665 sella
445 596 545 666 curui
570 607 602 660 et
627 597 765 665 flaminio
792 619 872 664 esse.
916 606 1041 684 praetor
1065 621 1162 668 none

110 691 229 761 exoletis
247 699 404 759 vetustate
420 689 579 757 annalium
597 691 750 776 exemplis
769 701 851 759 stare
868 692 928 771 ius,
946 693 1005 759 sed
1022 714 1130 758 recen-

111 785 240 855 tissimae
256 785 409 869 cuiusque
427 785 664 853 consuetudinis
685 809 747 853 usu
763 785 903 852 volebat:
929 809 988 853 nec
1004 796 1128 873 penum

110 901 158 945 nec
173 901 306 945 avorum
322 878 475 945 memoria
482 878 609 950 Dialem
626 901 818 963 quemquam
834 881 868 945 id
884 881 935 946 ins
948 903 1129 968 usurpasse.

109 973 216 1040 tribuni
232 995 301 1039 rem
316 973 429 1038 inertia
444 973 605 1041 flaminum
622 973 819 1043 obliteratam
836 974 929 1060 ipsis,
947 998 1011 1041 non
1028 998 1131 1042 sacer·
1150 996 1182 1043 10

110 1069 185 1135 lotio
210 1068 327 1133 damno
353 1067 453 1133 fuisse
479 1090 551 1135 eum
583 1090 718 1151 aequum
743 1069 959 1148 censuissent,
993 1093 1034 1135 ne
1060 1071 1130 1156 ipso

110 1162 227 1246 quidem
248 1171 356 1231 eontra
377 1162 523 1229 tendente
545 1173 687 1247 praetore
710 1185 826 1250 magno
848 1163 985 1230 adsensu
1006 1173 1130 1249 patrum

110 1255 264 1341 plebisque
289 1255 447 1323 flaminem
472 1256 506 1320 in
534 1266 678 1325 senatum
703 1257 954 1334 introduxerunt,
982 1256 1128 1323 omnibns

110 1350 147 1415 ita
161 1349 426 1428 existimantibus,
450 1350 552 1436 magis
569 1350 733 1417 sanctitate
751 1351 833 1417 vitae
850 1373 947 1435 quam
965 1351 1130 1418 sacerdotii

109 1443 167 1511 iure
182 1466 254 1511 eam
270 1466 338 1509 rem
356 1444 514 1511 flaminem
533 1443 717 1513 obtinuisse.

165 1537 322 1606 Consules
339 1539 521 1624 priusquam
539 1539 573 1605 in
589 1539 765 1624 provincias
783 1542 877 1618 irent,
895 1540 974 1606 duas
992 1539 1128 1606 urbanas
1149 1558 1179 1604 11

109 1631 258 1721 legiones,
294 1633 327 1697 in
353 1632 606 1719 supplementum
636 1643 788 1718 quantum
815 1658 894 1721 opus
922 1644 989 1700 erat
1017 1634 1128 1701 aeteus

95 1727 287 1793 ,aercitibus
304 1726 439 1793 militum
461 1729 662 1813 scripserunt
707 1728 863 1795 urbanum
885 1738 1024 1795 veterem
1040 1751 1130 1795 exer·
1150 1747 1180 1793 12

108 1821 195 1887 citum
211 1821 346 1889 Fulvius
363 1821 474 1887 consul
490 1819 530 1887 O.
545 1821 658 1889 Fulvio
667 1821 784 1889 Flacco
800 1823 906 1910 legato
922 1860 950 1873 -·
966 1823 1063 1890 frater
1078 1823 1132 1890 hic

106 1915 238 1985 tonsrrlis
261 1925 370 1987 erat—
386 1915 420 1981 in
440 1915 601 1983 Etnrriam
622 1917 709 1985 dedit
729 1918 909 1984 ducendum
926 1928 958 1984 et
978 1919 1130 2006 legiones,

105 2032 179 2095 quae
203 2011 240 2077 in
255 2009 384 2078 Etruria
410 2021 510 2087 erant,
538 2010 675 2081 &mem
700 2013 910 2079 deducendas.
955 2023 987 2079 et
1010 2013 1130 2081 Fabius
1151 2029 1182 2077 rs

105 2105 209 2172 consul
235 2105 383 2191 reliquias
414 2105 569 2173 exercitus
595 2105 743 2175 Fulviani
774 2107 965 2191 conquisitas
990 2107 1130 2173 -fuere

103 2209 205 2267 autem
227 2199 270 2267 ad
290 2199 546 2282 quattuor,milia
566 2199 697 2267 trecenti
714 2200 921 2287 quadraginta
941 2210 1089 2284 quattuor
1105 2238 1132 2248 -

103 2292 341 2378 QMaximurn
362 2293 461 2359 lilium
486 2294 601 2361 ducere
621 2295 656 2359 in
674 2291 817 2359 Siciliam
839 2294 880 2358 ad
901 2293 950 2358 M.
969 2293 1131 2359 Valerium

99 2387 318 2474 proconsulem
338 2388 431 2455 iussit
452 2398 546 2472 atque
568 2387 608 2453 ab
626 2411 665 2455 eo
684 2388 764 2453 dues
787 2388 928 2474 legiones
951 2397 983 2452 et
1003 2387 1132 2474 triginta

97 2485 341 2570 quinqueremes
367 2483 518 2568 accipere.
567 2482 645 2546 nihil
671 2504 727 2547 eae
754 2482 866 2548 ductae
893 2504 934 2546 ex
957 2481 1062 2547 insula
1086 2481 1131 2546 le-
1151 2498 1182 2544 14

93 2579 209 2665 giones
231 2575 411 2643 minuerunt
430 2597 490 2640 nec
511 2576 629 2641 viribus
652 2596 710 2641 nec
733 2575 837 2661 specie
863 2575 931 2641 eins
952 2574 1131 2661 provinciae

90 2670 299 2759 praesidinm.
352 2693 426 2736 nam
457 2692 529 2735 cum
555 2679 679 2754 praeter
704 2670 830 2756 egregie
861 2669 1021 2755 suppletas
1051 2669 1130 2735 duas
1151 2685 1183 2732 15

90 2775 224 2832 veteres
240 2763 380 2850 legiones
399 2763 634 2850 transfugarum
652 2762 747 2829 etiam
763 2763 973 2831 Numidarum
990 2764 1131 2849 equitum

86 2858 303 2948 peditumque
320 2880 469 2944 magnam
486 2859 551 2923 vim
568 2856 712 2936 haberet,
732 2855 858 2924 Siculos
871 2878 1006 2944 quoque,
1025 2858 1080 2944 qui
1098 2859 1131 2924 in

86 2952 239 3022 exercitu
263 2951 416 3038 Epicydis
447 2961 501 3018 eut
526 2951 706 3019 Poenorum
736 2952 878 3033 fuerant,
914 2953 990 3020 belli
1013 2953 1130 3040 peritos

85 3051 199 3125 viros,
228 3047 342 3112 milites
368 3046 502 3133 scripsit.
546 3069 586 3112 ea
611 3056 739 3115 externa
764 3048 1183 3134 auxiliacumsingulis1s

84 3142 254 3213 Romanis
279 3142 456 3229 legionibus
482 3142 692 3220 adiunxisset,
719 3143 851 3209 duorum
879 3144 1018 3228 speeiem
1043 3164 1133 3208 exer-

85 3240 222 3307 cituum
243 3237 392 3305 servavitr
423 3236 519 3303 altero
540 3237 583 3304 L.
607 3236 753 3306 Cincium
779 3246 901 3322 partem
922 3236 1057 3315 insulae,
1083 3260 1132 3303 re-

86 3356 200 3424 gnum
218 3353 282 3416 qna
297 3331 448 3397 Hieronis
466 3331 584 3410 fuerat,
611 3333 691 3396 tueri
707 3331 815 3409 iussit3
845 3330 942 3395 altero
962 3330 1032 3416 ipse
1049 3340 1133 3396 cete·
1151 3355 1182 3402 rt

87 3451 168 3497 ram
184 3427 323 3493 insulam
340 3426 500 3504 tuebatur,
524 3426 659 3493 divisam
676 3426 835 3510 quondam
851 3425 988 3491 Romani
1004 3423 1133 3491 Punici·

88 3544 161 3609 que
187 3520 311 3606 imperii
335 3519 471 3597 finibus,
501 3520 603 3587 classe
630 3541 754 3605 quoque
779 3519 908 3585 narium
933 3520 1132 3606 septuaginta

89 3617 229 3706 pen-tito,
248 3625 284 3680 ut
299 3615 385 3683 omni
402 3614 523 3680 ambitu
540 3614 666 3680 litorum
683 3614 841 3700 praesidia
856 3635 930 3680 orae
947 3614 1132 3679 maritumae

91 3719 217 3779 essent
261 3709 330 3794 ipse
348 3732 419 3775 cum
437 3709 584 3776 Muttinis
608 3709 749 3793 equitatu
770 3709 962 3795 provinciam
984 3730 1133 3795 peragra-
1152 3731 1183 3780 18

92 3806 168 3883 bat,
197 3813 234 3869 ut
250 3803 366 3870 viseret
386 3826 480 3891 agros
501 3803 648 3887 cultaque
670 3803 710 3869 ab
728 3803 853 3869 incultis
875 3812 998 3869 notaret
1015 3813 1045 3869 et
1062 3824 1133 3890 pen·

93 3899 176 3965 inde
193 3897 339 3964 dominos
356 3897 498 3964 laudaret
513 3898 754 3984 castigaretque.
797 3898 842 3963 ita
863 3907 985 3963 tantum
1002 3920 1040 3962 ea
1058 3919 1133 3963 cure
1153 3920 1183 3968 19

93 3991 253 4060 frumenti
270 3993 424 4079 provenit,
443 4002 478 4058 ut
495 4003 527 4058 et
543 3992 678 4059 Romam
695 3993 831 4059 mitteret
849 4001 880 4058 et
894 3991 1040 4058 Catinam
1057 4015 1133 4058 con-
