2528 4530
1242 40 1256 171 a

208 223 275 289 484
459 230 577 286 LIBER
594 229 695 299 XXX,
716 229 741 284 1.
755 230 781 283 ἲ.
801 232 840 298 [a.
849 246 877 283 ιι.
888 246 913 285 c.
922 228 988 298 551]
1243 176 1256 287 'l

211 413 337 475 quoque
356 388 440 454 enim
463 386 645 475 proconsuli
666 386 834 472 imperium
855 387 890 451 in
912 410 1032 452 annum
1053 390 1220 475 prorogaba·
1249 384 1256 429 '¹

175 509 194 556 4
212 498 263 551 tur
275 523 302 532 -
315 486 355 550 P.
364 484 490 549 Licinio
510 483 702 548 succederet.
729 481 905 547 isRomam
921 494 1139 561 reverteretur,
1155 483 1218 550 bdlo
1249 508 1256 521 ·

212 603 338 664 quoque
364 581 467 645 bonus
490 578 616 643 habitus
640 578 682 643 ad
703 588 823 655 cetera,
851 577 967 661 quibus
989 601 1085 644 nemo
1106 602 1142 644 ea
1161 590 1220 644 ten·
1251 632 1256 639 .

176 686 336 761 spestate
361 674 542 739 instructior
568 672 646 738 civis
673 671 859 738 habebatur.
907 673 1071 759 congestis
1099 673 1218 739 omnibu

212 768 359 833 humanis
379 769 419 833 ab
436 780 549 832 natura
566 768 755 851 fortunaque
768 767 861 833 bonis
875 767 991 832 nobilis
1005 768 1092 833 idem
1105 791 1141 833 ac
1152 769 1218 836 dives

213 875 294 940 erat,
312 863 415 927 forma
432 861 614 946 viribusque
632 860 772 947 corporis
790 860 980 939 excellebat,
999 862 1218 929 facundissimus

213 957 389 1021 habebatur
411 978 469 1021 scu
491 977 588 1020 causa
608 956 729 1020 oranda
745 977 804 1020 scu
824 955 859 1019 in
875 966 1002 1033 senatu,
1031 957 1075 1021 ad
1093 957 1219 1044 populun

215 1051 369 1116 suadendi
387 1072 424 1115 ac
442 1048 647 1115 dissuadendi
663 1049 752 1114 locus
771 1061 871 1127 esset,
893 1049 971 1115 iuris
994 1051 1146 1137 pontificii
1160 1051 1219 1138 peri·

179 1167 195 1213 s
214 1145 367 1211 tissimus.
412 1168 507 1232 super
532 1144 612 1209 haec
632 1143 765 1209 bellicae
787 1166 912 1229 quoque
934 1144 1040 1210 laudis
1064 1146 1218 1213 consulatus

180 1262 193 1306 ι
215 1250 393 1326 compotem
413 1239 543 1305 fecerat.
587 1239 674 1322 quod
694 1238 729 1303 in
744 1239 879 1305 Bruttiis
901 1240 1080 1325 provincia,
1106 1241 1218 1306 idemin

213 1334 343 1400 Etruria
361 1355 399 1398 ac
415 1333 591 1419 Liguribus
609 1333 786 1399 decretum:
811 1335 861 1398 M.
880 1331 1052 1400 Cornelius
1069 1358 1150 1401 novo
1165 1357 1218 1401 con·

214 1428 276 1492 suli
302 1428 426 1492 tradere
457 1427 630 1492 exercitum
660 1426 786 1507 iussus3
820 1428 890 1514 ipsc
914 1439 1088 1516 prorogato
1112 1428 1218 1516 imperio

215 1520 354 1586 Galliam
370 1521 566 1608 provinciam
584 1521 726 1588 obtinere
745 1543 818 1586 cum
834 1522 1014 1609 legionibus
1032 1522 1087 1601 iis,
1105 1545 1175 1608 quas
1186 1522 1216 1586 L.

180 1637 196 1684 8
216 1612 400 1681 Scribonius
418 1615 522 1702 priore
540 1639 622 1681 anno
645 1615 817 1682 habuisset
861 1616 964 1681 sortiti
985 1617 1102 1683 deinde
1118 1617 1218 1705 provin·

215 1709 295 1775 cias:
314 1707 469 1796 Caepioni
476 1709 593 1787 Brutti,
609 1708 745 1777 Servilio
752 1709 888 1777 Gemino
895 1712 1028 1777 Etruria
1036 1713 1148 1779 evenit.
1170 1724 1218 1777 tun

181 1825 196 1872 9
213 1814 395 1889 praetorum
410 1804 591 1890 provinciae
608 1805 642 1868 in
660 1816 778 1870 sortem
791 1804 966 1871 coniectae:
982 1805 1062 1872 iuris
1076 1804 1217 1873 dictionem
1253 1888 1256 1897 .

213 1897 368 1961 urbanam
380 1898 500 1962 Paetus
513 1898 642 1976 Aelius,
662 1896 842 1963 Sardiniam
854 1901 893 1965 P.
907 1899 1084 1979 Lentulus,
1104 1900 1217 1967 Siciliam

213 1989 384 2067 RVrllius,
398 1991 580 2055 Ariminum
589 2014 662 2057 cum
671 1993 794 2058 duabus
803 1993 982 2080 legionibus
991 2035 1019 2043 -
1028 1994 1217 2061 subLucretio

215 2082 332 2170 Spurio
354 2107 411 2150 cae
433 2085 604 2152 fuerunt-
622 2085 795 2169 Quintilius
816 2090 924 2157 Varus
951 2102 1002 2155 est
1029 2091 1163 2157 sortitus.
1196 2100 1218 2155 ct

213 2179 366 2246 Lucretio
387 2192 593 2267 prorogatum
614 2181 795 2268 imperium,
822 2193 858 2248 ut
881 2183 1030 2250 Genuam
1052 2187 1219 2274 oppiduma

164 2294 196 2341 10
213 2273 355 2361 Magone
372 2276 483 2341 Poeno
510 2276 648 2341 dirutum
671 2279 899 2343 exaedificaret.
950 2280 991 2345 P.
1016 2278 1156 2367 Scipioni
1172 2300 1219 2344 non

213 2368 380 2455 temporis,
417 2370 474 2435 scd
499 2370 545 2434 rei
571 2372 730 2457 gerendae
756 2373 832 2450 fine,
869 2374 969 2438 donec
997 2374 1218 2441 debellatumin

162 2485 193 2530 11
212 2463 326 2529 Africa
342 2464 439 2542 foret,
464 2477 670 2553 prorogatum
687 2466 854 2554 imperium
876 2479 925 2533 est
943 2468 1175 2557 decretumque,
1194 2477 1219 2532 ut

213 2558 401 2645 supplicatio
423 2559 527 2638 fieret,
554 2561 640 2643 quod
661 2560 690 2626 is
712 2561 746 2626 in
766 2561 912 2627 Africam
932 2563 1132 2648 provinciam
1151 2562 1218 2630 truie

212 2653 321 2731 cisset,
348 2665 384 2718 ut
406 2677 516 2721 cares
543 2655 689 2720 salutaris
711 2656 829 2742 populo
851 2657 998 2724 Romano
1024 2658 1148 2746 ipsique
1166 2655 1219 2725 duci
1253 2724 1256 2729 Δ

213 2759 306 2830 atque
325 2749 477 2813 exercitui
495 2760 590 2815 esset.

179 2861 191 2905 1
276 2842 321 2905 H.
365 2843 405 2906 In
425 2842 567 2909 Siciliam
594 2845 654 2909 tria
678 2845 766 2910 milia
791 2846 857 2910 mili
871 2871 924 2911 um
951 2861 1028 2914 sunt
1056 2850 1178 2938 scripta,
1199 2858 1219 2910 et

212 2934 284 3016 quia
303 2937 388 3018 quod
405 2939 527 3003 roboris
541 2963 579 3004 ea
591 2940 754 3027 provincia
767 2941 921 3007 habuerat
933 2940 968 3007 in
981 2944 1131 3011 Africam
1142 2958 1219 3011 trane

211 3040 337 3093 vectum
355 3030 459 3096 fuerat
476 3043 508 3096 et
526 3033 614 3118 quia,
632 3058 673 3100 ne
691 3057 754 3118 qua
772 3035 883 3101 classis
902 3059 942 3102 ex
955 3037 1075 3104 Africa
1093 3040 1219 3113 baicerel,

211 3122 421 3210 quadraginta
452 3126 587 3192 navibus
622 3127 772 3194 custodiri
802 3129 966 3216 placuerat
994 3131 1127 3200 Siciliae
1150 3129 1220 3199 mari

176 3228 331 3283 atumam
359 3241 456 3285 oram.
502 3221 652 3286 tredecim
678 3246 778 3288 novas
805 3246 903 3290 naves
929 3225 1051 3293 leius
1081 3223 1221 3295 secuml!

176 3331 191 3376 3
212 3308 353 3376 Siciliam
372 3313 475 3389 duxit,
502 3326 625 3380 ceterae
646 3308 681 3379 in
699 3313 808 3382 Sicilia
831 3330 955 3384 veteres
977 3323 1130 3390 refectae.
1169 3319 1221 3386 huic

210 3405 305 3470 classi
321 3406 370 3471 M.
387 3408 599 3494 Pomponius,
617 3411 731 3498 prioris
750 3413 824 3477 anni
841 3424 978 3499 praetor,
997 3430 1168 3506 prorogato
1180 3415 1222 3480 im

209 3500 296 3585 perio
314 3504 513 3588 praepositus
526 3529 627 3571 novos
641 3507 757 3572 milites
772 3529 813 3572 ex
825 3507 919 3573 Italia
931 3510 1090 3580 advectos
1103 3514 1136 3579 in
1145 3529 1222 3577 nares

174 3615 191 3659 4
208 3595 368 3681 imposuit.
404 3621 514 3683 parem
532 3601 661 3666 navium
677 3625 844 3667 numerum
859 3600 920 3669 On.
931 3603 1093 3688 Octavio,
1110 3601 1223 3695 praetori

208 3688 284 3753 item
301 3690 415 3775 prioris
433 3693 521 3773 anni,
550 3716 622 3758 cum
638 3695 708 3782 pari
725 3696 793 3760 iure
810 3697 922 3784 imperi
941 3700 985 3764 ad
1002 3702 1155 3769 tuendam
1166 3697 1222 3769 Str·

209 3781 312 3848 diniae
339 3807 427 3850 oram
452 3798 559 3872 patres
588 3790 808 3872 decreverunt3
840 3791 1000 3860 Lentulus
1030 3808 1156 3884 praetor
1174 3793 1221 3859 tu

173 3896 189 3942 s
208 3877 295 3942 milia
311 3879 444 3945 militum
462 3883 537 3949 dare
554 3884 589 3949 in
606 3909 704 3951 naves
722 3885 840 3953 iussus.
885 3899 917 3953 et
934 3889 1056 3958 Italiae
1078 3916 1144 3970 ora,
1166 3885 1220 3974 quit

208 3969 361 4038 incertum
374 3987 451 4055 erat,
462 3999 524 4061 quo
538 3979 666 4046 missuri
680 3982 816 4048 classem
827 3980 1117 4073 Carthaginienses
1130 3987 1219 4055 forat
