2528 4514
148 240 191 309 78'
385 252 742 325 amaaxxnmaaa
762 250 947 322 [ausser]

112 415 258 482 cluisset
283 420 403 500 patres,
436 411 555 476 tardius
583 418 778 497 erogaretur,
808 408 996 475 inviolatum
1022 408 1059 474 ab
1082 408 1101 473 h

146 531 258 597 agrum
287 506 386 572 misso
416 505 552 571 Romam
585 503 705 588 Quinto
734 503 800 568 filio
830 503 986 582 vendidit,
1021 503 1101 568 fiden

144 602 303 688 publicam
319 599 471 687 inpendio
488 599 611 685 privato
630 597 774 663 exsolvit

107 717 126 764 a
209 694 372 761 Hannibal
397 716 456 780 pro
480 691 617 759 Gereoni
639 692 820 770 moenibus,
848 691 938 757 cuius
960 691 1048 757 urbis
1069 713 1101 756 ca

146 801 240 875 atque
265 789 412 854 incensae
438 787 479 853 ab
506 809 541 851 se
562 787 602 857 in
617 809 711 851 usum
732 785 917 851 horreorum
940 783 1055 873 [haud]
1076 808 1101 871 pr

95 906 128 954 ro
145 887 313 970 reliquerat
330 895 426 963 tecta,
449 884 483 948 in
506 882 627 948 stativis
645 891 721 948 erat.
765 881 839 946 inde
855 883 1081 946 frumentatum
1095 902 1101 943 ι

146 980 301 1046 exercitus
331 987 437 1065 partes
467 976 624 1055 mittebat,
656 998 729 1041 cum
760 977 851 1041 tertia
880 976 949 1062 ipse
974 976 1101 1062 expedit

146 1075 279 1140 statione
309 1082 375 1139 erat
401 1072 496 1138 simul
524 1072 635 1136 castris
660 1070 818 1158 praesidio
845 1081 877 1136 et
903 1072 1101 1158 circumspect

145 1169 288 1232 necunde
304 1168 441 1253 impetus
458 1167 492 1230 in
510 1166 752 1231 frumentatores
770 1166 868 1231 fieret.

112 1283 123 1328 1
209 1263 364 1329 ΧΧΠΠ.
408 1263 572 1328 Romanus
599 1272 673 1326 tunc
700 1261 855 1326 exercitus
871 1261 914 1324 in
937 1282 1015 1346 agro
1036 1261 1101 1324 Lar]

146 1370 220 1424 erat.
256 1367 399 1445 praeerat
416 1357 578 1423 Minucius
596 1357 748 1444 magister
765 1357 905 1442 equitum
922 1354 1101 1441 profectas

111 1469 126 1516 a
145 1462 217 1518 ante
231 1453 425 1531 dictumest,
444 1452 485 1516 ad
498 1451 609 1517 urbem
623 1452 784 1516 dictatore.
813 1459 950 1515 ceterum
965 1458 1080 1527 castra,
1096 1472 1101 1511 r

144 1547 176 1610 in
199 1558 306 1612 monte
324 1546 387 1612 alto
406 1568 444 1611 ac
460 1555 528 1611 tuto
545 1545 617 1610 loco
635 1545 740 1630 posita
756 1543 897 1623 fuerant,
920 1544 985 1608 iam
1002 1544 1036 1608 in
1052 1543 1101 1630 pla

145 1640 336 1720 deferuntur,
356 1639 617 1728 agitabanturque
630 1661 688 1726 pro
705 1639 832 1726 ingenio
851 1638 941 1704 ducis
953 1637 1088 1704 'consilia

145 1735 248 1814 diora,
284 1745 319 1798 ut
348 1735 485 1820 impetus
513 1734 627 1798 autin
652 1733 893 1798 frumentatores
918 1731 1043 1818 palatos
1069 1754 1101 1796 au

112 1838 248 1893 ceastre
265 1828 373 1894 relicta
392 1850 464 1892 cum
485 1827 548 1892 levi
569 1826 727 1912 praesidio
749 1826 846 1892 fieret.
890 1847 950 1890 nec
967 1824 1101 1890 Hanniba

145 1921 258 1986 fefellit
280 1944 352 1987 cum
375 1923 455 1987 duce
473 1931 626 1986 mutatam
644 1943 715 1986 esse
732 1920 808 1986 belli
824 1922 978 1986 rationem
996 1929 1028 1985 et
1045 1920 1101 1984 fert

112 2036 129 2083 4
147 2037 241 2100 quam
260 2016 433 2082 consultius
451 2038 518 2081 rem
536 2015 643 2081 hostes
661 2025 818 2102 gesturos.
863 2015 932 2101 ipse
951 2023 1072 2093 autem,
1093 2035 1101 2078 t

145 2111 274 2175 minime
292 2110 362 2196 quis
381 2111 534 2187 crederet,
562 2131 635 2174 cum
657 2110 757 2176 hostis
779 2109 909 2196 propius
933 2119 1031 2187 esset,
1059 2117 1101 2173 ter

144 2213 265 2288 partem
292 2205 426 2269 militum
453 2205 677 2270 frumentatum
704 2203 827 2269 duabus
854 2205 886 2268 in
913 2205 1025 2268 castris
1053 2211 1101 2268 ret

110 2319 125 2366 5
144 2297 277 2377 dimisit,
296 2300 369 2364 dein
387 2308 490 2364 castra
507 2299 577 2384 ipsa
594 2298 723 2384 propius
741 2298 866 2363 hostem
883 2298 982 2362 movit
1000 2296 1101 2363 duos<

144 2415 164 2456 a
183 2389 340 2458 Gereonio
359 2393 447 2459 milia
464 2394 496 2457 in
514 2392 671 2457 tumulum
689 2393 773 2458 hosti
791 2401 1010 2478 conspectum,
1028 2401 1065 2456 ut
1080 2391 1101 2455 ir

143 2496 211 2551 tum
229 2489 323 2553 sciret
340 2510 411 2553 esse
429 2489 470 2552 ad
487 2487 744 2565 frumentatores,
764 2488 791 2552 si
809 2487 937 2572 quavis
955 2486 1060 2564 fieret,
1078 2495 1101 2550 tt

109 2580 211 2648 edos.
255 2582 384 2667 propior
408 2581 483 2645 inde
510 2581 539 2644 ei
565 2590 658 2665 atque
684 2581 762 2666 ipsis
785 2581 941 2646 inminens
963 2579 1101 2646 Romane

144 2674 254 2740 castris
281 2675 422 2740 tumulus
445 2676 607 2760 apparuit3
639 2675 680 2740 ad
707 2698 801 2761 quem
828 2675 1031 2760 capiendum,
1059 2675 1086 2740 si

142 2767 248 2852 palam
269 2768 376 2846 iretur,
404 2769 478 2852 quia
500 2769 586 2834 haud
609 2769 704 2835 dubie
726 2770 826 2835 hostis
848 2769 992 2835 breviore
1013 2771 1066 2834 via
1090 2791 1101 2855 1

110 2882 124 2927 7
143 2869 294 2927 venturus
313 2872 393 2940 erat,
411 2873 504 2928 nocte
522 2863 603 2928 clam
622 2864 711 2929 missi
728 2864 885 2930 Numidae
902 2873 1064 2949 ceperunt.
1098 2894 1101 2920 ι

143 2956 277 3021 tenentis
304 2955 408 3021 locum
436 2967 616 3043 contempta
641 2958 798 3043 paucitate
821 2958 958 3023 Romani
980 2967 1101 3044 postero

109 3066 125 3115 8
144 3070 216 3112 cum
234 3048 434 3129 deiecissent,
462 3052 525 3137 ipsi
549 3073 586 3116 eo
609 3051 802 3116 transferunt
821 3063 936 3116 castra.
981 3061 1050 3116 turn
1072 3060 1101 3115 ut

143 3144 293 3231 exiguum
319 3147 412 3231 spatii
438 3145 558 3211 vallum
585 3169 605 3211 a
630 3146 714 3211 vallo
741 3147 850 3212 aberat
875 3157 907 3211 et
932 3146 966 3210 id
987 3147 1093 3232 ipsum

141 3258 239 3324 prope
266 3238 467 3326 conpleverat
492 3239 637 3305 Romana
668 3241 766 3319 acies,
804 3239 897 3305 simul
929 3249 961 3304 et
986 3263 1043 3325 per
1069 3263 1101 3305 ar

142 3341 246 3396 castra
262 3329 302 3414 (e,
314 3333 423 3398 eastris
441 3332 650 3419 Hannibalis)
674 3334 831 3418 equitatus
850 3355 923 3400 cum
940 3334 1004 3398 levi
1022 3357 1101 3399 arma

141 3425 278 3491 emissus
298 3426 333 3491 in
354 3426 596 3493 frumentatores
620 3427 683 3493 late
701 3429 831 3494 caedem
847 3428 1023 3514 fugamque
1040 3428 1101 3494 hos

109 3519 317 3605 spalatorum
339 3521 424 3586 fecit.
469 3543 528 3586 nec
550 3521 617 3586 acie
639 3531 758 3587 certare
779 3521 944 3588 Hannibal
966 3545 1078 3600 ausus,

142 3623 229 3680 tanta
240 3615 398 3701 paucitate
410 3616 466 3680 vix
479 3624 591 3693 castra,
611 3616 638 3682 si
652 3626 918 3705 oppugnarentur,
938 3617 1034 3682 tutari
1046 3625 1101 3703 pot

92 3725 125 3774 10
141 3707 267 3794 iamque
292 3708 414 3775 artibus
436 3709 530 3774 Fabii
557 3708 643 3795 (pars
671 3712 827 3777 exercitus
854 3710 963 3775 aberat
988 3710 1053 3775 iam
1080 3710 1101 3775 fr

143 3802 281 3869 sedendo
308 3811 339 3868 et
364 3803 541 3869 cunctando
565 3802 683 3868 bellum
705 3804 836 3892 gerebat
856 3814 1081 3890 receperatque

142 3897 175 3960 in
192 3897 296 3982 priora
315 3906 430 3975 castra,
449 3919 531 3982 quae
548 3920 606 3983 pro
627 3895 765 3964 Gereoni
782 3897 948 3965 moenibus
967 3908 1067 3964 erant.

92 4009 123 4056 11
207 3988 296 4055 Iusta
309 4012 433 4076 quoque
449 3992 517 4058 acie
531 4002 563 4058 et
581 3992 711 4058 conlatis
731 3993 829 4080 signis
849 3994 1033 4061 dimicatum
1050 3995 1101 4082 qui
