2528 4514
251 225 366 281 mssa
383 226 485 298 xxn,
504 227 602 283 18.19.
623 231 661 298 [a.
671 227 703 286 c.
713 227 780 295 217]
989 220 1028 285 73

79 402 149 465 quan
159 384 266 450 nolendo
282 393 376 468 atque
394 384 518 471 agendo
535 385 701 473 proficere,
719 385 796 453 haut
813 409 944 473 parvam
960 412 1028 455 rem
1048 410 1083 458 ro
1179 396 1182 401 ’

79 472 266 544 sedunens
288 479 406 544 victore
428 480 519 545 hoste
542 481 626 546 vinci
648 481 782 560 desisse,
810 480 851 547 ab
873 483 1029 549 continuis

79 565 326 658 daduuspirasse
342 609 388 621 -
404 573 482 639 haec
499 576 692 660 nequiquam
712 576 908 662 praemonito
929 578 1031 666 magi-

79 662 223 743 madum
237 667 373 733 Romam
391 680 439 735 est
455 669 627 754 profectus.

122 751 215 824 XVIIII.
253 761 415 849 Principio
433 764 575 842 aestatis,
600 786 662 848 qua
679 763 759 830 baec
775 764 974 853 gerebantur,
996 767 1031 832 in
1048 787 1063 838 1

79 846 176 932 liquuit
198 879 312 941 quoque
348 867 430 924 terra
465 859 606 943 marique
641 869 787 946 coeptum
821 859 940 927 bellurn
970 871 1029 928 est.

79 938 191 1012 Iulubal
204 952 238 1015 ad
254 973 328 1017 eum
349 952 479 1018 navium
500 974 680 1032 numerum,
707 974 802 1038 quem
823 978 845 1020 a
865 955 961 1023 fratre
982 955 1065 1026 ΞΜ

79 1042 170 1141 ΜΒ
184 1058 378 1132 paratumque
400 1060 577 1132 acceperat,
604 1048 713 1114 decem
736 1048 859 1115 adiecit.
894 1050 1065 1135 quadra-o

79 1134 230 1233 Quidum
247 1139 383 1206 classem
399 1140 574 1207 Himilconi
591 1142 698 1220 tradit,
722 1150 816 1226 atque
831 1142 877 1207 ita
895 1141 1029 1210 Cartha-

79 1230 252 1311 &aelectus
273 1234 409 1300 navibus
431 1257 529 1322 prope
553 1244 668 1300 terram
691 1236 863 1302 exercitum
883 1235 918 1301 in
938 1236 1029 1304 litore
1087 1287 1090 1291 -

79 1312 155 1387 Iuebl
168 1337 283 1412 paratus
311 1331 492 1419 confligere,
524 1351 723 1415 quacumque
748 1339 837 1417 parte
867 1330 1029 1418 copiarum

79 1404 314 1490 bbnounisset.
361 1423 421 1491 Cn.
442 1423 551 1512 Scipio
572 1434 742 1512 postquam
763 1425 902 1493 movisse
924 1446 965 1492 ex
980 1425 1066 1494 hi-l.

79 1500 132 1577 lui
145 1513 251 1583 hostem
277 1518 410 1597 audivit,
438 1521 539 1606 primo
561 1520 646 1585 idem
668 1519 789 1586 consilii
814 1519 889 1598 firit3
916 1518 1029 1586 deinde

79 1600 197 1677 busana
211 1623 339 1698 propter
354 1614 516 1700 ingentem
533 1614 651 1679 famam
669 1635 823 1680 novorum
841 1613 1030 1680 auxiliorum

79 1720 183 1771 warne
202 1730 312 1786 ausus,
340 1707 461 1773 delecto
482 1708 581 1774 milite
603 1708 644 1773 ad
665 1730 763 1775 naves
785 1707 922 1794 inposito
939 1709 1030 1793 quin-

79 1801 268 1888 tettriginta
293 1802 423 1867 navium
449 1802 551 1868 classe
577 1804 623 1868 ire
650 1802 776 1868 obviam
802 1800 886 1869 hosti
915 1803 1028 1891 pergit.

79 1911 112 1957 no
128 1892 163 1960 ab
181 1895 357 1963 Tarracone
379 1897 430 1962 die
453 1897 494 1962 ad
517 1897 683 1964 stationem
709 1897 820 1963 decem
845 1897 932 1964 milia
956 1919 1067 1984 pas-o

79 2006 108 2051 m
128 1988 283 2056 distantem
309 1990 349 2056 ab
376 1991 457 2059 ostio
483 1991 598 2058 Hiberi
628 1992 729 2058 amnis
759 1992 912 2078 pervenit.
955 1992 1029 2058 inde

79 2079 357 2150 eldassiliensium
393 2085 619 2173 speculatoriae
649 2086 842 2173 praemissae
872 2086 1028 2163 rettulere,

79 2194 142 2240 acm
153 2176 300 2244 Punicam
323 2188 406 2245 stare
422 2179 456 2245 in
473 2180 553 2246 ostio
570 2179 708 2246 fluminis
727 2190 892 2266 castraque
909 2181 944 2246 in
960 2181 1029 2265 ripa

79 2265 127 2332 Its
160 2271 254 2357 itaque
276 2283 313 2338 ut
333 2273 514 2360 inprovidos
537 2274 744 2358 incautosque
765 2275 915 2340 universo
934 2273 1028 2339 simul
1046 2294 1063 2343 6

79 2382 119 2428 uo
143 2372 243 2434 tenore
275 2369 478 2454 opprimeret,
515 2367 646 2434 sublatis
678 2369 801 2434 ancoris
833 2368 873 2433 ad
903 2368 1028 2432 hostem

79 2454 107 2521 ἢ
1026 2458 1029 2463 ,

79 2548 180 2620 Multas
211 2565 242 2620 et
267 2555 345 2622 locis
372 2557 444 2623 altis
470 2559 589 2644 positas
616 2557 711 2623 turris
739 2556 897 2643 Hispania
922 2553 1027 2633 habet,

79 2666 118 2709 »us
145 2657 175 2711 et
205 2649 341 2734 speculis
374 2660 405 2715 et
435 2650 680 2738 propugnaculis
711 2651 864 2717 adversus
890 2650 1027 2715 latrones

79 2746 137 2804 on.
178 2742 250 2807 inde
277 2743 380 2829 primo
403 2745 578 2830 conspectis
601 2745 740 2810 hostium
761 2743 897 2812 navibus
919 2744 1028 2810 datum
1047 2766 1063 2813 7

79 2852 126 2897 um
149 2833 344 2901 Hasdrubali
371 2848 433 2916 est,
465 2839 680 2924 tumultusque
706 2840 793 2927 prius
819 2839 854 2904 in
884 2848 966 2904 terra
997 2847 1028 2904 et

79 2926 112 2993 u's
130 2950 224 3012 quam
242 2932 283 2995 ad
301 2954 387 2997 mare
406 2933 495 2998 etad
513 2956 609 2999 naves
628 2943 675 2999 eat
693 2943 794 3013 ortus,
817 2934 959 3000 nondum
975 2943 1030 2998 aut

79 3041 264 3089 eremorum
284 3027 476 3111 strepituque
495 3026 556 3092 alio
574 3028 700 3093 nautico
718 3028 865 3094 exaudito
882 3036 938 3092 aut
955 3047 1029 3112 ape-

79 3115 147 3183 ibus
169 3120 304 3185 classem
324 3122 562 3206 promunturiis,
589 3144 662 3187 cum
682 3133 811 3209 repente
833 3144 929 3206 eques
947 3121 1066 3188 aliuss

79 3213 209 3278 ralium
231 3212 271 3279 ab
289 3213 492 3280 Hasdrubale
513 3216 631 3282 missus
653 3239 751 3304 vagos
774 3217 808 3280 in
829 3216 919 3281 litore
941 3213 1029 3297 quie-

79 3326 110 3372 ue
134 3308 166 3372 in
192 3308 334 3374 tentoriis
362 3310 442 3389 suis,
469 3310 547 3374 nihil
572 3311 677 3375 minus
703 3331 798 3394 quam
824 3310 948 3374 hostem
974 3317 1029 3372 aut

79 3399 149 3466 lium
175 3424 213 3468 eo
234 3403 286 3469 die
309 3405 516 3490 expectantis,
544 3404 755 3470 conscendere
776 3425 873 3468 naves
895 3423 1028 3489 propere

79 3516 92 3560 e
116 3520 204 3562 arma
229 3504 342 3584 capere
368 3498 469 3564 iubet:
497 3496 632 3563 classem
653 3498 831 3563 Romanam
852 3498 917 3561 iam
942 3495 1028 3560 haud

79 3590 104 3655 ul
124 3600 219 3677 portu
242 3614 321 3657 esse.
366 3593 444 3658 haec
467 3594 587 3676 equites
609 3592 732 3657 dimissi
753 3591 872 3678 passim
894 3591 1064 3675 impera-9

79 3736 80 3745 ,
124 3707 202 3751 mox
227 3684 411 3751 Hasdrubal
440 3686 510 3772 ipse
536 3686 720 3752 cumomni
746 3684 884 3750 exercitu
911 3684 1027 3760 aderat,

79 3802 145 3864 que
161 3780 270 3846 omnia
287 3781 423 3846 tumultu
442 3790 583 3868 strepunt
599 3779 762 3846 ruentibus
776 3780 810 3844 in
821 3801 918 3844 naves
934 3777 1027 3843 simul

79 3873 167 3962 gibus
186 3872 400 3959 militibusque
418 3874 608 3962 fugientium
625 3874 728 3961 magis
746 3896 764 3939 e
781 3882 864 3940 terra
881 3893 976 3959 quam
994 3872 1027 3937 in

79 3992 135 4036 am
162 3968 305 4034 euntium
332 3969 435 4035 modo.
480 3970 611 4035 vixdum
641 3970 744 4036 omnis
770 3968 1025 4045 conscenderant,
1047 3987 1084 4034 ιο·
