2528 4514
143 246 208 311 398
359 253 478 310 LIBER
495 253 637 322 XXVIII,
657 251 752 308 13.14.
771 257 810 322 [a.
820 270 848 308 u.
860 271 886 309 c.
903 254 968 325 548]

144 438 180 484 se
197 416 265 482 fore
282 436 393 502 parem
410 411 602 477 multitudini
620 422 719 490 ratus,
736 422 774 477 ut
785 434 852 478 non
864 411 901 477 in
915 414 1052 500 speciem
1065 439 1082 482 s:

110 519 379 598 supponerentur
405 507 613 572 barbarorum
639 506 775 583 auxilia,
812 529 920 592 neque
949 508 985 572 in
1009 509 1046 574 iis
1070 522 1081 575 t

144 616 267 670 tantum
284 603 398 669 virium
415 601 612 689 ponendum,
630 611 666 665 ut
682 602 836 667 mutando
853 603 969 682 fidem,
989 626 1082 688 quae«

143 721 242 765 causa
258 696 373 763 finisset
389 696 471 783 patri
487 705 677 781 patruoque,
703 719 858 783 magnum
876 710 1069 765 momentum

110 803 223 864 arent.
266 791 442 879 praemisso
471 789 580 856 Silano
607 791 649 855 ad
675 788 833 856 Culcham
860 793 1082 881 duodetriginta

142 887 226 975 pidis
248 897 449 972 regnantem,
476 896 512 950 ut
534 885 657 970 equites
678 887 868 973 peditesque
891 889 933 953 ab
962 911 1015 967 eo,
1042 912 1082 973 qu

109 1006 126 1052 4
142 1006 201 1071 per
217 982 356 1047 hiemem
374 980 626 1067 conscripturum
643 981 802 1067 pollicitus
821 992 906 1060 erat,
925 984 1082 1070 acciperet,

143 1079 184 1144 ab
202 1078 383 1143 Tarracone
404 1076 565 1162 profectus
586 1075 731 1163 protinus
755 1078 795 1142 ab
818 1077 930 1156 sociis,
961 1079 1015 1164 qui
1036 1101 1082 1144 acc

142 1172 242 1250 viam,
268 1172 394 1237 modica
416 1170 630 1236 contrahendo
654 1171 770 1236 auxilia
792 1169 1006 1239 Castulonem
1024 1197 1082 1260 perr

109 1290 181 1336 ceo
209 1267 345 1332 adducta
369 1267 411 1331 ab
430 1264 540 1331 Silano
568 1265 686 1330 auxilia
711 1266 773 1331 tria
793 1266 882 1332 milia
902 1268 1082 1354 peditum«

142 1362 231 1450 genti
248 1360 380 1446 equites.
411 1361 485 1426 inde
504 1361 546 1425 ad
561 1361 737 1426 Baeculam
749 1363 867 1427 urbem
884 1386 1082 1450 progressus«

143 1455 284 1522 exercitu
311 1455 426 1519 civium
448 1454 621 1533 sociorum,
648 1454 791 1541 peditum
814 1457 1019 1541 equitumque
1037 1457 1082 1539 qui

110 1561 176 1619 eet
202 1550 411 1637 quadraginta
437 1549 575 1615 milibus.
628 1559 733 1614 castra
758 1551 907 1637 ponentis
935 1574 992 1617 eos
1016 1551 1082 1636 Mag

142 1645 320 1711 Masinissa
337 1644 513 1711 cumomni
536 1644 676 1729 equitatu
699 1645 843 1731 adgressi
867 1657 956 1724 sunt,
984 1648 1082 1712 turbas

144 1762 204 1824 que
228 1739 412 1817 munientis,
439 1739 473 1803 ni
495 1739 594 1804 abditi
615 1750 690 1826 post
712 1740 868 1804 tumulum
890 1752 1082 1827 opportunea

142 1834 283 1920 positum
309 1835 349 1898 ab
369 1831 518 1919 Scipione
541 1835 662 1918 equites
688 1833 851 1921 inproviso
874 1834 908 1898 in
930 1834 1082 1901 effusosin

111 1928 269 1994 rrissent.
314 1928 344 1992 ei
363 1929 637 2015 promptissimum
658 1951 816 2014 quemque
838 1939 870 1994 et
892 1931 1032 2015 proxime
1049 1927 1082 1992 vd

144 2033 238 2105 atque
255 2021 288 2085 in
301 2021 388 2108 ipsos
402 2023 576 2089 munitores
588 2024 725 2110 primum
738 2024 901 2089 invectum
914 2025 1038 2089 vixdum
1047 2046 1082 2110 pr

142 2116 219 2182 inito
237 2117 396 2181 fuderunt.
441 2139 513 2182 cum
532 2118 659 2196 ceteris,
682 2118 737 2202 qui
754 2119 816 2184 sub
835 2119 937 2206 signis
956 2130 1043 2204 atque
1056 2140 1082 2183 or

143 2211 278 2297 agminis
301 2211 510 2289 incesserant,
538 2213 663 2298 longior
685 2223 717 2277 et
734 2213 789 2277 diu
812 2214 964 2299 ambigua
980 2236 1073 2301 pugna

108 2308 202 2374 used
236 2329 309 2371 cum
344 2307 384 2371 ab
420 2307 609 2372 stationibus
644 2308 781 2394 primum
816 2309 985 2396 expeditae
1018 2309 1082 2373 coho

142 2403 256 2468 deinde
275 2425 315 2467 ex
333 2424 428 2486 opere
452 2402 578 2466 deducti
599 2403 715 2468 milites
738 2414 832 2488 atque
856 2427 946 2469 arma
968 2425 1069 2492 capere

141 2498 248 2585 plures
271 2506 302 2563 et
325 2495 441 2582 integri
462 2497 558 2562 fessis
581 2498 724 2563 subirent
745 2521 963 2584 magnumque
981 2501 1039 2563 iam
1056 2520 1082 2582 ag

142 2602 333 2658 armatorum
351 2614 371 2655 a
388 2591 500 2657 castris
515 2592 548 2655 in
561 2592 717 2678 proelium
729 2603 849 2671 rueret,
868 2603 962 2680 terga
979 2592 1082 2657 haudt'

109 2707 123 2753 9
143 2697 269 2752 vertunt
284 2685 388 2751 Poeni
404 2686 634 2770 Numidaeque.
679 2698 711 2753 et
732 2687 835 2773 primo
859 2688 1022 2752 turmatim
1046 2686 1082 2751 ab

141 2781 220 2845 nihil
236 2791 362 2867 praeter
379 2805 530 2868 pavorem
548 2783 823 2849 festinationemve
841 2784 986 2850 confusis
1000 2783 1082 2850 ordin

142 2874 229 2952 dein,
256 2886 426 2961 postquam
444 2877 547 2942 acrius
565 2877 684 2943 ultimis
706 2878 867 2943 incidebat
883 2879 1049 2944 Romanus
1068 2900 1082 2940 n

142 2968 291 3034 sustineri
316 2969 453 3057 impetus
479 2982 617 3057 poterat,
649 2972 728 3037 nihil
754 2972 818 3037 iam
844 2973 995 3038 ordinum
1019 2995 1082 3037 men

140 3065 261 3151 passim
279 3087 477 3148 quacumque
495 3067 675 3152 proximum
696 3067 757 3132 fuit
777 3067 812 3131 in
829 3068 944 3154 fugam
963 3068 1082 3134 effundo

91 3180 122 3226 10
142 3169 174 3224 et
191 3181 383 3244 quamquam
401 3184 439 3226 eo
456 3160 576 3246 proelio
591 3161 784 3246 aliquantum
793 3162 952 3226 Romanis
973 3162 1082 3228 auctis

140 3253 253 3318 minuti
270 3254 415 3320 hostibus
431 3254 527 3319 animi
542 3267 645 3334 erant,
664 3266 770 3321 tamen
784 3256 977 3339 aliquotiens
994 3255 1082 3343 [peri

141 3349 265 3432 quentis
284 3349 352 3414 dies
371 3350 411 3414 ab
430 3350 668 3416 excursionibus
683 3351 824 3435 equitum
838 3350 987 3435 levisque
1002 3373 1082 3416 arma

140 3454 300 3508 cessatum
318 3455 377 3508 est.

108 3559 120 3604 1
205 3535 323 3602 XIIII.
359 3537 426 3605 Ubi
445 3539 522 3604 satis
540 3549 711 3626 temptatae
728 3561 786 3624 per
803 3538 884 3604 haec
901 3540 990 3605 levia
1007 3551 1082 3605 certa

140 3631 223 3695 vires
239 3641 322 3709 sunt,
339 3632 426 3718 prior
436 3634 622 3698 Hasdrubal
634 3634 668 3697 in
683 3633 782 3698 aciem
797 3633 906 3719 copias
923 3635 1043 3712 eduxit,
1062 3633 1082 3696 d

106 3745 120 3792 2
140 3737 172 3791 et
188 3726 326 3792 Romani
342 3749 537 3814 processere.
579 3729 636 3793 sed
652 3739 786 3813 utraque
805 3729 890 3793 acies
908 3753 971 3815 pro
990 3729 1070 3795 vallo

140 3819 307 3899 instructa,
327 3832 448 3887 etcum
467 3823 507 3887 ab
525 3824 643 3888 neutris
662 3846 771 3909 pugna
790 3833 903 3908 coepta
923 3835 1026 3901 esset,
1045 3823 1082 3887 iar

140 3912 182 3975 ad
199 3935 347 3980 occasum
363 3916 534 3982 inclinante
553 3942 572 3983 a
588 3918 698 3983 Poeno
716 3917 820 4003 prius,
840 3917 958 3983 deinde
978 3919 1018 3983 ab
1032 3917 1082 3981 Ro]

104 4004 173 4073 ain
200 4018 304 4073 castra
329 4011 439 4096 copiae
464 4011 623 4077 reductae.
676 4011 737 4078 hoo
763 4010 848 4076 idem
874 4034 936 4098 per
963 4009 1082 4078 diesal
