2528 4530
143 232 210 300 222
404 242 524 299 LIBER
540 241 642 313 XXV,
659 240 724 297 18.
744 240 928 313 [amam]

144 402 301 488 quaedam
319 399 432 468 Cumis
458 422 523 465 non
547 400 628 464 ictae
654 399 750 464 modo
775 397 977 476 fulminibus,
1005 398 1065 464 sod
1090 398 1181 465 etiarn

145 500 308 563 decussae.
334 495 436 561 Reate
455 516 568 559 saxum
584 494 697 580 ingens
715 493 821 557 visum
838 493 984 571 volitare,
1004 492 1055 559 sol
1071 492 1181 559 rubero

111 593 237 661 ssolito
263 591 366 678 magis
394 590 631 676 sanguineoque
658 588 779 653 similis.
828 589 941 654 horum
967 587 1181 674 prodigiorum

145 709 242 752 causa
259 685 343 750 diem
360 707 459 749 unum
477 683 664 770 supplicatio
685 683 746 748 fuit
764 693 795 748 et
811 705 869 769 per
886 683 1006 767 aliquot
1022 683 1094 748 dies
1112 704 1181 748 oon·

145 780 230 845 sules
252 778 347 844 rebus
370 777 485 842 divinis
509 799 638 863 operam
660 778 812 843 dederunt
836 788 867 842 et
889 799 947 863 per
968 777 1100 842 eosdem
1117 777 1179 843 dies

145 896 270 940 sacrum
288 871 485 936 novemdiale
502 872 572 936 fuit.

94 990 128 1038 10
211 966 295 1032 (bam
313 965 556 1030 Tarentinorum
574 965 710 1031 defectio
727 966 792 1030 iam
809 965 865 1030 diu
882 976 914 1029 et
931 965 965 1029 in
984 987 1042 1050 spe
1059 963 1178 1029 Hanni-

144 1062 209 1127 bali
231 1071 262 1126 et
282 1061 316 1124 in
338 1060 516 1146 suspicione
539 1060 693 1125 Romanis
715 1070 813 1138 esset,
845 1081 943 1125 causa
965 1059 1046 1124 forte
1069 1059 1181 1124 extrin-

93 1180 124 1226 11
145 1178 237 1222 secus
254 1155 460 1220 maturandae
479 1155 547 1219 eius
565 1153 742 1219 intervenit.
777 1154 908 1220 Phileas
918 1154 1110 1219 Tarentinus
1126 1154 1180 1221 diu

144 1251 208 1315 iam
224 1271 283 1335 per
300 1250 438 1335 speciem
455 1249 622 1335 legationis
635 1248 758 1313 Romae
776 1271 849 1313 cum
866 1259 967 1327 esset,
985 1247 1036 1313 vir
1052 1249 1180 1333 inquieti

144 1343 241 1409 animi
259 1353 290 1408 ct
306 1343 436 1408 minime
454 1343 566 1420 otium,
593 1364 656 1427 quo
678 1354 746 1408 tum
768 1343 889 1408 diutino
913 1363 1079 1408 senescere
1094 1341 1180 1407 vide-

144 1439 250 1516 batur,
268 1438 430 1525 patientis,
453 1438 574 1502 aditum
592 1436 653 1501 sibi
670 1438 712 1502 ad
729 1437 856 1502 obsides
875 1437 1036 1502 Thurinos
1053 1435 1177 1501 invenit.

93 1555 126 1602 12
145 1531 402 1598 custodiebantur
423 1531 456 1595 in
478 1531 557 1595 atrio
575 1530 748 1595 Libertatis
771 1531 890 1596 minore
913 1553 1002 1609 cura,
1030 1530 1103 1615 quia
1120 1551 1177 1595 neo

94 1651 126 1698 13
144 1627 222 1714 ipsis
240 1649 300 1692 nec
317 1625 436 1691 civitati
453 1648 562 1690 eorum
580 1625 688 1690 fallere
705 1626 870 1691 Romanos
888 1625 1085 1711 expediebat.
1117 1623 1172 1689 hos

143 1722 262 1788 crebris
288 1721 463 1805 conloquiis
495 1720 677 1786 sollicitatos
709 1721 863 1806 corruptis
890 1720 1025 1786 aedituis
1056 1719 1171 1785 duobus

145 1840 218 1881 cum
243 1815 353 1902 primis
377 1815 514 1880 tenebris
543 1816 686 1881 custodia
707 1816 882 1894 eduxisset,
908 1816 979 1901 ipse
1001 1837 1106 1881 comes
1125 1834 1170 1879 oc·

92 1934 127 1978 14
145 1909 220 1974 culti
237 1909 357 1974 itineris
374 1908 478 1973 factus
496 1909 646 1995 profugit.
691 1909 761 1974 luce
783 1910 886 1994 prima
907 1909 1037 1995 volgata
1056 1932 1111 1995 per
1125 1930 1181 1997 ιιι-1

145 2004 218 2068 bem
245 2002 324 2088 fuga
350 2015 411 2082 est,
447 2003 600 2088 missique
625 2004 681 2088 qui
707 2014 912 2088 sequerentur
942 2003 983 2068 ab
1011 2002 1167 2069 Tarracina

145 2118 348 2182 comprensos
366 2097 469 2162 omnis
486 2107 690 2162 retraxerunt.
727 2097 854 2163 deducti
873 2098 907 2163 in
925 2098 1053 2163 comitio
1070 2095 1181 2182 nrgis·

144 2213 206 2275 que
224 2190 418 2277 adprobante
434 2191 552 2278 populo
571 2215 655 2257 caesr
645 2193 712 2257 de
731 2215 808 2257 saxo
827 2193 1013 2258 deiciuntur.

112 2308 125 2352 1
209 2284 306 2350 VIII.
341 2285 449 2351 Huius
467 2286 614 2351 atrocitas
632 2309 773 2396 poenae
767 2287 900 2352 duarum
916 2287 1162 2353 nobilissimam

143 2379 292 2445 inItalia
309 2377 504 2447 Graecarum
526 2381 701 2446 civitatium
723 2381 844 2447 animos
866 2381 1005 2446 inritavit
1030 2403 1100 2447 cnm
1117 2398 1160 2464 pu·

110 2494 125 2541 2
144 2474 272 2551 blioe,t
259 2484 327 2540 tum
345 2475 439 2540 etiam
458 2474 599 2584 singulos
617 2475 777 2560 privatim,
800 2477 987 2585 utquisque
1006 2486 1071 2541 tam
1086 2468 1181 2540 scalt?

143 2568 347 2655 interemptos
375 2579 429 2634 aut
458 2570 692 2655 propinquitate
724 2580 778 2635 aut
804 2570 941 2635 amicitia
968 2568 1158 2657 contingebat·

109 2685 184 2731 sex
209 2663 249 2727 iis
275 2664 425 2729 tredecim
452 2664 519 2730 fere
544 2665 666 2731 nobiles
692 2666 823 2730 invenes
850 2663 1013 2730 Tarentini
1040 2664 1159 2733 coniuw

110 2779 127 2823 4
144 2767 270 2834 verunt,
297 2778 432 2840 quorum
453 2759 611 2845 principes
628 2758 708 2824 Nico
731 2769 762 2823 et
778 2758 984 2825 Philemenus
1004 2768 1100 2825 erant.
1135 2748 1158 2819 bl

143 2849 327 2933 priusquam
350 2851 468 2935 aliquid
488 2862 665 2930 moverent,
688 2853 942 2938 conloquendum
967 2876 1041 2920 cum
1057 2846 1158 2919 Hand·

144 2942 216 3008 bale
232 2945 306 3021 rati,
325 2955 416 3010 nocte
433 2968 491 3032 per
508 2947 645 3033 speciem
664 2948 800 3012 venandi
817 2947 895 3013 urbe
913 2949 1037 3035 egressi
1054 2946 1155 3014 adom
1178 2984 1181 2993 ·

110 3058 127 3104 5
143 3037 394 3147 proficiscuntur
438 3051 470 3105 et
491 3063 565 3107 oum
580 3041 667 3106 baud
683 3041 794 3128 procul
811 3052 878 3107 cast
867 3042 922 3107 tris
940 3042 1098 3121 abessent,
1116 3056 1154 3103 co·

144 3133 202 3197 teri
220 3133 300 3199 silva
312 3156 410 3221 prope
422 3135 507 3201 viam
521 3157 592 3201 sese
605 3136 822 3215 occuluerunt,
840 3136 921 3202 Nico
933 3136 1153 3204 etPhilenuu

144 3229 302 3314 progressi
319 3230 361 3295 ad
379 3230 529 3297 stationes
548 3231 842 3343 comprehensique,
871 3232 953 3297 ultro
976 3232 1010 3296 id
1027 3236 1156 3331 petefflg

111 3339 126 3387 o
145 3322 186 3387 ad
202 3321 416 3390 Hannibalem
438 3325 565 3390 deducti
587 3335 670 3391 sunt.
715 3326 770 3410 qui
792 3347 865 3391 cum
887 3336 919 3391 et
936 3348 1052 3393 causas
1068 3315 1157 3391 consil
1179 3358 1181 3363 ·

145 3416 195 3480 sui
217 3427 248 3482 et
269 3419 346 3528 quid
367 3431 514 3506 pararent
536 3422 770 3506 exposuissent,
798 3421 976 3487 conlaudati
998 3418 1158 3501 oneratiqttt

143 3510 307 3596 promissis
325 3513 486 3594 iubentur,
513 3524 548 3579 ut
568 3514 664 3580 fidem
685 3515 889 3602 popularibus
908 3517 1064 3595 facerent,
1088 3529 1158 3601 prat·

144 3604 240 3671 dandi
262 3628 359 3673 causa
381 3631 416 3674 se
437 3608 515 3674 urbe
537 3630 697 3696 egressos,
725 3632 839 3696 pecora
858 3608 1158 3698 Carthaginiensium»

111 3717 225 3783 aquae
246 3711 373 3786 pastum
392 3703 544 3789 propulsa
566 3713 685 3781 essent,
712 3705 754 3769 ad
775 3704 885 3770 urbem
907 3726 1017 3792 agere3
1052 3713 1116 3770 tuto
1132 3714 1159 3763 ιθ

145 3793 212 3858 sine
230 3796 404 3862 certamino
421 3797 454 3861 id
477 3797 616 3863 facturos
639 3799 829 3884 promissum
852 3808 909 3864 est
954 3807 1120 3887 conspecta
1132 3790 1181 3859 θ’

143 3889 287 3971 praeda
277 3913 427 3956 ruvenum
445 3902 507 3970 est,
534 3893 701 3977 minusque
722 3895 836 3959 iterum
857 3917 895 3961 ac
918 3895 1047 3982 saepius
1067 3894 1100 3960 id
1118 3906 1161 3957 eol

108 3980 259 4049 saudere
284 3984 434 4053 miraculo
460 3986 529 4053 fuit
574 3989 736 4076 congressi
762 4011 834 4057 cum
859 3988 1043 4057 Hannibale
1067 4002 1163 4056 mrsut
