2528 4514
139 179 169 246 »0
345 185 463 242 LIBER
480 183 580 254 XXX,
599 183 641 237 16.
656 183 698 237 17.
718 184 757 254 [a.
766 201 795 239 n.
805 202 830 239 c.
839 184 900 255 551]

124 371 230 417 recum
253 343 392 410 indutias
418 341 528 420 facite,
554 341 693 409 Romam
719 341 762 406 ad
787 352 930 407 senatum

114 441 221 533 gatos?
273 439 319 504 ita
348 436 470 503 dimissi
497 433 781 523 Carthaginienses
807 435 911 503 nullas

108 536 305 607 condiciones
331 533 419 620 pacis
446 554 520 597 cum
545 530 758 610 censuissent,
790 531 934 619 quipps‹

104 631 256 720 temporis
273 636 475 713 quaererent,
493 627 569 691 dum
582 625 747 692 Hannibal
764 626 799 691 in
816 627 934 692 Africa

102 730 226 815 legatos
253 723 332 789 alios
360 722 401 787 ad
424 719 620 807 Scipionem,
647 731 683 785 ut
707 719 849 788 indutias
874 722 934 787 fact

103 824 242 891 Romam
258 818 301 883 ad
317 837 430 905 pacem
445 815 616 901 petendam
632 815 775 894 mittunt,
803 816 934 883 ducenti

104 918 244 1006 speciem
261 913 404 1001 captivos
421 912 636 998 perfugasque
658 923 691 978 ct
707 911 876 999 fugitivos,
903 935 934 998 qr

103 1012 197 1078 bilior
213 1032 279 1096 pax
296 1018 391 1073 esset

71 1131 83 1176 1
166 1103 282 1169 XVII.
334 1100 447 1165 Multis
479 1110 552 1165 ante
579 1099 691 1165 diebus
718 1100 852 1166 Laelius
883 1124 934 1167 cur

102 1198 357 1287 primoribusque
373 1194 583 1260 Numidarum
608 1193 742 1282 captivis
764 1195 904 1261 Romam
925 1219 934 1260 i

103 1293 217 1378 quein
234 1291 347 1356 Africa
369 1300 461 1376 gesta
482 1299 591 1354 essent
612 1288 720 1354 omnia
741 1289 853 1355 ordine
875 1312 934 1376 exp

102 1389 178 1465 bus,
205 1384 327 1472 ingenti
348 1383 512 1449 hominum
534 1392 566 1448 et
586 1381 621 1447 in
636 1405 790 1470 praesens
808 1383 927 1449 laetitia

68 1503 83 1551 2
102 1503 174 1546 rum
193 1502 260 1567 spe.
288 1477 424 1544 consulti
439 1477 514 1541 inde
531 1488 638 1564 patres
655 1499 765 1564 regem
782 1477 817 1541 in
830 1479 934 1544 custod

103 1575 292 1641 mittendum
320 1584 524 1651 censuersmt,
550 1571 699 1637 Laelium
725 1572 934 1652 retinendum,

68 1690 84 1738 3
102 1671 170 1758 gari
182 1667 464 1755 Carthaginienses
481 1666 634 1733 venirent.
671 1668 861 1754 supplicatio
878 1668 934 1752 int

102 1764 230 1830 decreta
248 1773 306 1828 est.
349 1763 390 1828 P.
407 1762 521 1828 Aelius
540 1772 665 1848 praetor
688 1773 800 1828 senatu
823 1764 921 1829 misso

67 1859 176 1925 sinde
203 1858 357 1923 advocata
386 1879 458 1921 cum
486 1856 525 1924 C.
552 1857 665 1923 Laelio
693 1858 740 1922 in.
755 1870 861 1924 rostra
888 1881 934 1925 es<

102 1975 178 2018 vero
211 1951 375 2017 audientes
406 1952 497 2018 fusos
525 1950 838 2040 Carthaginiensium
868 1977 934 2020 exe]

102 2047 221 2113 victum
247 2057 279 2114 et
305 2057 433 2133 captum
457 2047 595 2134 ingentis
620 2047 756 2113 nominis
784 2071 914 2136 regem,

66 2164 228 2213 oomnem
254 2142 384 2229 egregia
410 2142 541 2207 victoria
565 2153 780 2229 peragratam,
817 2144 934 2209 tacitun

101 2236 254 2324 gaudium
275 2260 340 2302 uon
361 2248 521 2322 poterant,
549 2237 623 2320 quin
646 2237 836 2303 clamoribus
860 2240 926 2323 quil

68 2331 269 2401 smultitudo
296 2331 377 2396 solet
403 2331 554 2396 laetitiam
580 2331 769 2397 inmodicam
798 2334 918 2419 signifi(

101 2447 162 2509 que
187 2435 315 2512 praetor
341 2426 500 2510 extemplo
528 2426 644 2504 edixit,
680 2427 726 2491 uti
753 2429 871 2492 aeditui
903 2454 909 2491 ,⁴

100 2532 167 2587 tota
183 2523 262 2588 urbe
281 2521 448 2606 aperirent,
466 2521 680 2589 circumeundi
699 2523 900 2607 salutandiqu

100 2615 194 2699 dique
230 2627 336 2703 grates
371 2638 429 2701 per
464 2625 564 2680 totum
596 2616 680 2681 diem
709 2618 827 2703 populo
858 2643 892 2703 p<

66 2720 227 2794 spostero
259 2709 310 2774 die
340 2710 462 2796 legatos
489 2709 682 2775 Masinissae
712 2712 745 2775 in
777 2727 884 2777 senati·

99 2803 248 2887 gratulati
268 2804 406 2890 primum
429 2805 552 2869 senatui
575 2816 662 2883 sunt,
690 2808 775 2889 quod
792 2807 831 2871 P.
853 2806 875 2871 S

64 2916 149 2964 8res
176 2897 209 2961 in
232 2897 345 2963 Africa
371 2899 538 2986 gessisset3
575 2898 688 2964 deinde
715 2901 833 2986 gratias
862 2927 867 2955 ι

97 2991 306 3057 Masinissam
332 3017 397 3059 non
423 2993 614 3079 appellasset
641 2996 736 3059 modo
762 3018 858 3080 regen

96 3085 293 3153 restituendo
310 3087 343 3151 in
361 3100 527 3173 paternum
545 3111 692 3173 regnum,
721 3090 753 3152 in
772 3111 834 3171 quo

97 3181 272 3258 sublatum,
301 3181 328 3245 si
345 3182 389 3245 ita
405 3181 548 3267 patribus
568 3183 671 3246 visum
690 3194 787 3260 esset,
818 3183 843 3247 si

63 3292 77 3338 a
97 3275 213 3340 tamine
232 3287 317 3341 esset
334 3288 537 3361 regnaturus,
567 3276 639 3341 dein
663 3277 834 3342 conlaudat·

97 3369 299 3455 amplissimis
327 3370 508 3435 decorasset
534 3372 725 3448 honoribus3
762 3372 825 3454 quil

96 3474 182 3528 esset
206 3474 238 3528 et
265 3464 392 3528 dedisse
419 3487 548 3550 operam
569 3465 777 3530 Masinissam
804 3490 816 3530 ε

47 3576 79 3622 10
96 3580 177 3623 esse.
221 3568 345 3644 petere,
371 3570 407 3624 ut
427 3559 550 3646 regium
572 3583 688 3625 nomon
707 3573 808 3625 cetera

44 3670 73 3715 11
95 3652 208 3716 neficia
229 3662 261 3716 et
282 3676 414 3718 munera
437 3666 564 3719 senatus
589 3655 714 3719 decreto
738 3678 797 3720 con

94 3746 263 3811 molestum
290 3760 394 3826 esset,
429 3749 507 3812 illud
539 3771 662 3832 quoque
693 3762 791 3834 pstea

92 3837 247 3904 Numidas
276 3842 432 3928 captivos,
465 3843 519 3925 qui
544 3843 666 3908 Romae
694 3844 727 3907 in
755 3867 780 3907 or

93 3929 266 3998 mitterent:
298 3934 330 3998 id
350 3936 409 4000 sibi
428 3938 566 4023 amplum
586 3938 670 4024 apud
693 3962 775 4025 popo
