<?xml version="1.0" encoding="UTF-8"?>
<!DOCTYPE html PUBLIC "-//W3C//DTD XHTML 1.0 Transitional//EN"
    "http://www.w3.org/TR/xhtml1/DTD/xhtml1-transitional.dtd">
<html xmlns="http://www.w3.org/1999/xhtml" xml:lang="en" lang="en">
 <head>
  <title>
</title>
<meta http-equiv="Content-Type" content="text/html;charset=utf-8" />
  <meta name='ocr-system' content='tesseract 3.04.00' />
  <meta name='ocr-capabilities' content='ocr_page ocr_carea ocr_par ocr_line ocrx_word'/>
</head>
<body>
  <div class='ocr_page' id='page_1' title='image "./titiliviaburbec00weisgoog_0392.png"; bbox 0 0 2528 4514; ppageno 0'>
   <div class='ocr_carea' id='block_1_1' title="bbox 149 221 914 301">
    <p class='ocr_par' dir='ltr' id='par_1_1' title="bbox 149 221 914 301">
     <span class='ocr_line' id='line_1_1' title="bbox 149 221 914 301; baseline -0.003 -15"><span class='ocrx_word' id='word_1_1' title='bbox 149 221 213 286; x_wconf 78' lang='grc'><strong>270</strong></span> <span class='ocrx_word' id='word_1_2' title='bbox 410 229 527 286; x_wconf 84' lang='lat' dir='ltr'>LIBER</span> <span class='ocrx_word' id='word_1_3' title='bbox 544 229 656 301; x_wconf 85' lang='lat' dir='ltr'>XXVI,</span> <span class='ocrx_word' id='word_1_4' title='bbox 674 228 699 282; x_wconf 84' lang='lat'><strong>5.</strong></span> <span class='ocrx_word' id='word_1_5' title='bbox 719 229 756 299; x_wconf 88' lang='lat' dir='ltr'><strong>[a.</strong></span> <span class='ocrx_word' id='word_1_6' title='bbox 767 247 795 283; x_wconf 92' lang='grc' dir='ltr'><strong>ιι.</strong></span> <span class='ocrx_word' id='word_1_7' title='bbox 808 245 831 284; x_wconf 77' lang='lat' dir='ltr'><strong>c</strong></span> <span class='ocrx_word' id='word_1_8' title='bbox 841 228 914 298; x_wconf 64' lang='lat'><strong>543]</strong></span> 
     </span>
    </p>
   </div>
   <div class='ocr_carea' id='block_1_2' title="bbox 93 385 1197 3752">
    <p class='ocr_par' dir='ltr' id='par_1_2' title="bbox 113 385 1197 659">
     <span class='ocr_line' id='line_1_2' title="bbox 113 385 1197 473; baseline -0.002 -19"><span class='ocrx_word' id='word_1_9' title='bbox 113 388 325 461; x_wconf 82' lang='lat' dir='ltr'><strong>aretinendae</strong></span> <span class='ocrx_word' id='word_1_10' title='bbox 351 385 515 451; x_wconf 77' lang='lat' dir='ltr'>trahebant</span> <span class='ocrx_word' id='word_1_11' title='bbox 541 408 643 451; x_wconf 86' lang='lat' dir='ltr'><strong>aurae.</strong></span> <span class='ocrx_word' id='word_1_12' title='bbox 695 385 769 451; x_wconf 87' lang='lat' dir='ltr'><strong>vicit</strong></span> <span class='ocrx_word' id='word_1_13' title='bbox 796 395 902 450; x_wconf 87' lang='lat' dir='ltr'><strong>tamen</strong></span> <span class='ocrx_word' id='word_1_14' title='bbox 928 395 1088 473; x_wconf 84' lang='lat' dir='ltr'><strong>respectus</strong></span> <span class='ocrx_word' id='word_1_15' title='bbox 1106 387 1151 457; x_wconf 82' lang='lat' dir='ltr'><strong>Ca·</strong></span> <span class='ocrx_word' id='word_1_16' title='bbox 1190 412 1197 452; x_wconf 80' lang='lat' dir='ltr'><strong>s</strong></span> 
     </span>
     <span class='ocr_line' id='line_1_3' title="bbox 144 477 1197 570; baseline 0.001 -22"><span class='ocrx_word' id='word_1_17' title='bbox 144 504 240 570; x_wconf 83' lang='lat' dir='ltr'><strong>puae,</strong></span> <span class='ocrx_word' id='word_1_18' title='bbox 271 481 303 547; x_wconf 92' lang='lat' dir='ltr'><strong>in</strong></span> <span class='ocrx_word' id='word_1_19' title='bbox 324 501 420 564; x_wconf 91' lang='lat' dir='ltr'><strong>quam</strong></span> <span class='ocrx_word' id='word_1_20' title='bbox 443 478 583 544; x_wconf 90' lang='lat' dir='ltr'><strong>omnium</strong></span> <span class='ocrx_word' id='word_1_21' title='bbox 606 478 760 544; x_wconf 89' lang='lat' dir='ltr'><strong>sociorum</strong></span> <span class='ocrx_word' id='word_1_22' title='bbox 782 477 988 563; x_wconf 85' lang='lat' dir='ltr'><strong>hostiumque</strong></span> <span class='ocrx_word' id='word_1_23' title='bbox 1010 501 1150 549; x_wconf 80' lang='lat' dir='ltr'><strong>conversos</strong></span> <span class='ocrx_word' id='word_1_24' title='bbox 1194 482 1197 497; x_wconf 77' lang='lat'><strong>¹</strong></span> 
     </span>
     <span class='ocr_line' id='line_1_4' title="bbox 144 572 1153 659; baseline 0 -18"><span class='ocrx_word' id='word_1_25' title='bbox 144 575 271 642; x_wconf 87' lang='lat' dir='ltr'><strong>videbat</strong></span> <span class='ocrx_word' id='word_1_26' title='bbox 288 574 423 652; x_wconf 92' lang='lat' dir='ltr'><strong>animos,</strong></span> <span class='ocrx_word' id='word_1_27' title='bbox 442 573 629 638; x_wconf 87' lang='lat' dir='ltr'><strong>documento</strong></span> <span class='ocrx_word' id='word_1_28' title='bbox 647 572 784 651; x_wconf 83' lang='lat' dir='ltr'><strong>futurae,</strong></span> <span class='ocrx_word' id='word_1_29' title='bbox 803 572 1069 659; x_wconf 81' lang='lat' dir='ltr'><strong>qualemcumque</strong></span> <span class='ocrx_word' id='word_1_30' title='bbox 1084 597 1153 641; x_wconf 84' lang='lat' dir='ltr'><strong>eren·</strong></span> 
     </span>
    </p>

    <p class='ocr_par' dir='ltr' id='par_1_3' title="bbox 111 665 1153 1131">
     <span class='ocr_line' id='line_1_5' title="bbox 111 665 1152 757; baseline -0.002 -23"><span class='ocrx_word' id='word_1_31' title='bbox 111 693 126 740; x_wconf 83' lang='lat'><strong>3</strong></span> <span class='ocrx_word' id='word_1_32' title='bbox 145 680 212 734; x_wconf 92' lang='lat' dir='ltr'><strong>tum</strong></span> <span class='ocrx_word' id='word_1_33' title='bbox 230 667 363 733; x_wconf 85' lang='lat' dir='ltr'><strong>defectio</strong></span> <span class='ocrx_word' id='word_1_34' title='bbox 385 665 425 732; x_wconf 91' lang='lat' dir='ltr'><strong>ab</strong></span> <span class='ocrx_word' id='word_1_35' title='bbox 443 666 595 732; x_wconf 87' lang='lat' dir='ltr'><strong>Romanis</strong></span> <span class='ocrx_word' id='word_1_36' title='bbox 617 665 787 732; x_wconf 76' lang='lat' dir='ltr'><strong>habuisset.</strong></span> <span class='ocrx_word' id='word_1_37' title='bbox 832 666 932 752; x_wconf 89' lang='lat' dir='ltr'><strong>igitur</strong></span> <span class='ocrx_word' id='word_1_38' title='bbox 953 690 1073 755; x_wconf 75' lang='lat' dir='ltr'><strong>magns</strong></span> <span class='ocrx_word' id='word_1_39' title='bbox 1088 680 1152 757; x_wconf 78' lang='lat' dir='ltr'><strong>parta</strong></span> 
     </span>
     <span class='ocr_line' id='line_1_6' title="bbox 143 760 1152 848; baseline -0.01 -21"><span class='ocrx_word' id='word_1_40' title='bbox 143 762 437 847; x_wconf 86' lang='lat' dir='ltr'><strong>impedimentorum</strong></span> <span class='ocrx_word' id='word_1_41' title='bbox 457 760 566 826; x_wconf 88' lang='lat' dir='ltr'><strong>relicta</strong></span> <span class='ocrx_word' id='word_1_42' title='bbox 587 760 620 824; x_wconf 92' lang='lat' dir='ltr'><strong>in</strong></span> <span class='ocrx_word' id='word_1_43' title='bbox 641 760 772 825; x_wconf 90' lang='lat' dir='ltr'><strong>Bruttiis</strong></span> <span class='ocrx_word' id='word_1_44' title='bbox 799 770 831 825; x_wconf 88' lang='lat' dir='ltr'><strong>et</strong></span> <span class='ocrx_word' id='word_1_45' title='bbox 851 761 940 826; x_wconf 92' lang='lat' dir='ltr'><strong>omni</strong></span> <span class='ocrx_word' id='word_1_46' title='bbox 963 761 1104 848; x_wconf 79' lang='lat' dir='ltr'><strong>graviore</strong></span> <span class='ocrx_word' id='word_1_47' title='bbox 1119 786 1152 829; x_wconf 66' lang='grc' dir='ltr'><strong>η.</strong></span> 
     </span>
     <span class='ocr_line' id='line_1_7' title="bbox 145 853 1150 945; baseline 0 -24"><span class='ocrx_word' id='word_1_48' title='bbox 145 866 232 922; x_wconf 90' lang='lat' dir='ltr'><strong>matu</strong></span> <span class='ocrx_word' id='word_1_49' title='bbox 258 878 330 920; x_wconf 90' lang='lat' dir='ltr'><strong>eum</strong></span> <span class='ocrx_word' id='word_1_50' title='bbox 357 854 485 920; x_wconf 89' lang='lat' dir='ltr'><strong>delectis</strong></span> <span class='ocrx_word' id='word_1_51' title='bbox 511 854 653 939; x_wconf 91' lang='lat' dir='ltr'><strong>peditum</strong></span> <span class='ocrx_word' id='word_1_52' title='bbox 679 853 895 938; x_wconf 89' lang='lat' dir='ltr'><strong>equitumque,</strong></span> <span class='ocrx_word' id='word_1_53' title='bbox 934 877 1037 940; x_wconf 89' lang='lat' dir='ltr'><strong>quam</strong></span> <span class='ocrx_word' id='word_1_54' title='bbox 1061 865 1150 945; x_wconf 68' lang='lat' dir='ltr'><strong>potmt</strong></span> 
     </span>
     <span class='ocr_line' id='line_1_8' title="bbox 145 946 1151 1036; baseline 0.003 -22"><span class='ocrx_word' id='word_1_55' title='bbox 145 949 316 1036; x_wconf 80' lang='lat' dir='ltr'><strong>aptissimis</strong></span> <span class='ocrx_word' id='word_1_56' title='bbox 334 949 375 1014; x_wconf 88' lang='lat' dir='ltr'><strong>ad</strong></span> <span class='ocrx_word' id='word_1_57' title='bbox 392 949 613 1013; x_wconf 87' lang='lat' dir='ltr'><strong>maturandum</strong></span> <span class='ocrx_word' id='word_1_58' title='bbox 629 948 701 1025; x_wconf 92' lang='lat' dir='ltr'><strong>iter,</strong></span> <span class='ocrx_word' id='word_1_59' title='bbox 728 948 762 1012; x_wconf 93' lang='lat' dir='ltr'><strong>in</strong></span> <span class='ocrx_word' id='word_1_60' title='bbox 780 946 993 1033; x_wconf 86' lang='lat' dir='ltr'><strong>Campaniam</strong></span> <span class='ocrx_word' id='word_1_61' title='bbox 1013 948 1151 1017; x_wconf 65' lang='lat' dir='ltr'><strong>aalma</strong></span> 
     </span>
     <span class='ocr_line' id='line_1_9' title="bbox 146 1042 1153 1131; baseline 0.002 -23"><span class='ocrx_word' id='word_1_62' title='bbox 146 1043 246 1108; x_wconf 91' lang='lat' dir='ltr'><strong>secuti</strong></span> <span class='ocrx_word' id='word_1_63' title='bbox 263 1052 366 1107; x_wconf 87' lang='lat' dir='ltr'><strong>tumen</strong></span> <span class='ocrx_word' id='word_1_64' title='bbox 384 1050 448 1107; x_wconf 89' lang='lat' dir='ltr'><strong>tam</strong></span> <span class='ocrx_word' id='word_1_65' title='bbox 465 1042 578 1126; x_wconf 87' lang='lat' dir='ltr'><strong>raptim</strong></span> <span class='ocrx_word' id='word_1_66' title='bbox 597 1052 722 1106; x_wconf 90' lang='lat' dir='ltr'><strong>euntem</strong></span> <span class='ocrx_word' id='word_1_67' title='bbox 739 1051 801 1106; x_wconf 91' lang='lat' dir='ltr'><strong>tres</strong></span> <span class='ocrx_word' id='word_1_68' title='bbox 820 1051 852 1105; x_wconf 92' lang='lat' dir='ltr'><strong>et</strong></span> <span class='ocrx_word' id='word_1_69' title='bbox 865 1042 999 1128; x_wconf 83' lang='lat' dir='ltr'><strong>triginta</strong></span> <span class='ocrx_word' id='word_1_70' title='bbox 1012 1042 1153 1131; x_wconf 73' lang='lat' dir='ltr'><strong>elephanti.</strong></span> 
     </span>
    </p>

    <p class='ocr_par' dir='ltr' id='par_1_4' title="bbox 110 1134 1156 1316">
     <span class='ocr_line' id='line_1_10' title="bbox 110 1134 1155 1225; baseline 0.002 -23"><span class='ocrx_word' id='word_1_71' title='bbox 110 1161 128 1208; x_wconf 86' lang='lat'><strong>4</strong></span> <span class='ocrx_word' id='word_1_72' title='bbox 144 1137 177 1202; x_wconf 91' lang='lat' dir='ltr'><strong>in</strong></span> <span class='ocrx_word' id='word_1_73' title='bbox 194 1137 275 1201; x_wconf 90' lang='lat' dir='ltr'><strong>valle</strong></span> <span class='ocrx_word' id='word_1_74' title='bbox 293 1136 415 1201; x_wconf 86' lang='lat' dir='ltr'><strong>occulta</strong></span> <span class='ocrx_word' id='word_1_75' title='bbox 431 1145 503 1220; x_wconf 90' lang='lat' dir='ltr'><strong>post</strong></span> <span class='ocrx_word' id='word_1_76' title='bbox 522 1134 629 1200; x_wconf 83' lang='lat' dir='ltr'><strong>Tifata</strong></span> <span class='ocrx_word' id='word_1_77' title='bbox 649 1144 788 1200; x_wconf 90' lang='lat' dir='ltr'><strong>montem</strong></span> <span class='ocrx_word' id='word_1_78' title='bbox 809 1135 1035 1223; x_wconf 83' lang='lat' dir='ltr'><strong>imminentem</strong></span> <span class='ocrx_word' id='word_1_79' title='bbox 1054 1136 1155 1225; x_wconf 71' lang='lat' dir='ltr'><strong>Capuae</strong></span> 
     </span>
     <span class='ocr_line' id='line_1_11' title="bbox 144 1226 1156 1316; baseline -0.001 -20"><span class='ocrx_word' id='word_1_80' title='bbox 144 1230 295 1296; x_wconf 89' lang='lat' dir='ltr'><strong>consedit.</strong></span> <span class='ocrx_word' id='word_1_81' title='bbox 331 1229 500 1294; x_wconf 89' lang='lat' dir='ltr'><strong>adveniens</strong></span> <span class='ocrx_word' id='word_1_82' title='bbox 519 1250 591 1294; x_wconf 90' lang='lat' dir='ltr'><strong>cum</strong></span> <span class='ocrx_word' id='word_1_83' title='bbox 609 1229 771 1295; x_wconf 88' lang='lat' dir='ltr'><strong>castellum</strong></span> <span class='ocrx_word' id='word_1_84' title='bbox 791 1226 954 1295; x_wconf 88' lang='lat' dir='ltr'><strong>Galatiam</strong></span> <span class='ocrx_word' id='word_1_85' title='bbox 971 1229 1156 1316; x_wconf 83' lang='lat' dir='ltr'><strong>praesidiori</strong></span> 
     </span>
    </p>

    <p class='ocr_par' dir='ltr' id='par_1_5' title="bbox 109 1321 1158 1695">
     <span class='ocr_line' id='line_1_12' title="bbox 109 1321 1155 1413; baseline 0.001 -23"><span class='ocrx_word' id='word_1_86' title='bbox 109 1325 234 1412; x_wconf 73' lang='lat' dir='ltr'><strong>spulso</strong></span> <span class='ocrx_word' id='word_1_87' title='bbox 253 1323 401 1410; x_wconf 83' lang='lat' dir='ltr'><strong>cepisset,</strong></span> <span class='ocrx_word' id='word_1_88' title='bbox 420 1323 453 1388; x_wconf 89' lang='lat' dir='ltr'><strong>in</strong></span> <span class='ocrx_word' id='word_1_89' title='bbox 470 1323 725 1389; x_wconf 89' lang='lat' dir='ltr'><strong>circumsedentis</strong></span> <span class='ocrx_word' id='word_1_90' title='bbox 736 1321 880 1408; x_wconf 87' lang='lat' dir='ltr'><strong>Capuam</strong></span> <span class='ocrx_word' id='word_1_91' title='bbox 899 1345 936 1389; x_wconf 92' lang='lat' dir='ltr'><strong>se</strong></span> <span class='ocrx_word' id='word_1_92' title='bbox 955 1325 1062 1391; x_wconf 83' lang='lat' dir='ltr'><strong>vertit</strong></span> <span class='ocrx_word' id='word_1_93' title='bbox 1091 1345 1155 1413; x_wconf 78' lang='lat' dir='ltr'><strong>pne</strong></span> 
     </span>
     <span class='ocr_line' id='line_1_13' title="bbox 143 1414 1156 1502; baseline 0.003 -18"><span class='ocrx_word' id='word_1_94' title='bbox 143 1419 249 1485; x_wconf 91' lang='lat' dir='ltr'><strong>missis</strong></span> <span class='ocrx_word' id='word_1_95' title='bbox 267 1438 402 1501; x_wconf 89' lang='lat' dir='ltr'><strong>namque</strong></span> <span class='ocrx_word' id='word_1_96' title='bbox 424 1416 541 1482; x_wconf 87' lang='lat' dir='ltr'><strong>nuntiis</strong></span> <span class='ocrx_word' id='word_1_97' title='bbox 561 1414 718 1502; x_wconf 85' lang='lat' dir='ltr'><strong>Capuam,</strong></span> <span class='ocrx_word' id='word_1_98' title='bbox 747 1439 809 1501; x_wconf 93' lang='lat' dir='ltr'><strong>quo</strong></span> <span class='ocrx_word' id='word_1_99' title='bbox 831 1427 977 1501; x_wconf 89' lang='lat' dir='ltr'><strong>tempore</strong></span> <span class='ocrx_word' id='word_1_100' title='bbox 995 1418 1156 1487; x_wconf 72' lang='lat' dir='ltr'><strong>carrata</strong></span> 
     </span>
     <span class='ocr_line' id='line_1_14' title="bbox 136 1511 1158 1602; baseline 0.002 -23"><span class='ocrx_word' id='word_1_101' title='bbox 136 1537 237 1579; x_wconf 86' lang='lat' dir='ltr'><strong>mana</strong></span> <span class='ocrx_word' id='word_1_102' title='bbox 258 1513 465 1599; x_wconf 83' lang='lat' dir='ltr'><strong>adgressurus</strong></span> <span class='ocrx_word' id='word_1_103' title='bbox 488 1520 585 1589; x_wconf 88' lang='lat' dir='ltr'><strong>esset,</strong></span> <span class='ocrx_word' id='word_1_104' title='bbox 612 1520 648 1575; x_wconf 91' lang='lat' dir='ltr'><strong>ut</strong></span> <span class='ocrx_word' id='word_1_105' title='bbox 669 1511 780 1577; x_wconf 93' lang='lat' dir='ltr'><strong>eodem</strong></span> <span class='ocrx_word' id='word_1_106' title='bbox 801 1521 833 1577; x_wconf 91' lang='lat' dir='ltr'><strong>et</strong></span> <span class='ocrx_word' id='word_1_107' title='bbox 853 1511 899 1577; x_wconf 93' lang='lat' dir='ltr'><strong>illi</strong></span> <span class='ocrx_word' id='word_1_108' title='bbox 922 1513 967 1578; x_wconf 85' lang='lat' dir='ltr'><strong>ad</strong></span> <span class='ocrx_word' id='word_1_109' title='bbox 985 1515 1158 1602; x_wconf 74' lang='lat' dir='ltr'><strong>eruptiones</strong></span> 
     </span>
     <span class='ocr_line' id='line_1_15' title="bbox 142 1604 1157 1695; baseline 0 -22"><span class='ocrx_word' id='word_1_110' title='bbox 142 1607 243 1694; x_wconf 88' lang='lat' dir='ltr'><strong>parati</strong></span> <span class='ocrx_word' id='word_1_111' title='bbox 259 1606 358 1692; x_wconf 90' lang='lat' dir='ltr'><strong>portis</strong></span> <span class='ocrx_word' id='word_1_112' title='bbox 377 1604 521 1670; x_wconf 88' lang='lat' dir='ltr'><strong>omnibus</strong></span> <span class='ocrx_word' id='word_1_113' title='bbox 542 1627 611 1671; x_wconf 89' lang='lat' dir='ltr'><strong>sese</strong></span> <span class='ocrx_word' id='word_1_114' title='bbox 630 1605 834 1683; x_wconf 89' lang='lat' dir='ltr'><strong>effimderent,</strong></span> <span class='ocrx_word' id='word_1_115' title='bbox 853 1605 1022 1693; x_wconf 88' lang='lat' dir='ltr'><strong>ingentem</strong></span> <span class='ocrx_word' id='word_1_116' title='bbox 1038 1606 1157 1695; x_wconf 84' lang='lat' dir='ltr'><strong>praebui</strong></span> 
     </span>
    </p>

    <p class='ocr_par' dir='ltr' id='par_1_6' title="bbox 109 1698 1157 1883">
     <span class='ocr_line' id='line_1_16' title="bbox 109 1698 1157 1789; baseline 0.002 -22"><span class='ocrx_word' id='word_1_117' title='bbox 109 1725 125 1772; x_wconf 82' lang='lat' dir='ltr'><strong>e</strong></span> <span class='ocrx_word' id='word_1_118' title='bbox 144 1712 302 1767; x_wconf 90' lang='lat' dir='ltr'><strong>terrorem.</strong></span> <span class='ocrx_word' id='word_1_119' title='bbox 346 1722 419 1764; x_wconf 90' lang='lat' dir='ltr'><strong>nam</strong></span> <span class='ocrx_word' id='word_1_120' title='bbox 438 1699 499 1764; x_wconf 89' lang='lat' dir='ltr'><strong>alia</strong></span> <span class='ocrx_word' id='word_1_121' title='bbox 515 1708 604 1784; x_wconf 89' lang='lat' dir='ltr'><strong>parte</strong></span> <span class='ocrx_word' id='word_1_122' title='bbox 621 1699 689 1784; x_wconf 90' lang='lat' dir='ltr'><strong>ipse</strong></span> <span class='ocrx_word' id='word_1_123' title='bbox 707 1700 835 1764; x_wconf 85' lang='lat' dir='ltr'><strong>adortus</strong></span> <span class='ocrx_word' id='word_1_124' title='bbox 853 1709 916 1776; x_wconf 91' lang='lat' dir='ltr'><strong>est,</strong></span> <span class='ocrx_word' id='word_1_125' title='bbox 941 1700 1008 1767; x_wconf 87' lang='lat' dir='ltr'><strong>alia</strong></span> <span class='ocrx_word' id='word_1_126' title='bbox 1027 1698 1157 1789; x_wconf 70' lang='lat' dir='ltr'><strong>Campani</strong></span> 
     </span>
     <span class='ocr_line' id='line_1_17' title="bbox 144 1791 1157 1883; baseline 0.002 -23"><span class='ocrx_word' id='word_1_127' title='bbox 144 1816 266 1870; x_wconf 90' lang='lat' dir='ltr'><strong>omnes,</strong></span> <span class='ocrx_word' id='word_1_128' title='bbox 294 1793 414 1876; x_wconf 88' lang='lat' dir='ltr'><strong>equites</strong></span> <span class='ocrx_word' id='word_1_129' title='bbox 436 1792 633 1876; x_wconf 88' lang='lat' dir='ltr'><strong>peditesque,</strong></span> <span class='ocrx_word' id='word_1_130' title='bbox 660 1803 692 1858; x_wconf 91' lang='lat' dir='ltr'><strong>et</strong></span> <span class='ocrx_word' id='word_1_131' title='bbox 719 1815 791 1857; x_wconf 90' lang='lat' dir='ltr'><strong>cum</strong></span> <span class='ocrx_word' id='word_1_132' title='bbox 816 1793 855 1858; x_wconf 91' lang='lat' dir='ltr'><strong>iis</strong></span> <span class='ocrx_word' id='word_1_133' title='bbox 874 1791 1039 1880; x_wconf 85' lang='lat' dir='ltr'><strong>Punicum</strong></span> <span class='ocrx_word' id='word_1_134' title='bbox 1064 1792 1157 1883; x_wconf 85' lang='lat' dir='ltr'><strong>praesi-</strong></span> 
     </span>
    </p>

    <p class='ocr_par' dir='ltr' id='par_1_7' title="bbox 110 1884 1157 2162">
     <span class='ocr_line' id='line_1_18' title="bbox 110 1884 1157 1974; baseline 0.001 -19"><span class='ocrx_word' id='word_1_135' title='bbox 110 1888 245 1962; x_wconf 79' lang='lat' dir='ltr'><strong>sdium,</strong></span> <span class='ocrx_word' id='word_1_136' title='bbox 273 1885 324 1950; x_wconf 89' lang='lat' dir='ltr'><strong>cui</strong></span> <span class='ocrx_word' id='word_1_137' title='bbox 345 1884 460 1949; x_wconf 89' lang='lat' dir='ltr'><strong>Bostar</strong></span> <span class='ocrx_word' id='word_1_138' title='bbox 481 1894 511 1949; x_wconf 93' lang='lat' dir='ltr'><strong>et</strong></span> <span class='ocrx_word' id='word_1_139' title='bbox 533 1885 651 1950; x_wconf 90' lang='lat' dir='ltr'><strong>Hanno</strong></span> <span class='ocrx_word' id='word_1_140' title='bbox 672 1897 850 1972; x_wconf 73' lang='lat' dir='ltr'><strong>praeerant,</strong></span> <span class='ocrx_word' id='word_1_141' title='bbox 879 1889 994 1974; x_wconf 89' lang='lat' dir='ltr'><strong>erupit.</strong></span> <span class='ocrx_word' id='word_1_142' title='bbox 1046 1886 1157 1955; x_wconf 74' lang='lat' dir='ltr'><strong>Roman</strong></span> 
     </span>
     <span class='ocr_line' id='line_1_19' title="bbox 143 1978 1157 2069; baseline 0.005 -25"><span class='ocrx_word' id='word_1_143' title='bbox 143 1980 228 2044; x_wconf 93' lang='lat' dir='ltr'><strong>utin</strong></span> <span class='ocrx_word' id='word_1_144' title='bbox 245 1999 279 2043; x_wconf 90' lang='lat' dir='ltr'><strong>re</strong></span> <span class='ocrx_word' id='word_1_145' title='bbox 296 1978 430 2062; x_wconf 87' lang='lat' dir='ltr'><strong>trepida,</strong></span> <span class='ocrx_word' id='word_1_146' title='bbox 458 2000 498 2043; x_wconf 95' lang='lat' dir='ltr'><strong>ne</strong></span> <span class='ocrx_word' id='word_1_147' title='bbox 516 1979 556 2043; x_wconf 91' lang='lat' dir='ltr'><strong>ad</strong></span> <span class='ocrx_word' id='word_1_148' title='bbox 574 2001 669 2044; x_wconf 91' lang='lat' dir='ltr'><strong>unam</strong></span> <span class='ocrx_word' id='word_1_149' title='bbox 687 1982 899 2046; x_wconf 91' lang='lat' dir='ltr'><strong>concurrendo</strong></span> <span class='ocrx_word' id='word_1_150' title='bbox 916 1992 1048 2067; x_wconf 90' lang='lat' dir='ltr'><strong>partem</strong></span> <span class='ocrx_word' id='word_1_151' title='bbox 1064 1980 1157 2069; x_wconf 73' lang='lat' dir='ltr'><strong>atiqrit</strong></span> 
     </span>
     <span class='ocr_line' id='line_1_20' title="bbox 143 2070 1156 2162; baseline 0 -25"><span class='ocrx_word' id='word_1_152' title='bbox 143 2071 300 2137; x_wconf 87' lang='lat' dir='ltr'><strong>indefensi</strong></span> <span class='ocrx_word' id='word_1_153' title='bbox 321 2070 543 2154; x_wconf 86' lang='lat' dir='ltr'><strong>relinquerent,</strong></span> <span class='ocrx_word' id='word_1_154' title='bbox 571 2072 615 2137; x_wconf 88' lang='lat' dir='ltr'><strong>ita</strong></span> <span class='ocrx_word' id='word_1_155' title='bbox 636 2073 717 2137; x_wconf 90' lang='lat' dir='ltr'><strong>inter</strong></span> <span class='ocrx_word' id='word_1_156' title='bbox 739 2096 809 2139; x_wconf 90' lang='lat' dir='ltr'><strong>sese</strong></span> <span class='ocrx_word' id='word_1_157' title='bbox 831 2075 938 2160; x_wconf 88' lang='lat' dir='ltr'><strong>copias</strong></span> <span class='ocrx_word' id='word_1_158' title='bbox 961 2077 1073 2162; x_wconf 90' lang='lat' dir='ltr'><strong>partiti</strong></span> <span class='ocrx_word' id='word_1_159' title='bbox 1091 2082 1156 2143; x_wconf 85' lang='lat' dir='ltr'><strong>sunt:</strong></span> 
     </span>
    </p>

    <p class='ocr_par' dir='ltr' id='par_1_8' title="bbox 107 2164 1156 2444">
     <span class='ocr_line' id='line_1_21' title="bbox 107 2164 1155 2257; baseline 0.006 -25"><span class='ocrx_word' id='word_1_160' title='bbox 107 2166 206 2252; x_wconf 84' lang='lat' dir='ltr'><strong>8Ap.</strong></span> <span class='ocrx_word' id='word_1_161' title='bbox 231 2164 384 2231; x_wconf 89' lang='lat' dir='ltr'><strong>Claudius</strong></span> <span class='ocrx_word' id='word_1_162' title='bbox 409 2164 593 2250; x_wconf 88' lang='lat' dir='ltr'><strong>Campanis,</strong></span> <span class='ocrx_word' id='word_1_163' title='bbox 620 2166 753 2233; x_wconf 85' lang='lat' dir='ltr'><strong>Fulvius</strong></span> <span class='ocrx_word' id='word_1_164' title='bbox 775 2167 950 2234; x_wconf 84' lang='lat' dir='ltr'><strong>Hannibali</strong></span> <span class='ocrx_word' id='word_1_165' title='bbox 976 2181 1029 2236; x_wconf 89' lang='lat' dir='ltr'><strong>est</strong></span> <span class='ocrx_word' id='word_1_166' title='bbox 1056 2167 1155 2257; x_wconf 75' lang='lat' dir='ltr'><strong>oppou&#39;·</strong></span> 
     </span>
     <span class='ocr_line' id='line_1_22' title="bbox 143 2258 1156 2350; baseline 0.001 -25"><span class='ocrx_word' id='word_1_167' title='bbox 143 2270 208 2339; x_wconf 85' lang='lat' dir='ltr'><strong>tus3</strong></span> <span class='ocrx_word' id='word_1_168' title='bbox 241 2258 279 2324; x_wconf 90' lang='lat' dir='ltr'><strong>C.</strong></span> <span class='ocrx_word' id='word_1_169' title='bbox 298 2259 381 2324; x_wconf 90' lang='lat' dir='ltr'><strong>Nero</strong></span> <span class='ocrx_word' id='word_1_170' title='bbox 398 2269 581 2344; x_wconf 88' lang='lat' dir='ltr'><strong>propraetor</strong></span> <span class='ocrx_word' id='word_1_171' title='bbox 599 2282 670 2324; x_wconf 89' lang='lat' dir='ltr'><strong>curn</strong></span> <span class='ocrx_word' id='word_1_172' title='bbox 689 2261 846 2344; x_wconf 89' lang='lat' dir='ltr'><strong>equitibus</strong></span> <span class='ocrx_word' id='word_1_173' title='bbox 865 2283 921 2327; x_wconf 90' lang='lat' dir='ltr'><strong>sex</strong></span> <span class='ocrx_word' id='word_1_174' title='bbox 944 2262 1106 2350; x_wconf 88' lang='lat' dir='ltr'><strong>legionum</strong></span> <span class='ocrx_word' id='word_1_175' title='bbox 1118 2260 1156 2326; x_wconf 79' lang='lat' dir='ltr'><strong>ris</strong></span> 
     </span>
     <span class='ocr_line' id='line_1_23' title="bbox 143 2351 1156 2444; baseline 0.004 -26"><span class='ocrx_word' id='word_1_176' title='bbox 143 2376 224 2438; x_wconf 92' lang='lat' dir='ltr'><strong>quae</strong></span> <span class='ocrx_word' id='word_1_177' title='bbox 252 2351 438 2420; x_wconf 83' lang='lat' dir='ltr'><strong>Suessulam</strong></span> <span class='ocrx_word' id='word_1_178' title='bbox 464 2353 539 2431; x_wconf 85' lang='lat' dir='ltr'><strong>fert,</strong></span> <span class='ocrx_word' id='word_1_179' title='bbox 569 2352 607 2418; x_wconf 90' lang='lat' dir='ltr'><strong>C.</strong></span> <span class='ocrx_word' id='word_1_180' title='bbox 630 2353 762 2420; x_wconf 87' lang='lat' dir='ltr'><strong>Fulvius</strong></span> <span class='ocrx_word' id='word_1_181' title='bbox 789 2354 923 2422; x_wconf 83' lang='lat' dir='ltr'><strong>Flaccus</strong></span> <span class='ocrx_word' id='word_1_182' title='bbox 951 2357 1080 2444; x_wconf 86' lang='lat' dir='ltr'><strong>legatus</strong></span> <span class='ocrx_word' id='word_1_183' title='bbox 1102 2377 1156 2422; x_wconf 83' lang='lat' dir='ltr'><strong>cum</strong></span> 
     </span>
    </p>

    <p class='ocr_par' dir='ltr' id='par_1_9' title="bbox 108 2447 1156 3008">
     <span class='ocr_line' id='line_1_24' title="bbox 108 2447 1156 2537; baseline 0.001 -21"><span class='ocrx_word' id='word_1_184' title='bbox 108 2468 124 2517; x_wconf 84' lang='lat' dir='ltr'><strong>a</strong></span> <span class='ocrx_word' id='word_1_185' title='bbox 144 2447 250 2514; x_wconf 86' lang='lat' dir='ltr'><strong>sociali</strong></span> <span class='ocrx_word' id='word_1_186' title='bbox 268 2447 408 2531; x_wconf 89' lang='lat' dir='ltr'><strong>equitatu</strong></span> <span class='ocrx_word' id='word_1_187' title='bbox 426 2447 564 2512; x_wconf 88' lang='lat' dir='ltr'><strong>constitit</strong></span> <span class='ocrx_word' id='word_1_188' title='bbox 581 2469 600 2511; x_wconf 94' lang='lat' dir='ltr'><strong>e</strong></span> <span class='ocrx_word' id='word_1_189' title='bbox 617 2447 745 2533; x_wconf 86' lang='lat' dir='ltr'><strong>regione</strong></span> <span class='ocrx_word' id='word_1_190' title='bbox 762 2447 909 2514; x_wconf 86' lang='lat' dir='ltr'><strong>Volturni</strong></span> <span class='ocrx_word' id='word_1_191' title='bbox 926 2452 1045 2518; x_wconf 88' lang='lat' dir='ltr'><strong>amnis.</strong></span> <span class='ocrx_word' id='word_1_192' title='bbox 1087 2469 1156 2537; x_wconf 79' lang='lat' dir='ltr'><strong>prot·</strong></span> 
     </span>
     <span class='ocr_line' id='line_1_25' title="bbox 142 2540 1153 2633; baseline 0.007 -28"><span class='ocrx_word' id='word_1_193' title='bbox 142 2541 219 2606; x_wconf 91' lang='lat' dir='ltr'><strong>lium</strong></span> <span class='ocrx_word' id='word_1_194' title='bbox 245 2563 308 2606; x_wconf 92' lang='lat' dir='ltr'><strong>non</strong></span> <span class='ocrx_word' id='word_1_195' title='bbox 335 2540 426 2607; x_wconf 89' lang='lat' dir='ltr'><strong>solito</strong></span> <span class='ocrx_word' id='word_1_196' title='bbox 447 2541 542 2605; x_wconf 92' lang='lat' dir='ltr'><strong>modo</strong></span> <span class='ocrx_word' id='word_1_197' title='bbox 569 2540 704 2606; x_wconf 91' lang='lat' dir='ltr'><strong>clamore</strong></span> <span class='ocrx_word' id='word_1_198' title='bbox 726 2563 763 2606; x_wconf 87' lang='lat' dir='ltr'><strong>ao</strong></span> <span class='ocrx_word' id='word_1_199' title='bbox 785 2543 921 2607; x_wconf 91' lang='lat' dir='ltr'><strong>tumultu</strong></span> <span class='ocrx_word' id='word_1_200' title='bbox 945 2554 995 2610; x_wconf 89' lang='lat' dir='ltr'><strong>est</strong></span> <span class='ocrx_word' id='word_1_201' title='bbox 1019 2554 1153 2633; x_wconf 73' lang='lat' dir='ltr'><strong>coeptum,</strong></span> 
     </span>
     <span class='ocr_line' id='line_1_26' title="bbox 143 2633 1156 2722; baseline 0.005 -24"><span class='ocrx_word' id='word_1_202' title='bbox 143 2635 200 2700; x_wconf 91' lang='lat' dir='ltr'><strong>sed</strong></span> <span class='ocrx_word' id='word_1_203' title='bbox 230 2635 270 2699; x_wconf 91' lang='lat' dir='ltr'><strong>ad</strong></span> <span class='ocrx_word' id='word_1_204' title='bbox 301 2633 396 2698; x_wconf 87' lang='lat' dir='ltr'><strong>alium</strong></span> <span class='ocrx_word' id='word_1_205' title='bbox 426 2634 583 2711; x_wconf 83' lang='lat' dir='ltr'><strong>virorum,</strong></span> <span class='ocrx_word' id='word_1_206' title='bbox 625 2655 777 2717; x_wconf 90' lang='lat' dir='ltr'><strong>equorum</strong></span> <span class='ocrx_word' id='word_1_207' title='bbox 809 2659 1034 2722; x_wconf 87' lang='lat' dir='ltr'><strong>armorumque</strong></span> <span class='ocrx_word' id='word_1_208' title='bbox 1066 2657 1156 2705; x_wconf 83' lang='lat' dir='ltr'><strong>sonum</strong></span> 
     </span>
     <span class='ocr_line' id='line_1_27' title="bbox 142 2726 1156 2813; baseline 0.005 -21"><span class='ocrx_word' id='word_1_209' title='bbox 142 2727 295 2812; x_wconf 88' lang='lat' dir='ltr'><strong>disposita</strong></span> <span class='ocrx_word' id='word_1_210' title='bbox 311 2727 344 2791; x_wconf 92' lang='lat' dir='ltr'><strong>in</strong></span> <span class='ocrx_word' id='word_1_211' title='bbox 362 2727 460 2791; x_wconf 91' lang='lat' dir='ltr'><strong>muris</strong></span> <span class='ocrx_word' id='word_1_212' title='bbox 476 2726 711 2813; x_wconf 88' lang='lat' dir='ltr'><strong>Campanorum</strong></span> <span class='ocrx_word' id='word_1_213' title='bbox 728 2729 852 2794; x_wconf 87' lang='lat' dir='ltr'><strong>inbellis</strong></span> <span class='ocrx_word' id='word_1_214' title='bbox 871 2730 1044 2799; x_wconf 86' lang='lat' dir='ltr'><strong>multitudo</strong></span> <span class='ocrx_word' id='word_1_215' title='bbox 1057 2741 1156 2798; x_wconf 84' lang='lat' dir='ltr'><strong>tantum</strong></span> 
     </span>
     <span class='ocr_line' id='line_1_28' title="bbox 143 2819 1155 2905; baseline 0.009 -21"><span class='ocrx_word' id='word_1_216' title='bbox 143 2842 215 2884; x_wconf 89' lang='lat' dir='ltr'><strong>oum</strong></span> <span class='ocrx_word' id='word_1_217' title='bbox 233 2819 313 2883; x_wconf 90' lang='lat' dir='ltr'><strong>aeris</strong></span> <span class='ocrx_word' id='word_1_218' title='bbox 336 2821 470 2904; x_wconf 89' lang='lat' dir='ltr'><strong>crepitu,</strong></span> <span class='ocrx_word' id='word_1_219' title='bbox 506 2821 607 2905; x_wconf 90' lang='lat' dir='ltr'><strong>qualis</strong></span> <span class='ocrx_word' id='word_1_220' title='bbox 630 2821 663 2885; x_wconf 95' lang='lat' dir='ltr'><strong>in</strong></span> <span class='ocrx_word' id='word_1_221' title='bbox 686 2821 810 2888; x_wconf 85' lang='lat' dir='ltr'><strong>defectu</strong></span> <span class='ocrx_word' id='word_1_222' title='bbox 837 2823 929 2889; x_wconf 88' lang='lat' dir='ltr'><strong>lunae</strong></span> <span class='ocrx_word' id='word_1_223' title='bbox 956 2825 1066 2892; x_wconf 91' lang='lat' dir='ltr'><strong>silenti</strong></span> <span class='ocrx_word' id='word_1_224' title='bbox 1083 2833 1155 2892; x_wconf 74' lang='lat' dir='ltr'><strong>noete</strong></span> 
     </span>
     <span class='ocr_line' id='line_1_29' title="bbox 143 2912 1156 3008; baseline 0.007 -30"><span class='ocrx_word' id='word_1_225' title='bbox 143 2913 216 2978; x_wconf 89' lang='lat' dir='ltr'><strong>cieri</strong></span> <span class='ocrx_word' id='word_1_226' title='bbox 235 2912 327 2989; x_wconf 90' lang='lat' dir='ltr'><strong>solet,</strong></span> <span class='ocrx_word' id='word_1_227' title='bbox 360 2913 457 2977; x_wconf 88' lang='lat' dir='ltr'><strong>edidit</strong></span> <span class='ocrx_word' id='word_1_228' title='bbox 475 2915 656 2992; x_wconf 89' lang='lat' dir='ltr'><strong>clamorem,</strong></span> <span class='ocrx_word' id='word_1_229' title='bbox 688 2927 724 2980; x_wconf 89' lang='lat' dir='ltr'><strong>ut</strong></span> <span class='ocrx_word' id='word_1_230' title='bbox 741 2928 894 2983; x_wconf 87' lang='lat' dir='ltr'><strong>averteret</strong></span> <span class='ocrx_word' id='word_1_231' title='bbox 911 2919 1010 2984; x_wconf 87' lang='lat' dir='ltr'><strong>etiam</strong></span> <span class='ocrx_word' id='word_1_232' title='bbox 1034 2940 1156 3008; x_wconf 79' lang='lat' dir='ltr'><strong>pugnan-</strong></span> 
     </span>
    </p>

    <p class='ocr_par' dir='ltr' id='par_1_10' title="bbox 93 3004 1153 3098">
     <span class='ocr_line' id='line_1_30' title="bbox 93 3004 1153 3098; baseline 0.01 -28"><span class='ocrx_word' id='word_1_233' title='bbox 93 3029 126 3076; x_wconf 89' lang='lat'><strong>10</strong></span> <span class='ocrx_word' id='word_1_234' title='bbox 144 3007 223 3071; x_wconf 90' lang='lat' dir='ltr'><strong>tium</strong></span> <span class='ocrx_word' id='word_1_235' title='bbox 245 3006 375 3072; x_wconf 90' lang='lat' dir='ltr'><strong>animos.</strong></span> <span class='ocrx_word' id='word_1_236' title='bbox 421 3004 602 3094; x_wconf 84' lang='lat' dir='ltr'><strong>Campanos</strong></span> <span class='ocrx_word' id='word_1_237' title='bbox 625 3009 718 3074; x_wconf 86' lang='lat' dir='ltr'><strong>facile</strong></span> <span class='ocrx_word' id='word_1_238' title='bbox 741 3035 759 3075; x_wconf 88' lang='lat' dir='ltr'><strong>a</strong></span> <span class='ocrx_word' id='word_1_239' title='bbox 781 3011 863 3076; x_wconf 89' lang='lat' dir='ltr'><strong>vallo</strong></span> <span class='ocrx_word' id='word_1_240' title='bbox 880 3011 1012 3098; x_wconf 86' lang='lat' dir='ltr'><strong>Appius</strong></span> <span class='ocrx_word' id='word_1_241' title='bbox 1041 3013 1153 3087; x_wconf 73' lang='lat' dir='ltr'><strong>arcebat</strong></span> 
     </span>
    </p>

    <p class='ocr_par' dir='ltr' id='par_1_11' title="bbox 93 3099 1155 3565">
     <span class='ocr_line' id='line_1_31' title="bbox 93 3099 1152 3195; baseline 0.008 -27"><span class='ocrx_word' id='word_1_242' title='bbox 93 3122 123 3170; x_wconf 79' lang='grc' dir='ltr'><strong>ιι</strong></span> <span class='ocrx_word' id='word_1_243' title='bbox 143 3100 241 3166; x_wconf 89' lang='lat' dir='ltr'><strong>maior</strong></span> <span class='ocrx_word' id='word_1_244' title='bbox 253 3099 302 3164; x_wconf 87' lang='lat' dir='ltr'><strong>vis</strong></span> <span class='ocrx_word' id='word_1_245' title='bbox 320 3099 360 3166; x_wconf 88' lang='lat' dir='ltr'><strong>ab</strong></span> <span class='ocrx_word' id='word_1_246' title='bbox 378 3101 475 3166; x_wconf 89' lang='lat' dir='ltr'><strong>altera</strong></span> <span class='ocrx_word' id='word_1_247' title='bbox 487 3113 574 3187; x_wconf 91' lang='lat' dir='ltr'><strong>parte</strong></span> <span class='ocrx_word' id='word_1_248' title='bbox 588 3103 735 3168; x_wconf 85' lang='lat' dir='ltr'><strong>Fulvium</strong></span> <span class='ocrx_word' id='word_1_249' title='bbox 750 3104 912 3171; x_wconf 91' lang='lat' dir='ltr'><strong>Hannibal</strong></span> <span class='ocrx_word' id='word_1_250' title='bbox 925 3118 958 3171; x_wconf 88' lang='lat' dir='ltr'><strong>et</strong></span> <span class='ocrx_word' id='word_1_251' title='bbox 967 3107 1073 3175; x_wconf 90' lang='lat' dir='ltr'><strong>Poeni</strong></span> <span class='ocrx_word' id='word_1_252' title='bbox 1083 3127 1152 3195; x_wconf 73' lang='lat' dir='ltr'><strong>urge·</strong></span> 
     </span>
     <span class='ocr_line' id='line_1_32' title="bbox 141 3192 1153 3290; baseline 0.01 -30"><span class='ocrx_word' id='word_1_253' title='bbox 141 3194 226 3260; x_wconf 88' lang='lat' dir='ltr'><strong>bant.</strong></span> <span class='ocrx_word' id='word_1_254' title='bbox 257 3192 342 3278; x_wconf 83' lang='lat' dir='ltr'><strong>legio</strong></span> <span class='ocrx_word' id='word_1_255' title='bbox 354 3193 398 3259; x_wconf 92' lang='lat' dir='ltr'><strong>ibi</strong></span> <span class='ocrx_word' id='word_1_256' title='bbox 409 3204 498 3260; x_wconf 87' lang='lat' dir='ltr'><strong>sexta</strong></span> <span class='ocrx_word' id='word_1_257' title='bbox 506 3195 575 3261; x_wconf 89' lang='lat' dir='ltr'><strong>loco</strong></span> <span class='ocrx_word' id='word_1_258' title='bbox 590 3198 698 3276; x_wconf 87' lang='lat' dir='ltr'><strong>cessit,</strong></span> <span class='ocrx_word' id='word_1_259' title='bbox 717 3220 779 3281; x_wconf 90' lang='lat' dir='ltr'><strong>qua</strong></span> <span class='ocrx_word' id='word_1_260' title='bbox 788 3199 880 3284; x_wconf 91' lang='lat' dir='ltr'><strong>pulsa</strong></span> <span class='ocrx_word' id='word_1_261' title='bbox 888 3200 1003 3268; x_wconf 90' lang='lat' dir='ltr'><strong>cohors</strong></span> <span class='ocrx_word' id='word_1_262' title='bbox 1013 3203 1153 3290; x_wconf 68' lang='lat' dir='ltr'><strong>Hispano·</strong></span> 
     </span>
     <span class='ocr_line' id='line_1_33' title="bbox 141 3287 1155 3380; baseline 0.007 -27"><span class='ocrx_word' id='word_1_263' title='bbox 141 3311 211 3353; x_wconf 89' lang='lat' dir='ltr'><strong>rum</strong></span> <span class='ocrx_word' id='word_1_264' title='bbox 228 3309 300 3353; x_wconf 92' lang='lat' dir='ltr'><strong>cum</strong></span> <span class='ocrx_word' id='word_1_265' title='bbox 318 3287 417 3353; x_wconf 89' lang='lat' dir='ltr'><strong>tribus</strong></span> <span class='ocrx_word' id='word_1_266' title='bbox 436 3289 610 3375; x_wconf 87' lang='lat' dir='ltr'><strong>elephantis</strong></span> <span class='ocrx_word' id='word_1_267' title='bbox 628 3314 729 3375; x_wconf 89' lang='lat' dir='ltr'><strong>usque</strong></span> <span class='ocrx_word' id='word_1_268' title='bbox 747 3293 788 3356; x_wconf 88' lang='lat' dir='ltr'><strong>ad</strong></span> <span class='ocrx_word' id='word_1_269' title='bbox 805 3293 922 3358; x_wconf 87' lang='lat' dir='ltr'><strong>vallum</strong></span> <span class='ocrx_word' id='word_1_270' title='bbox 940 3299 1097 3380; x_wconf 89' lang='lat' dir='ltr'><strong>pervasit,</strong></span> <span class='ocrx_word' id='word_1_271' title='bbox 1116 3315 1155 3360; x_wconf 86' lang='lat' dir='ltr'><strong>ru·</strong></span> 
     </span>
     <span class='ocr_line' id='line_1_34' title="bbox 140 3382 1155 3477; baseline 0.007 -33"><span class='ocrx_word' id='word_1_272' title='bbox 140 3390 290 3465; x_wconf 88' lang='lat' dir='ltr'><strong>peratque</strong></span> <span class='ocrx_word' id='word_1_273' title='bbox 308 3382 443 3447; x_wconf 90' lang='lat' dir='ltr'><strong>mediam</strong></span> <span class='ocrx_word' id='word_1_274' title='bbox 461 3383 560 3447; x_wconf 88' lang='lat' dir='ltr'><strong>aciem</strong></span> <span class='ocrx_word' id='word_1_275' title='bbox 577 3383 792 3451; x_wconf 84' lang='lat' dir='ltr'><strong>Romanorum</strong></span> <span class='ocrx_word' id='word_1_276' title='bbox 810 3397 841 3450; x_wconf 93' lang='lat' dir='ltr'><strong>et</strong></span> <span class='ocrx_word' id='word_1_277' title='bbox 858 3386 892 3450; x_wconf 92' lang='lat' dir='ltr'><strong>in</strong></span> <span class='ocrx_word' id='word_1_278' title='bbox 908 3389 1042 3475; x_wconf 88' lang='lat' dir='ltr'><strong>ancipiti</strong></span> <span class='ocrx_word' id='word_1_279' title='bbox 1060 3411 1112 3477; x_wconf 88' lang='lat' dir='ltr'><strong>spe</strong></span> <span class='ocrx_word' id='word_1_280' title='bbox 1128 3407 1155 3451; x_wconf 83' lang='lat' dir='ltr'><strong>aa</strong></span> 
     </span>
     <span class='ocr_line' id='line_1_35' title="bbox 140 3473 1155 3565; baseline 0.008 -27"><span class='ocrx_word' id='word_1_281' title='bbox 140 3473 279 3559; x_wconf 91' lang='lat' dir='ltr'><strong>periculo</strong></span> <span class='ocrx_word' id='word_1_282' title='bbox 293 3486 372 3552; x_wconf 89' lang='lat' dir='ltr'><strong>erat,</strong></span> <span class='ocrx_word' id='word_1_283' title='bbox 391 3488 496 3541; x_wconf 88' lang='lat' dir='ltr'><strong>utrum</strong></span> <span class='ocrx_word' id='word_1_284' title='bbox 513 3476 547 3540; x_wconf 93' lang='lat' dir='ltr'><strong>in</strong></span> <span class='ocrx_word' id='word_1_285' title='bbox 561 3488 664 3543; x_wconf 87' lang='lat' dir='ltr'><strong>castra</strong></span> <span class='ocrx_word' id='word_1_286' title='bbox 676 3494 890 3565; x_wconf 87' lang='lat' dir='ltr'><strong>perrumperet</strong></span> <span class='ocrx_word' id='word_1_287' title='bbox 908 3504 950 3546; x_wconf 89' lang='lat' dir='ltr'><strong>an</strong></span> <span class='ocrx_word' id='word_1_288' title='bbox 962 3482 1155 3551; x_wconf 86' lang='lat' dir='ltr'><strong>includeretur</strong></span> 
     </span>
    </p>

    <p class='ocr_par' dir='ltr' id='par_1_12' title="bbox 93 3567 1154 3752">
     <span class='ocr_line' id='line_1_36' title="bbox 93 3567 1154 3659; baseline 0.007 -22"><span class='ocrx_word' id='word_1_289' title='bbox 93 3588 124 3637; x_wconf 78' lang='lat'><strong>12</strong></span> <span class='ocrx_word' id='word_1_290' title='bbox 143 3591 162 3632; x_wconf 89' lang='lat' dir='ltr'><strong>a</strong></span> <span class='ocrx_word' id='word_1_291' title='bbox 180 3567 255 3632; x_wconf 89' lang='lat' dir='ltr'><strong>suis.</strong></span> <span class='ocrx_word' id='word_1_292' title='bbox 300 3591 393 3652; x_wconf 92' lang='lat' dir='ltr'><strong>quem</strong></span> <span class='ocrx_word' id='word_1_293' title='bbox 411 3591 559 3654; x_wconf 87' lang='lat' dir='ltr'><strong>pavorem</strong></span> <span class='ocrx_word' id='word_1_294' title='bbox 569 3569 710 3656; x_wconf 83' lang='lat' dir='ltr'><strong>‘legionis</strong></span> <span class='ocrx_word' id='word_1_295' title='bbox 732 3573 971 3659; x_wconf 89' lang='lat' dir='ltr'><strong>periculumque</strong></span> <span class='ocrx_word' id='word_1_296' title='bbox 998 3587 1154 3643; x_wconf 79' lang='lat' dir='ltr'><strong>castrorum</strong></span> 
     </span>
     <span class='ocr_line' id='line_1_37' title="bbox 140 3662 1154 3752; baseline 0.008 -27"><span class='ocrx_word' id='word_1_297' title='bbox 140 3662 273 3727; x_wconf 84' lang='lat' dir='ltr'><strong>Fulvius</strong></span> <span class='ocrx_word' id='word_1_298' title='bbox 290 3663 346 3728; x_wconf 92' lang='lat' dir='ltr'><strong>ubi</strong></span> <span class='ocrx_word' id='word_1_299' title='bbox 362 3664 454 3742; x_wconf 88' lang='lat' dir='ltr'><strong>vidit,</strong></span> <span class='ocrx_word' id='word_1_300' title='bbox 475 3663 515 3746; x_wconf 81' lang='lat' dir='ltr'><strong>Q.</strong></span> <span class='ocrx_word' id='word_1_301' title='bbox 533 3664 669 3730; x_wconf 85' lang='lat' dir='ltr'><strong>Navium</strong></span> <span class='ocrx_word' id='word_1_302' title='bbox 687 3668 901 3752; x_wconf 87' lang='lat' dir='ltr'><strong>primoresque</strong></span> <span class='ocrx_word' id='word_1_303' title='bbox 918 3669 998 3737; x_wconf 89' lang='lat' dir='ltr'><strong>alios</strong></span> <span class='ocrx_word' id='word_1_304' title='bbox 1017 3670 1154 3737; x_wconf 83' lang='lat' dir='ltr'><strong>centurio</strong></span> 
     </span>
    </p>
   </div>
   <div class='ocr_carea' id='block_1_3' title="bbox 93 3754 1152 4032">
    <p class='ocr_par' dir='ltr' id='par_1_13' title="bbox 93 3754 1152 4032">
     <span class='ocr_line' id='line_1_38' title="bbox 141 3754 1152 3852; baseline 0.01 -34"><span class='ocrx_word' id='word_1_305' title='bbox 141 3778 217 3819; x_wconf 90' lang='lat' dir='ltr'><strong>num</strong></span> <span class='ocrx_word' id='word_1_306' title='bbox 234 3754 387 3835; x_wconf 89' lang='lat' dir='ltr'><strong>hortatur,</strong></span> <span class='ocrx_word' id='word_1_307' title='bbox 414 3767 449 3822; x_wconf 90' lang='lat' dir='ltr'><strong>ut</strong></span> <span class='ocrx_word' id='word_1_308' title='bbox 467 3757 626 3823; x_wconf 90' lang='lat' dir='ltr'><strong>cohortem</strong></span> <span class='ocrx_word' id='word_1_309' title='bbox 644 3759 781 3826; x_wconf 88' lang='lat' dir='ltr'><strong>hostium</strong></span> <span class='ocrx_word' id='word_1_310' title='bbox 799 3762 859 3827; x_wconf 92' lang='lat' dir='ltr'><strong>sub</strong></span> <span class='ocrx_word' id='word_1_311' title='bbox 876 3763 960 3830; x_wconf 87' lang='lat' dir='ltr'><strong>vallo</strong></span> <span class='ocrx_word' id='word_1_312' title='bbox 977 3772 1152 3852; x_wconf 80' lang='lat' dir='ltr'><strong>pugnantem</strong></span> 
     </span>
     <span class='ocr_line' id='line_1_39' title="bbox 93 3848 1151 3934; baseline 0.011 -24"><span class='ocrx_word' id='word_1_313' title='bbox 93 3870 123 3917; x_wconf 79' lang='lat'><strong>13</strong></span> <span class='ocrx_word' id='word_1_314' title='bbox 141 3848 303 3913; x_wconf 85' lang='lat' dir='ltr'><strong>invadant:</strong></span> <span class='ocrx_word' id='word_1_315' title='bbox 329 3850 363 3914; x_wconf 93' lang='lat' dir='ltr'><strong>in</strong></span> <span class='ocrx_word' id='word_1_316' title='bbox 381 3873 503 3917; x_wconf 91' lang='lat' dir='ltr'><strong>summo</strong></span> <span class='ocrx_word' id='word_1_317' title='bbox 522 3852 698 3919; x_wconf 89' lang='lat' dir='ltr'><strong>discrimine</strong></span> <span class='ocrx_word' id='word_1_318' title='bbox 715 3877 782 3919; x_wconf 92' lang='lat' dir='ltr'><strong>rem</strong></span> <span class='ocrx_word' id='word_1_319' title='bbox 800 3857 893 3934; x_wconf 84' lang='lat' dir='ltr'><strong>verti3</strong></span> <span class='ocrx_word' id='word_1_320' title='bbox 920 3870 977 3922; x_wconf 87' lang='lat' dir='ltr'><strong>aut</strong></span> <span class='ocrx_word' id='word_1_321' title='bbox 993 3858 1076 3924; x_wconf 91' lang='lat' dir='ltr'><strong>viam</strong></span> <span class='ocrx_word' id='word_1_322' title='bbox 1092 3857 1151 3922; x_wconf 80' lang='lat' dir='ltr'><strong>dau·</strong></span> 
     </span>
     <span class='ocr_line' id='line_1_40' title="bbox 143 3940 1148 4032; baseline 0.016 -30"><span class='ocrx_word' id='word_1_323' title='bbox 143 3940 215 4004; x_wconf 90' lang='lat' dir='ltr'><strong>dam</strong></span> <span class='ocrx_word' id='word_1_324' title='bbox 236 3942 274 4007; x_wconf 90' lang='lat' dir='ltr'><strong>iis</strong></span> <span class='ocrx_word' id='word_1_325' title='bbox 297 3965 379 4022; x_wconf 86' lang='lat' dir='ltr'><strong>esse,</strong></span> <span class='ocrx_word' id='word_1_326' title='bbox 408 3954 439 4010; x_wconf 89' lang='lat' dir='ltr'><strong>et</strong></span> <span class='ocrx_word' id='word_1_327' title='bbox 459 3946 578 4013; x_wconf 91' lang='lat' dir='ltr'><strong>minore</strong></span> <span class='ocrx_word' id='word_1_328' title='bbox 600 3957 714 4013; x_wconf 89' lang='lat' dir='ltr'><strong>conatu</strong></span> <span class='ocrx_word' id='word_1_329' title='bbox 736 3971 831 4032; x_wconf 90' lang='lat' dir='ltr'><strong>quam</strong></span> <span class='ocrx_word' id='word_1_330' title='bbox 853 3952 1044 4017; x_wconf 90' lang='lat' dir='ltr'><strong>condensam</strong></span> <span class='ocrx_word' id='word_1_331' title='bbox 1067 3949 1148 4016; x_wconf 77' lang='lat' dir='ltr'><strong>aciem</strong></span> 
     </span>
    </p>
   </div>
   <div class='ocr_carea' id='block_1_4' title="bbox 0 0 1268 4514">
    <p class='ocr_par' dir='ltr' id='par_1_14' title="bbox 0 0 1268 4514">
     <span class='ocr_line' id='line_1_41' title="bbox 0 0 1268 4514; baseline 0 0"><span class='ocrx_word' id='word_1_332' title='bbox 0 0 1268 4514; x_wconf 95' lang='lat' dir='ltr'><strong> </strong></span> 
     </span>
    </p>
   </div>
  </div>
 </body>
</html>
