2528 4514
297 245 564 320 amaaxxmr,
581 246 625 303 34.
637 247 681 303 aa.
701 248 854 321 [acam]
1034 237 1098 305 199

85 428 192 486 mm,
220 405 274 471 cui
290 404 425 491 inposita
442 405 524 469 muri
540 405 746 472 fundamenta
764 417 850 485 sunt,
877 430 993 495 magna
1008 419 1098 496 parte

85 496 266 587 {dupoclive
283 507 345 576 est,
372 509 488 564 utnon
505 498 608 564 solum
624 499 722 566 missa
738 508 906 580 tormento,
933 511 981 568 set
1003 503 1098 569 etiam

85 612 153 679 ,qma
170 593 312 681 pondere
338 614 396 658 suo
421 592 586 678 provoluta
612 603 731 673 essent,
761 596 898 684 graviter
918 596 952 662 in
972 596 1097 665 hostem

94 699 169 745 *wa
188 718 193 726 ¹
209 697 246 753 ·t.
291 688 404 753 eadem
425 708 521 752 causa
542 686 584 752 ad
606 687 805 755 subeundum
825 690 959 756 arduum
976 691 1042 757 adit
1029 702 1097 757 tum
1115 714 1148 762 15

129 815 138 830 ι
159 813 163 839 ι
191 803 307 892 emque
332 781 513 869 ingressum
533 781 714 867 praebebat.
757 782 803 849 ita
824 784 955 851 consilio
977 784 1095 865 habito,
1115 805 1147 854 16

157 877 259 943 omnis
277 885 408 942 conatus
425 874 560 941 ludibrio
579 885 675 954 essct,
694 875 845 942 absistere
862 880 1095 965 oppugnatione

137 992 163 1036 ιθ
174 969 349 1036 obsidendo
363 976 484 1034 tantum
498 990 604 1035 arcere
617 979 699 1034 terra
711 970 852 1055 marique
868 972 1095 1039 commeatibus

120 1085 190 1129 *rem
205 1062 335 1150 placuit.

118 1155 283 1223 XXXV
335 1155 387 1220 lnt
375 1156 466 1221 terim
491 1154 671 1222 Marcellus·
693 1178 765 1220 cum
795 1157 886 1223 tertia
910 1155 976 1222 fere
1006 1168 1127 1243 parter

116 1262 136 1322 ,ἓ
150 1252 219 1317 'tus
242 1251 285 1316 ad
306 1249 500 1336 recipiendas
526 1249 620 1315 urbes
646 1249 820 1335 profectus,
847 1273 928 1335 quae
953 1252 987 1315 in
1008 1261 1096 1317 motu

198 1344 242 1410 ad
273 1342 550 1430 Uarthagmienses
580 1342 777 1421 defecerant,
812 1343 968 1411 Helorum
1002 1356 1096 1430 atque

138 1471 152 1498 ι·
164 1462 247 1505 sum
266 1438 452 1505 dedentibus
470 1437 547 1523 ipsis
564 1436 688 1522 recipit,
706 1435 840 1524 Megara
852 1438 885 1503 vi
898 1448 989 1525 capta
1001 1439 1095 1505 diruit
1113 1458 1129 1506 2

132 1532 248 1620 cripuit
266 1533 308 1596 ad
324 1531 513 1616 reliquorum
531 1555 568 1597 ac
589 1533 725 1597 maxime
745 1530 1016 1618 Syracusanorum
1034 1544 1095 1601 ter·

119 1639 160 1684 'a
207 1648 265 1713 per
280 1625 366 1691 idem
384 1625 450 1691 fere
468 1635 591 1710 tempus
610 1636 641 1691 et
653 1625 807 1703 Himilco,
826 1627 881 1710 qui
898 1628 939 1692 ad
952 1626 1096 1714 Pachyni
1113 1643 1129 1691 3

139 1752 151 1774 ..
165 1751 170 1775 ι
185 1720 316 1785 turium
334 1720 468 1786 classem
485 1719 538 1784 diu
556 1729 711 1798 tenuerat,
730 1719 981 1800 adHeracleam,
1000 1744 1095 1806 quam
1121 1754 1126 1761 ·

103 1815 104 1820 ’
126 1851 135 1866 „.
157 1824 181 1878 ·t
195 1813 353 1891 Minoam,
385 1813 523 1897 quinque
548 1824 580 1877 et
605 1812 717 1899 viginti
742 1813 828 1878 milia
852 1815 1008 1900 peditum,
1035 1817 1095 1881 tria

99 1969 102 1974 .
129 1937 168 1961 ιι.
183 1938 219 1986 ιι,
241 1906 407 1971 duodecim
425 1906 607 1992 elephantos
624 1907 783 1991 exposuit,
805 1930 1004 1994 nequaquam
1022 1931 1095 1975 cum

112 2039 122 2054 ,.
217 2000 317 2086 copiis
339 2010 411 2065 ante
434 2008 576 2064 tenuerat
602 2000 643 2064 ad
663 1998 850 2086 Pachynum
875 2002 1019 2068 classem.
1064 2019 1129 2067 ets

124 2121 127 2142 ι
178 2125 225 2153 wa
251 2095 292 2161 ab
306 2093 500 2180 Hippocrate
518 2103 688 2180 occupatae
704 2092 880 2180 Syracusae
899 2107 1000 2173 erant,
1023 2118 1095 2182 pro-

85 2227 121 2273 ,-
196 2186 417 2276 Carthaginem
440 2188 627 2272 adiutusque
649 2186 694 2252 ibi
716 2197 746 2253 et
768 2188 809 2253 ab
834 2189 947 2275 legatis
970 2189 1095 2275 Hippo-

85 2276 179 2353 Μ
196 2292 220 2349 tt
240 2284 352 2348 litteris
373 2281 576 2359 Hannibalis,
608 2280 663 2365 qui
689 2281 813 2347 venisse
840 2290 963 2367 tempus
991 2282 1094 2347 aiebat

110 2377 126 2424 «ἵ
141 2403 151 2426 ι
165 2407 176 2428 1>
195 2408 198 2431 a
218 2401 276 2464 per
303 2399 461 2443 summum
486 2376 582 2441 decus
609 2375 813 2460 repetendae,
855 2384 886 2440 et
919 2375 988 2460 ipse
1017 2375 1128 2440 hauto

199 2492 348 2558 praesens
378 2470 513 2535 monitor
541 2469 634 2534 facile
663 2467 858 2554 perpulerat,
894 2476 929 2532 ut
959 2477 1094 2551 quantae

93 2565 105 2636 J
133 2562 215 2620 *iu-2·
237 2574 368 2652 possent
384 2563 526 2650 peditum
548 2562 749 2647 equitumque
772 2561 880 2648 copiae
901 2562 935 2625 in
953 2558 1094 2628 Siciliam
1114 2610 1117 2615 .

91 2729 99 2740 7,
186 2669 276 2726 ntur.
312 2657 481 2724 adveniens
499 2655 681 2722 Heracliam
697 2656 780 2720 intra
795 2677 914 2741 paucos
934 2655 1008 2721 inde
1026 2654 1093 2720 dies
1113 2674 1128 2723 6

95 2813 99 2823 ,
130 2765 278 2829 ,mantum
302 2753 433 2838 recepit3
460 2751 653 2834 aliarumque
680 2749 866 2827 civitatium,
893 2771 975 2834 quae
996 2751 1093 2835 partis

94 2913 95 2916 ,
136 2875 137 2884 ’
207 2847 377 2912 '‘ensium
395 2856 496 2924 erant,
522 2844 602 2910 adeo
619 2865 771 2909 accensae
789 2852 861 2909 sunt
879 2866 952 2930 spes
970 2844 1011 2909 ad
1027 2843 1094 2928 pel-

139 2971 141 2989 ·
154 2970 172 2997 ι.
186 2940 296 3009 Sicilia
302 2941 474 3020 Romanos,
493 2950 528 3004 ut
544 2948 704 3026 postremo
722 2939 816 3005 etiam
833 2939 888 3023 qui
905 2938 1093 3005 obsideban-

139 3030 303 3121 Syracusis
321 3034 441 3100 animos
460 3033 650 3100 sustulerint
686 3041 717 3099 et
733 3042 821 3119 parte
839 3032 998 3119 copiarum
1017 3033 1093 3096 satis
1112 3048 1127 3094 ι

133 3157 137 3182 2
160 3129 193 3194 di
207 3129 320 3195 urbem
336 3150 432 3214 posse
448 3129 521 3207 rati,
542 3129 588 3193 ita
603 3128 684 3193 inter
702 3149 737 3193 se
753 3148 882 3191 munera
899 3125 973 3190 belli
989 3123 1095 3209 partiti

85 3214 151 3303 ht,
174 3235 209 3289 ut
225 3223 386 3311 Epicydes
404 3233 563 3310 praeesset
581 3222 741 3289 custodiae
758 3221 859 3298 urbis,
882 3219 1093 3305 Hippocrates

144 3317 153 3333 ⁰
165 3317 239 3384 coni
252 3318 434 3383 coniunctus
448 3317 566 3382 bellum
579 3317 730 3381 adversus
745 3314 905 3382 consulem
914 3312 1093 3378 Romanum

85 3418 195 3483 meret.
225 3434 298 3478 cum
312 3413 421 3476 decem
435 3410 612 3496 quingentis
627 3409 753 3474 milibus
765 3406 916 3493 peditum,
935 3404 1092 3489 equitibus
1109 3419 1126 3468 8

85 3516 155 3573 octe
172 3529 232 3594 per
246 3505 426 3571 intermissa
448 3514 517 3570 cust
504 3504 598 3570 todiis
619 3502 689 3568 loca
710 3501 830 3588 profect
831 3523 869 3565 us
887 3508 954 3564 cast
954 3522 989 3563 ra
1011 3498 1093 3563 circa

85 3603 199 3669 tcrillas
227 3601 339 3667 urbem
365 3599 510 3686 ponebat.
562 3598 702 3663 munient
690 3598 773 3663 tibus
801 3593 980 3681 supervenit
968 3592 1094 3657 t-Mar
1111 3607 1127 3657 9

85 3694 160 3764 ellus
182 3695 227 3763 ab
244 3694 453 3783 Agrigento
444 3717 508 3759 ram
530 3703 696 3779 occupate,
724 3714 797 3757 cum
814 3689 930 3753 frustra
948 3710 985 3753 eo
1002 3708 1093 3773 prae-

85 3793 167 3859 snirc
184 3792 312 3856 hostem
330 3789 518 3854 festinanst
519 3788 700 3864 etendisset,
726 3784 863 3861 rediens,
889 3781 967 3847 nihil
987 3780 1092 3845 minus

85 3896 145 3953 tus
167 3907 269 3981 quam
289 3882 343 3948 illo
366 3891 505 3968 tempore
527 3903 564 3947 ac
585 3880 655 3946 loco
674 3833 908 3965 Syracusanum
926 3874 987 3940 sibi
1004 3895 1093 3939 exer-

85 3992 155 4048 tum
169 3974 305 4048 obvium
318 3976 400 4083 fore3
419 3986 466 4043 set
479 3986 584 4042 tamen
597 3982 661 4038 met
663 3995 683 4037 u
649 3970 885 4039 tHimilconis
898 3968 1146 4036 Poenorum-10
