2528 4514
142 206 186 278 ’48
418 216 701 288 arcuaxmet.
722 215 913 287 [antanasi

109 406 125 454 >1
208 379 318 447 aula
358 377 495 444 Romam
520 385 625 441 tantus
652 386 751 440 terror
771 396 817 440 ex
837 375 904 442 bue
926 374 1016 443 clade
1031 396 1080 461 pa

140 486 206 554 ost,
230 485 266 540 ut
278 475 346 538 iam
357 473 405 537 nd
422 470 533 536 urbem
548 469 728 535 Romanam
746 468 910 535 crederent
924 469 1058 539 infestis

140 573 268 636 hostem
278 576 448 632 uenturum
456 587 520 629 nee
536 564 706 648 quicquam
718 563 794 650 spei
810 572 866 629 aut
882 563 994 631 auxilii
1004 585 1080 631 esse

110 688 126 736 2
140 689 165 731 a
178 663 281 750 ponde
294 659 526 743 moenibusque
543 659 610 724 tim
627 668 779 724 arcerent
810 680 875 725 uno
892 659 1021 725 consrrle
1038 657 1079 727 ud

86 792 88 799 ·
138 782 221 824 num
237 757 335 834 victo,
353 755 456 820 altero
473 776 514 820 ex
533 751 642 820 Sicilia
650 762 820 832 ,revocato.‚
847 752 974 820 duobus
996 774 1080 820 consu

97 880 99 882 ·
142 847 503 919 duobusconsularibus
522 846 711 913 exercitibus
729 847 836 926 victia
864 868 946 935 ques
965 848 1042 916 alios
1060 842 1080 912 d

140 968 224 1032 ques
242 945 319 1010 alias
336 944 478 1030 legiones
492 964 582 1020 esse,
605 962 687 1026 quae
702 942 922 1008 arcessantm?

111 1065 128 1112 e
209 1042 261 1106 lta
278 1039 392 1105 territis
412 1036 619 1124 Sempronius
643 1037 755 1104 consul
775 1037 914 1103 adrem.
954 1036 1080 1125 ingenti.

138 1136 215 1202 -culo
237 1156 294 1222 per
316 1133 435 1200 effusos
457 1133 577 1219 passim
598 1132 640 1197 ad
661 1132 878 1218 praedandum
898 1132 1036 1199 hostium
1049 1150 1080 1214 eq

144 1231 277 1299 audacia
289 1229 391 1317 magis
406 1250 502 1313 quam
520 1227 650 1293 oonsilio
668 1237 723 1292 aut
741 1249 797 1314 spe
815 1227 947 1293 fallendi
963 1229 1080 1294 resistcn

106 1327 174 1395 eei
190 1348 258 1391 -non
280 1324 416 1401 falleret,
441 1333 675 1409 transgressus,
702 1321 737 1386 id
758 1322 844 1406 quod
864 1342 966 1388 unum
987 1321 1080 1387 manin

70 1426 73 1432 “
135 1419 321 1507 praesentia
337 1415 590 1494 desiderabam,
614 1414 752 1481 comitiis
776 1415 994 1482 consularibus
1011 1415 1080 1482 habit

144 1514 276 1578 hiberna
287 1511 395 1577 nediit.
430 1511 527 1576 creati
545 1509 690 1575 consules
701 1507 767 1576 :Um
784 1507 940 1578 santus
956 1521 990 1577 et
1008 1508 1080 1577 ull

145 1609 216 1674 nius
230 1603 391 1694 [itanum]

48 1718 53 1725 ’
102 1723 126 1772 --e
208 1701 362 1768 Ceterum
391 1722 433 1765 ne
453 1699 589 1773 biberna
609 1701 742 1784 :quidem
763 1700 921 1767 ›Romau
948 1704 1051 1786 quieta
1071 1723 1080 1764 ε

142 1795 470 1883 ναςαιιῒὲὸιιεμεεὶω
486 1792 633 1860 dlumidie
650 1794 810 1879 equitibus
829 1805 874 1874 et,
894 1793 959 1883 [ut]
979 1817 1080 1882 qiman

142 1891 341 1976 impeditiora
362 1899 464 1967 erant,
488 1888 655 1956 Celtiberis
671 1890 911 1975 Lusitanisque.
948 1892 1080 1958 omnem

145 1985 283 2068 undique
309 1983 409 2051 clausi
435 1993 628 2050 commwtns
651 1993 754 2063 munt,
781 1984 946 2070 iniqua
968 1986 1080 2052 Pudor

108 2077 366 2148 e‘subveherent.
401 2078 577 2164 emporium
598 2100 696 2165 prope
715 2077 915 2145 Placentiam
937 2081 1003 2147 duit
1024 2091 1080 2147 et<

144 2196 261 2266 magno
275 2173 430 2239 munitum
444 2184 476 2239 et
489 2173 594 2241 valido
607 2174 767 2240 firmatum
780 2176 947 2261 praesidio.
971 2177 1080 2243 eiusce

139 2268 348 2356 expugnandi
366 2290 423 2354 spe
441 2290 514 2333 eum
532 2268 691 2352 equitibus
709 2290 747 2334 ac
762 2269 828 2334 levi
843 2280 1004 2336 armatura
1017 2270 1080 2357 prol

143 2362 320 2442 Hannibal,
343 2385 417 2428 oum
432 2363 606 2448 plurimum
620 2364 656 2428 in
674 2363 805 2429 celando
821 2365 947 2451 incepto
966 2368 1007 2432 ad
1030 2365 1080 2432 effe

109 2481 125 2527 r
144 2458 212 2544 spei
233 2457 411 2536 habuisset,
434 2467 527 2523 nocte
550 2459 678 2523 adortus
701 2480 765 2524 non
782 2459 896 2524 fefellit
912 2461 1034 2548 uigiles.
1063 2469 1080 2525 t

141 2562 272 2638 repente
290 2552 409 2619 clamor
425 2561 475 2616 est
492 2549 649 2630 sublatus,
668 2562 704 2616 ut
715 2551 899 2619 Placentiae
909 2576 1038 2639 quoque
1049 2575 1080 2620 at

136 2655 203 2710 tur.
239 2647 346 2728 itaque
364 2644 428 2712 sub
451 2645 556 2710 lucem
576 2667 650 2710 oum
669 2647 810 2731 equitatu
827 2649 939 2713 consul
957 2647 1080 2714 adorati

107 2760 126 2808 a
143 2738 296 2822 quadrato
310 2739 441 2824 agmine
452 2738 635 2825 ‚legionibus
654 2741 754 2825 sequi.
785 2751 933 2828 equestre
949 2743 1080 2824 interim

138 2833 221 2897 lium
243 2831 462 2912 commissum
487 2833 521 2897 in
544 2855 607 2918 quo
631 2835 706 2919 qnia
727 2835 857 2902 mucius
878 2836 1043 2905 Hannibal
1065 2858 1080 2922 p

139 2927 293 3005 excessit,
316 2948 433 3014 pavore
450 2927 594 2995 hostibus
612 2929 727 2995 iniecto
750 2930 916 2996 defensum
936 2932 1064 3021 egregie

109 3040 125 3088 9
145 3020 260 3087 sidium
276 3030 334 3089 est.
367 3043 543 3109 paucorum
560 3023 634 3088 inde
651 3024 775 3089 dionem
791 3025 897 3109 quiete
916 3039 1043 3114 sumpta
1054 3035 1080 3090 a

143 3115 219 3180 dum
237 3115 318 3181 satis
341 3125 507 3202 percurato
525 3117 655 3183 vulnere
673 3119 714 3183 ad
731 3117 930 3188 Victumulas
948 3144 1080 3210 oppugm

92 3210 188 3279 loire
208 3209 325 3297 pergit
368 3210 404 3274 id
433 3211 609 3296 emporium
634 3211 787 3278 Romanis
815 3211 939 3280 Gallico
966 3215 1080 3283 bellot

143 3304 313 3383 munitum
339 3305 413 3370 inde
433 3305 541 3370 locum
559 3306 840 3390 frequentaverant
861 3309 990 3376 adcolae
1007 3311 1080 3376 min

143 3398 238 3482 dique
256 3421 296 3463 ex
312 3399 454 3470 finitimis
473 3401 614 3487 populis,
633 3412 665 3466 ct
683 3412 750 3466 tum
768 3412 867 3469 terror
881 3406 1080 3490 popnation

93 3513 123 3562 11
139 3492 309 3580 ⁴plerosque
332 3514 377 3560 ex
399 3495 487 3582 agris
515 3496 706 3581 conpulerat.
742 3497 836 3563 huius
858 3500 986 3586 generis
1013 3501 1080 3567 mul

142 3587 229 3653 fama
249 3587 373 3674 inpigre
394 3588 518 3654 defensi
539 3591 581 3654 ad
598 3589 795 3658 Placentiam
817 3595 956 3679 praesidi
978 3619 1080 3663 aecem

93 3699 125 3748 12
143 3682 203 3747 mis
226 3682 358 3769 arreptis
382 3681 509 3749 obviam
531 3684 705 3751 Hannibali
731 3689 881 3772 procedit.
918 3692 1027 3778 magis
1055 3716 1080 3780 a

122 3785 238 3859 ‘quum
255 3776 340 3842 acies
363 3777 397 3841 in
418 3777 471 3842 via
492 3790 716 3844 concurrerunt
738 3791 783 3860 et,
811 3804 884 3847 cum
908 3805 948 3848 ex
968 3785 1073 3853 altera

141 3867 220 3932 nibil
241 3881 365 3956 praeter
382 3871 578 3937 inconditam
598 3873 726 3940 turbam
750 3888 847 3954 esset,
873 3877 909 3942 ic
929 3878 1032 3947 ultera
1059 3905 1080 3948 e

144 3961 234 4028 militi
260 3975 291 4031 et
317 3967 390 4034 duci
420 3967 510 4034 miles
540 3967 658 4049 fidens,
694 3971 735 4037 ad
762 3972 892 4060 triginta
919 3976 1067 4063 quinque
