<?xml version="1.0" encoding="UTF-8"?>
<!DOCTYPE html PUBLIC "-//W3C//DTD XHTML 1.0 Transitional//EN"
    "http://www.w3.org/TR/xhtml1/DTD/xhtml1-transitional.dtd">
<html xmlns="http://www.w3.org/1999/xhtml" xml:lang="en" lang="en">
 <head>
  <title>
</title>
<meta http-equiv="Content-Type" content="text/html;charset=utf-8" />
  <meta name='ocr-system' content='tesseract 3.04.00' />
  <meta name='ocr-capabilities' content='ocr_page ocr_carea ocr_par ocr_line ocrx_word'/>
</head>
<body>
  <div class='ocr_page' id='page_1' title='image "./titiliviaburbec00weisgoog_0294.png"; bbox 0 0 2528 4514; ppageno 0'>
   <div class='ocr_carea' id='block_1_1' title="bbox 145 209 980 285">
    <p class='ocr_par' dir='ltr' id='par_1_1' title="bbox 145 209 980 285">
     <span class='ocr_line' id='line_1_1' title="bbox 145 209 980 285; baseline -0.006 -10"><span class='ocrx_word' id='word_1_1' title='bbox 145 209 210 276; x_wconf 78' lang='lat'>174</span> <span class='ocrx_word' id='word_1_2' title='bbox 336 217 454 274; x_wconf 82' lang='lat' dir='ltr'>LIBER</span> <span class='ocrx_word' id='word_1_3' title='bbox 471 216 602 285; x_wconf 88' lang='lat' dir='ltr'>XXIIII,</span> <span class='ocrx_word' id='word_1_4' title='bbox 622 216 704 272; x_wconf 85' lang='grc'><strong>9.10.</strong></span> <span class='ocrx_word' id='word_1_5' title='bbox 725 218 800 284; x_wconf 80' lang='lat' dir='ltr'>[au.</span> <span class='ocrx_word' id='word_1_6' title='bbox 812 213 980 285; x_wconf 56' lang='lat' dir='ltr'>abilam]</span> 
     </span>
    </p>
   </div>
   <div class='ocr_carea' id='block_1_2' title="bbox 36 372 1082 4062">
    <p class='ocr_par' dir='ltr' id='par_1_2' title="bbox 142 372 1082 462">
     <span class='ocr_line' id='line_1_2' title="bbox 142 372 1082 462; baseline -0.011 -16"><span class='ocrx_word' id='word_1_7' title='bbox 142 391 178 446; x_wconf 88' lang='lat' dir='ltr'>ut</span> <span class='ocrx_word' id='word_1_8' title='bbox 197 377 239 462; x_wconf 96' lang='grc' dir='ltr'>Ω.</span> <span class='ocrx_word' id='word_1_9' title='bbox 256 377 371 444; x_wconf 85' lang='lat' dir='ltr'>Fulvio</span> <span class='ocrx_word' id='word_1_10' title='bbox 393 386 482 440; x_wconf 82' lang='lat' dir='ltr'>extra</span> <span class='ocrx_word' id='word_1_11' title='bbox 504 375 645 439; x_wconf 88' lang='lat' dir='ltr'>ordinem</span> <span class='ocrx_word' id='word_1_12' title='bbox 667 372 787 439; x_wconf 89' lang='lat' dir='ltr'>urbana</span> <span class='ocrx_word' id='word_1_13' title='bbox 803 372 966 459; x_wconf 88' lang='lat' dir='ltr'>provincia</span> <span class='ocrx_word' id='word_1_14' title='bbox 987 374 1082 437; x_wconf 72' lang='lat' dir='ltr'>esset?</span> 
     </span>
    </p>

    <p class='ocr_par' dir='ltr' id='par_1_3' title="bbox 36 466 1082 562">
     <span class='ocr_line' id='line_1_3' title="bbox 36 466 1082 562; baseline -0.011 -20"><span class='ocrx_word' id='word_1_15' title='bbox 36 477 48 503; x_wconf 73' lang='lat'>‘&#39;</span> <span class='ocrx_word' id='word_1_16' title='bbox 142 474 343 562; x_wconf 87' lang='lat' dir='ltr'>potissimum</span> <span class='ocrx_word' id='word_1_17' title='bbox 362 470 543 536; x_wconf 91' lang='lat' dir='ltr'>consulibus</span> <span class='ocrx_word' id='word_1_18' title='bbox 562 470 603 535; x_wconf 89' lang='lat' dir='ltr'>ad</span> <span class='ocrx_word' id='word_1_19' title='bbox 620 468 738 535; x_wconf 92' lang='lat' dir='ltr'>bellum</span> <span class='ocrx_word' id='word_1_20' title='bbox 755 468 906 554; x_wconf 88' lang='lat' dir='ltr'>profectis</span> <span class='ocrx_word' id='word_1_21' title='bbox 925 466 997 535; x_wconf 90' lang='lat' dir='ltr'>urbi</span> <span class='ocrx_word' id='word_1_22' title='bbox 1008 490 1082 555; x_wconf 86' lang='lat' dir='ltr'>praa</span> 
     </span>
    </p>

    <p class='ocr_par' dir='ltr' id='par_1_4' title="bbox 110 562 1082 842">
     <span class='ocr_line' id='line_1_4' title="bbox 110 562 1082 652; baseline -0.006 -18"><span class='ocrx_word' id='word_1_23' title='bbox 110 595 125 642; x_wconf 78' lang='lat' dir='ltr'>a</span> <span class='ocrx_word' id='word_1_24' title='bbox 207 568 322 652; x_wconf 80' lang='lat' dir='ltr'><strong>Aquae</strong></span> <span class='ocrx_word' id='word_1_25' title='bbox 345 587 479 652; x_wconf 88' lang='lat' dir='ltr'>magnae</span> <span class='ocrx_word' id='word_1_26' title='bbox 501 564 550 631; x_wconf 90' lang='lat' dir='ltr'>bis</span> <span class='ocrx_word' id='word_1_27' title='bbox 574 587 611 631; x_wconf 90' lang='lat' dir='ltr'>eo</span> <span class='ocrx_word' id='word_1_28' title='bbox 634 587 716 629; x_wconf 92' lang='lat' dir='ltr'>anno</span> <span class='ocrx_word' id='word_1_29' title='bbox 733 563 861 633; x_wconf 77' lang='lat' dir='ltr'>suerum</span> <span class='ocrx_word' id='word_1_30' title='bbox 879 562 1082 646; x_wconf 79' lang='lat' dir='ltr'>Tiberisque=</span> 
     </span>
     <span class='ocr_line' id='line_1_5' title="bbox 143 663 1082 745; baseline -0.01 -15"><span class='ocrx_word' id='word_1_31' title='bbox 143 663 307 730; x_wconf 89' lang='lat' dir='ltr'>inundavit</span> <span class='ocrx_word' id='word_1_32' title='bbox 338 683 410 724; x_wconf 86' lang='lat' dir='ltr'>oum</span> <span class='ocrx_word' id='word_1_33' title='bbox 441 682 558 745; x_wconf 86' lang='lat' dir='ltr'>magna</span> <span class='ocrx_word' id='word_1_34' title='bbox 589 669 692 744; x_wconf 80' lang='lat' dir='ltr'><strong>strage</strong></span> <span class='ocrx_word' id='word_1_35' title='bbox 723 667 877 723; x_wconf 86' lang='lat' dir='ltr'>tectorum</span> <span class='ocrx_word' id='word_1_36' title='bbox 909 680 1082 744; x_wconf 75' lang='lat' dir='ltr'>pecorumqr</span> 
     </span>
     <span class='ocr_line' id='line_1_6' title="bbox 144 753 471 842; baseline -0.018 -18"><span class='ocrx_word' id='word_1_37' title='bbox 144 757 307 824; x_wconf 91' lang='lat' dir='ltr'>hominum</span> <span class='ocrx_word' id='word_1_38' title='bbox 324 753 471 842; x_wconf 84' lang='lat' dir='ltr'>pernicie.</span> 
     </span>
    </p>

    <p class='ocr_par' dir='ltr' id='par_1_5' title="bbox 110 845 1082 1127">
     <span class='ocr_line' id='line_1_7' title="bbox 110 845 1082 934; baseline -0.004 -18"><span class='ocrx_word' id='word_1_39' title='bbox 110 879 124 924; x_wconf 76' lang='lat' dir='ltr'>r</span> <span class='ocrx_word' id='word_1_40' title='bbox 210 849 330 934; x_wconf 87' lang='lat' dir='ltr'>Quinto</span> <span class='ocrx_word' id='word_1_41' title='bbox 348 872 430 915; x_wconf 92' lang='lat' dir='ltr'>anno</span> <span class='ocrx_word' id='word_1_42' title='bbox 450 849 578 914; x_wconf 90' lang='lat' dir='ltr'>secundi</span> <span class='ocrx_word' id='word_1_43' title='bbox 596 847 709 912; x_wconf 88' lang='lat' dir='ltr'>Punici</span> <span class='ocrx_word' id='word_1_44' title='bbox 727 846 802 913; x_wconf 92' lang='lat' dir='ltr'>belli</span> <span class='ocrx_word' id='word_1_45' title='bbox 821 845 862 930; x_wconf 82' lang='lat' dir='ltr'>Q.</span> <span class='ocrx_word' id='word_1_46' title='bbox 880 846 1004 913; x_wconf 82' lang='lat' dir='ltr'><strong>Fabius</strong></span> <span class='ocrx_word' id='word_1_47' title='bbox 1018 846 1082 912; x_wconf 83' lang='lat' dir='ltr'>Mar</span> 
     </span>
     <span class='ocr_line' id='line_1_8' title="bbox 143 942 1082 1032; baseline -0.006 -19"><span class='ocrx_word' id='word_1_48' title='bbox 143 957 303 1032; x_wconf 86' lang='lat' dir='ltr'>quartum,</span> <span class='ocrx_word' id='word_1_49' title='bbox 330 943 378 1009; x_wconf 90' lang='lat' dir='ltr'>M.</span> <span class='ocrx_word' id='word_1_50' title='bbox 398 943 551 1010; x_wconf 85' lang='lat' dir='ltr'>Claudius</span> <span class='ocrx_word' id='word_1_51' title='bbox 570 942 744 1008; x_wconf 84' lang='lat' dir='ltr'>Marcellus</span> <span class='ocrx_word' id='word_1_52' title='bbox 764 942 891 1009; x_wconf 89' lang='lat' dir='ltr'>tertium</span> <span class='ocrx_word' id='word_1_53' title='bbox 909 942 1082 1008; x_wconf 87' lang='lat' dir='ltr'>consulatu</span> 
     </span>
     <span class='ocr_line' id='line_1_9' title="bbox 145 1037 1082 1127; baseline -0.005 -20"><span class='ocrx_word' id='word_1_54' title='bbox 145 1051 255 1107; x_wconf 88' lang='lat' dir='ltr'>euntes</span> <span class='ocrx_word' id='word_1_55' title='bbox 281 1039 352 1127; x_wconf 90' lang='lat' dir='ltr'>plus</span> <span class='ocrx_word' id='word_1_56' title='bbox 384 1038 475 1105; x_wconf 91' lang='lat' dir='ltr'>solito</span> <span class='ocrx_word' id='word_1_57' title='bbox 509 1047 726 1104; x_wconf 82' lang='lat' dir='ltr'>converterant</span> <span class='ocrx_word' id='word_1_58' title='bbox 751 1038 785 1103; x_wconf 90' lang='lat' dir='ltr'>in</span> <span class='ocrx_word' id='word_1_59' title='bbox 815 1059 850 1103; x_wconf 92' lang='lat' dir='ltr'>se</span> <span class='ocrx_word' id='word_1_60' title='bbox 877 1037 1016 1104; x_wconf 85' lang='lat' dir='ltr'>civitatis</span> <span class='ocrx_word' id='word_1_61' title='bbox 1042 1040 1082 1102; x_wconf 83' lang='lat' dir='ltr'>au</span> 
     </span>
    </p>

    <p class='ocr_par' dir='ltr' id='par_1_6' title="bbox 109 1132 1082 1306">
     <span class='ocr_line' id='line_1_10' title="bbox 109 1132 1082 1217; baseline -0.009 -12"><span class='ocrx_word' id='word_1_62' title='bbox 109 1157 125 1205; x_wconf 85' lang='lat'>8</span> <span class='ocrx_word' id='word_1_63' title='bbox 144 1135 251 1201; x_wconf 90' lang='lat' dir='ltr'>multis</span> <span class='ocrx_word' id='word_1_64' title='bbox 270 1133 353 1200; x_wconf 90' lang='lat' dir='ltr'>enim</span> <span class='ocrx_word' id='word_1_65' title='bbox 372 1132 461 1198; x_wconf 91' lang='lat' dir='ltr'>annis</span> <span class='ocrx_word' id='word_1_66' title='bbox 480 1132 541 1198; x_wconf 89' lang='lat' dir='ltr'>tale</span> <span class='ocrx_word' id='word_1_67' title='bbox 560 1132 724 1198; x_wconf 91' lang='lat' dir='ltr'>consulum</span> <span class='ocrx_word' id='word_1_68' title='bbox 746 1155 804 1217; x_wconf 90' lang='lat' dir='ltr'>par</span> <span class='ocrx_word' id='word_1_69' title='bbox 824 1155 889 1198; x_wconf 92' lang='lat' dir='ltr'>non</span> <span class='ocrx_word' id='word_1_70' title='bbox 906 1132 1022 1197; x_wconf 82' lang='lat' dir='ltr'>fuerat.</span> <span class='ocrx_word' id='word_1_71' title='bbox 1064 1155 1082 1196; x_wconf 86' lang='lat' dir='ltr'>r</span> 
     </span>
     <span class='ocr_line' id='line_1_11' title="bbox 143 1223 1081 1306; baseline -0.007 -10"><span class='ocrx_word' id='word_1_72' title='bbox 143 1229 221 1296; x_wconf 86' lang='lat' dir='ltr'>bant</span> <span class='ocrx_word' id='word_1_73' title='bbox 239 1250 345 1306; x_wconf 82' lang='lat' dir='ltr'>senes,</span> <span class='ocrx_word' id='word_1_74' title='bbox 365 1227 411 1293; x_wconf 91' lang='lat' dir='ltr'>sic</span> <span class='ocrx_word' id='word_1_75' title='bbox 419 1225 599 1292; x_wconf 83' lang='lat' dir='ltr'>Maximum</span> <span class='ocrx_word' id='word_1_76' title='bbox 607 1226 738 1305; x_wconf 83' lang='lat' dir='ltr'>Rullum</span> <span class='ocrx_word' id='word_1_77' title='bbox 756 1249 828 1291; x_wconf 91' lang='lat' dir='ltr'>cum</span> <span class='ocrx_word' id='word_1_78' title='bbox 836 1225 875 1291; x_wconf 89' lang='lat' dir='ltr'>P.</span> <span class='ocrx_word' id='word_1_79' title='bbox 886 1225 991 1291; x_wconf 82' lang='lat' dir='ltr'>Decio</span> <span class='ocrx_word' id='word_1_80' title='bbox 1005 1223 1081 1292; x_wconf 90' lang='lat' dir='ltr'>adb</span> 
     </span>
    </p>

    <p class='ocr_par' dir='ltr' id='par_1_7' title="bbox 145 1320 1082 1501">
     <span class='ocr_line' id='line_1_12' title="bbox 145 1320 1082 1408; baseline -0.005 -19"><span class='ocrx_word' id='word_1_81' title='bbox 145 1322 318 1401; x_wconf 84' lang='lat' dir='ltr'>Gallicum,</span> <span class='ocrx_word' id='word_1_82' title='bbox 356 1320 402 1387; x_wconf 91' lang='lat' dir='ltr'>sic</span> <span class='ocrx_word' id='word_1_83' title='bbox 427 1330 538 1408; x_wconf 89' lang='lat' dir='ltr'>postea</span> <span class='ocrx_word' id='word_1_84' title='bbox 564 1320 727 1406; x_wconf 90' lang='lat' dir='ltr'>Papirium</span> <span class='ocrx_word' id='word_1_85' title='bbox 759 1320 998 1405; x_wconf 85' lang='lat' dir='ltr'>Carviliumque</span> <span class='ocrx_word' id='word_1_86' title='bbox 1030 1320 1082 1384; x_wconf 81' lang='lat' dir='ltr'>adr</span> 
     </span>
     <span class='ocr_line' id='line_1_13' title="bbox 145 1415 1082 1501; baseline -0.004 -16"><span class='ocrx_word' id='word_1_87' title='bbox 145 1417 305 1485; x_wconf 78' lang='lat' dir='ltr'>Samnites</span> <span class='ocrx_word' id='word_1_88' title='bbox 313 1416 518 1501; x_wconf 76' lang='lat' dir='ltr'>Bruttiosque</span> <span class='ocrx_word' id='word_1_89' title='bbox 533 1426 564 1481; x_wconf 89' lang='lat' dir='ltr'>et</span> <span class='ocrx_word' id='word_1_90' title='bbox 571 1417 742 1481; x_wconf 90' lang='lat' dir='ltr'>Lucanum</span> <span class='ocrx_word' id='word_1_91' title='bbox 755 1439 828 1481; x_wconf 92' lang='lat' dir='ltr'>cum</span> <span class='ocrx_word' id='word_1_92' title='bbox 841 1415 1017 1481; x_wconf 85' lang='lat' dir='ltr'>Tarentino</span> <span class='ocrx_word' id='word_1_93' title='bbox 1029 1437 1082 1501; x_wconf 72' lang='lat' dir='ltr'>pop</span> 
     </span>
    </p>

    <p class='ocr_par' dir='ltr' id='par_1_8' title="bbox 109 1508 1082 1690">
     <span class='ocr_line' id='line_1_14' title="bbox 109 1508 1082 1586; baseline -0.008 -4"><span class='ocrx_word' id='word_1_94' title='bbox 109 1536 124 1584; x_wconf 84' lang='lat' dir='ltr'>s</span> <span class='ocrx_word' id='word_1_95' title='bbox 143 1512 289 1579; x_wconf 89' lang='lat' dir='ltr'>consules</span> <span class='ocrx_word' id='word_1_96' title='bbox 307 1510 491 1577; x_wconf 85' lang='lat' dir='ltr'>declaratos.</span> <span class='ocrx_word' id='word_1_97' title='bbox 518 1509 633 1576; x_wconf 89' lang='lat' dir='ltr'>absens</span> <span class='ocrx_word' id='word_1_98' title='bbox 643 1508 814 1574; x_wconf 88' lang='lat' dir='ltr'>Marcellus</span> <span class='ocrx_word' id='word_1_99' title='bbox 828 1508 939 1574; x_wconf 90' lang='lat' dir='ltr'>consul</span> <span class='ocrx_word' id='word_1_100' title='bbox 953 1518 1082 1586; x_wconf 83' lang='lat' dir='ltr'>creatus,</span> 
     </span>
     <span class='ocr_line' id='line_1_15' title="bbox 143 1603 1082 1690; baseline -0.007 -16"><span class='ocrx_word' id='word_1_101' title='bbox 143 1609 185 1674; x_wconf 86' lang='lat' dir='ltr'>ad</span> <span class='ocrx_word' id='word_1_102' title='bbox 203 1606 374 1673; x_wconf 86' lang='lat' dir='ltr'>exercitum</span> <span class='ocrx_word' id='word_1_103' title='bbox 388 1615 481 1684; x_wconf 88' lang='lat' dir='ltr'>esset,</span> <span class='ocrx_word' id='word_1_104' title='bbox 500 1605 658 1690; x_wconf 88' lang='lat' dir='ltr'>praesenti</span> <span class='ocrx_word' id='word_1_105' title='bbox 672 1603 772 1670; x_wconf 89' lang='lat' dir='ltr'>Fabio</span> <span class='ocrx_word' id='word_1_106' title='bbox 791 1612 884 1687; x_wconf 89' lang='lat' dir='ltr'>atque</span> <span class='ocrx_word' id='word_1_107' title='bbox 897 1603 970 1688; x_wconf 93' lang='lat' dir='ltr'>ipso</span> <span class='ocrx_word' id='word_1_108' title='bbox 985 1603 1082 1668; x_wconf 81' lang='lat' dir='ltr'>comiti</span> 
     </span>
    </p>

    <p class='ocr_par' dir='ltr' id='par_1_9' title="bbox 93 1698 1082 1783">
     <span class='ocr_line' id='line_1_16' title="bbox 93 1698 1082 1783; baseline -0.009 -12"><span class='ocrx_word' id='word_1_109' title='bbox 93 1725 125 1771; x_wconf 83' lang='lat' dir='ltr'>ro</span> <span class='ocrx_word' id='word_1_110' title='bbox 143 1701 238 1768; x_wconf 90' lang='lat' dir='ltr'>bente</span> <span class='ocrx_word' id='word_1_111' title='bbox 256 1700 438 1767; x_wconf 90' lang='lat' dir='ltr'>consulatus</span> <span class='ocrx_word' id='word_1_112' title='bbox 457 1700 667 1766; x_wconf 85' lang='lat' dir='ltr'>continuatus.</span> <span class='ocrx_word' id='word_1_113' title='bbox 708 1710 833 1783; x_wconf 89' lang='lat' dir='ltr'>tempus</span> <span class='ocrx_word' id='word_1_114' title='bbox 851 1721 889 1763; x_wconf 87' lang='lat' dir='ltr'>ac</span> <span class='ocrx_word' id='word_1_115' title='bbox 910 1698 1082 1763; x_wconf 77' lang='lat' dir='ltr'>necessitas</span> 
     </span>
    </p>

    <p class='ocr_par' dir='ltr' id='par_1_10' title="bbox 144 1791 1082 1977">
     <span class='ocr_line' id='line_1_17' title="bbox 144 1791 1082 1875; baseline -0.006 -13"><span class='ocrx_word' id='word_1_116' title='bbox 144 1818 182 1862; x_wconf 88' lang='lat' dir='ltr'>ao</span> <span class='ocrx_word' id='word_1_117' title='bbox 199 1794 367 1862; x_wconf 87' lang='lat' dir='ltr'>discrimen</span> <span class='ocrx_word' id='word_1_118' title='bbox 386 1815 527 1860; x_wconf 92' lang='lat' dir='ltr'>summae</span> <span class='ocrx_word' id='word_1_119' title='bbox 544 1816 649 1860; x_wconf 91' lang='lat' dir='ltr'>rerum</span> <span class='ocrx_word' id='word_1_120' title='bbox 667 1792 836 1870; x_wconf 80' lang='lat' dir='ltr'>faciebant,</span> <span class='ocrx_word' id='word_1_121' title='bbox 860 1792 989 1875; x_wconf 87' lang='lat' dir='ltr'>nequis</span> <span class='ocrx_word' id='word_1_122' title='bbox 1009 1791 1082 1856; x_wconf 87' lang='lat' dir='ltr'>auti</span> 
     </span>
     <span class='ocr_line' id='line_1_18' title="bbox 144 1887 1082 1977; baseline -0.003 -22"><span class='ocrx_word' id='word_1_123' title='bbox 144 1890 283 1976; x_wconf 90' lang='lat' dir='ltr'>emplum</span> <span class='ocrx_word' id='word_1_124' title='bbox 297 1889 473 1975; x_wconf 87' lang='lat' dir='ltr'>exquireret</span> <span class='ocrx_word' id='word_1_125' title='bbox 495 1899 549 1977; x_wconf 80' lang='lat' dir='ltr'>apt</span> <span class='ocrx_word' id='word_1_126' title='bbox 564 1900 745 1976; x_wconf 90' lang='lat' dir='ltr'>suspectum</span> <span class='ocrx_word' id='word_1_127' title='bbox 763 1887 943 1974; x_wconf 81' lang='lat' dir='ltr'>cupiditatis</span> <span class='ocrx_word' id='word_1_128' title='bbox 962 1887 1082 1975; x_wconf 89' lang='lat' dir='ltr'>imperii</span> 
     </span>
    </p>

    <p class='ocr_par' dir='ltr' id='par_1_11' title="bbox 94 1983 1082 2353">
     <span class='ocr_line' id='line_1_19' title="bbox 94 1983 1082 2070; baseline -0.005 -16"><span class='ocrx_word' id='word_1_129' title='bbox 94 2009 123 2054; x_wconf 91' lang='lat'>11</span> <span class='ocrx_word' id='word_1_130' title='bbox 146 1984 248 2051; x_wconf 90' lang='lat' dir='ltr'>sulem</span> <span class='ocrx_word' id='word_1_131' title='bbox 261 1983 405 2062; x_wconf 81' lang='lat' dir='ltr'>haberet3</span> <span class='ocrx_word' id='word_1_132' title='bbox 423 1984 499 2068; x_wconf 91' lang='lat' dir='ltr'>quin</span> <span class='ocrx_word' id='word_1_133' title='bbox 512 1983 795 2070; x_wconf 86' lang='lat' dir='ltr'>laudabantpotius</span> <span class='ocrx_word' id='word_1_134' title='bbox 808 1983 1082 2070; x_wconf 80' lang='lat' dir='ltr'>magnitudinems</span> 
     </span>
     <span class='ocr_line' id='line_1_20' title="bbox 143 2076 1082 2164; baseline -0.003 -20"><span class='ocrx_word' id='word_1_135' title='bbox 143 2079 316 2163; x_wconf 90' lang='lat' dir='ltr'>quodcum</span> <span class='ocrx_word' id='word_1_136' title='bbox 330 2101 454 2145; x_wconf 90' lang='lat' dir='ltr'>summo</span> <span class='ocrx_word' id='word_1_137' title='bbox 470 2078 657 2164; x_wconf 91' lang='lat' dir='ltr'>imperatore</span> <span class='ocrx_word' id='word_1_138' title='bbox 671 2100 741 2143; x_wconf 91' lang='lat' dir='ltr'>esse</span> <span class='ocrx_word' id='word_1_139' title='bbox 759 2100 838 2164; x_wconf 93' lang='lat' dir='ltr'>opus</span> <span class='ocrx_word' id='word_1_140' title='bbox 856 2078 902 2142; x_wconf 90' lang='lat' dir='ltr'>rei</span> <span class='ocrx_word' id='word_1_141' title='bbox 920 2076 1082 2164; x_wconf 77' lang='lat' dir='ltr'>publicae.</span> 
     </span>
     <span class='ocr_line' id='line_1_21' title="bbox 144 2172 1082 2258; baseline -0.002 -20"><span class='ocrx_word' id='word_1_142' title='bbox 144 2195 241 2258; x_wconf 90' lang='lat' dir='ltr'>seque</span> <span class='ocrx_word' id='word_1_143' title='bbox 255 2196 329 2239; x_wconf 91' lang='lat' dir='ltr'>eum</span> <span class='ocrx_word' id='word_1_144' title='bbox 341 2173 426 2239; x_wconf 89' lang='lat' dir='ltr'>haud</span> <span class='ocrx_word' id='word_1_145' title='bbox 440 2172 534 2239; x_wconf 91' lang='lat' dir='ltr'>dubie</span> <span class='ocrx_word' id='word_1_146' title='bbox 549 2195 628 2251; x_wconf 87' lang='lat' dir='ltr'>esse,</span> <span class='ocrx_word' id='word_1_147' title='bbox 647 2173 775 2237; x_wconf 90' lang='lat' dir='ltr'>minoris</span> <span class='ocrx_word' id='word_1_148' title='bbox 784 2172 936 2237; x_wconf 89' lang='lat' dir='ltr'>invidiam</span> <span class='ocrx_word' id='word_1_149' title='bbox 950 2195 1057 2249; x_wconf 89' lang='lat' dir='ltr'>suam,</span> <span class='ocrx_word' id='word_1_150' title='bbox 1073 2192 1082 2235; x_wconf 84' lang='lat' dir='ltr'>r</span> 
     </span>
     <span class='ocr_line' id='line_1_22' title="bbox 144 2266 1080 2353; baseline -0.003 -19"><span class='ocrx_word' id='word_1_151' title='bbox 144 2291 236 2335; x_wconf 88' lang='lat' dir='ltr'>exre</span> <span class='ocrx_word' id='word_1_152' title='bbox 254 2278 405 2346; x_wconf 88' lang='lat' dir='ltr'>oreretur,</span> <span class='ocrx_word' id='word_1_153' title='bbox 424 2290 519 2352; x_wconf 89' lang='lat' dir='ltr'>quam</span> <span class='ocrx_word' id='word_1_154' title='bbox 537 2267 701 2332; x_wconf 88' lang='lat' dir='ltr'>utilitatem</span> <span class='ocrx_word' id='word_1_155' title='bbox 719 2266 927 2353; x_wconf 86' lang='lat' dir='ltr'>reipublicae</span> <span class='ocrx_word' id='word_1_156' title='bbox 945 2266 1080 2333; x_wconf 82' lang='lat' dir='ltr'>fecisset</span> 
     </span>
    </p>

    <p class='ocr_par' dir='ltr' id='par_1_12' title="bbox 110 2362 1082 2542">
     <span class='ocr_line' id='line_1_23' title="bbox 110 2362 1082 2449; baseline -0.004 -20"><span class='ocrx_word' id='word_1_157' title='bbox 110 2386 121 2429; x_wconf 93' lang='lat'>1</span> <span class='ocrx_word' id='word_1_158' title='bbox 208 2363 255 2428; x_wconf 92' lang='lat' dir='ltr'>X.</span> <span class='ocrx_word' id='word_1_159' title='bbox 301 2362 375 2446; x_wconf 82' lang='lat' dir='ltr'>Quo</span> <span class='ocrx_word' id='word_1_160' title='bbox 394 2363 444 2428; x_wconf 93' lang='lat' dir='ltr'>die</span> <span class='ocrx_word' id='word_1_161' title='bbox 463 2362 681 2449; x_wconf 82' lang='lat' dir='ltr'>magistratum</span> <span class='ocrx_word' id='word_1_162' title='bbox 703 2362 838 2427; x_wconf 91' lang='lat' dir='ltr'>inierunt</span> <span class='ocrx_word' id='word_1_163' title='bbox 860 2362 1024 2441; x_wconf 87' lang='lat' dir='ltr'>consules,</span> <span class='ocrx_word' id='word_1_164' title='bbox 1051 2382 1082 2426; x_wconf 91' lang='lat' dir='ltr'>se</span> 
     </span>
     <span class='ocr_line' id='line_1_24' title="bbox 143 2455 1082 2542; baseline -0.003 -19"><span class='ocrx_word' id='word_1_165' title='bbox 143 2459 177 2523; x_wconf 93' lang='lat' dir='ltr'>in</span> <span class='ocrx_word' id='word_1_166' title='bbox 200 2456 358 2542; x_wconf 86' lang='lat' dir='ltr'>Capitolio</span> <span class='ocrx_word' id='word_1_167' title='bbox 381 2467 429 2523; x_wconf 89' lang='lat' dir='ltr'>est</span> <span class='ocrx_word' id='word_1_168' title='bbox 451 2456 591 2534; x_wconf 88' lang='lat' dir='ltr'>habitus,</span> <span class='ocrx_word' id='word_1_169' title='bbox 620 2457 841 2540; x_wconf 87' lang='lat' dir='ltr'>decretumque</span> <span class='ocrx_word' id='word_1_170' title='bbox 864 2458 1007 2522; x_wconf 91' lang='lat' dir='ltr'>omnium</span> <span class='ocrx_word' id='word_1_171' title='bbox 1032 2455 1082 2542; x_wconf 83' lang='lat' dir='ltr'>pri</span> 
     </span>
    </p>

    <p class='ocr_par' dir='ltr' id='par_1_13' title="bbox 107 2552 1082 2734">
     <span class='ocr_line' id='line_1_25' title="bbox 107 2552 1081 2638; baseline -0.002 -21"><span class='ocrx_word' id='word_1_172' title='bbox 107 2572 123 2617; x_wconf 80' lang='lat'><strong>2</strong></span> <span class='ocrx_word' id='word_1_173' title='bbox 144 2563 179 2618; x_wconf 93' lang='lat' dir='ltr'>ut</span> <span class='ocrx_word' id='word_1_174' title='bbox 200 2552 346 2619; x_wconf 90' lang='lat' dir='ltr'>consules</span> <span class='ocrx_word' id='word_1_175' title='bbox 370 2553 552 2619; x_wconf 89' lang='lat' dir='ltr'>sortirentur</span> <span class='ocrx_word' id='word_1_176' title='bbox 574 2563 819 2638; x_wconf 87' lang='lat' dir='ltr'>conpararentve</span> <span class='ocrx_word' id='word_1_177' title='bbox 836 2553 918 2619; x_wconf 89' lang='lat' dir='ltr'>inter</span> <span class='ocrx_word' id='word_1_178' title='bbox 940 2575 990 2631; x_wconf 89' lang='lat' dir='ltr'>se,</span> <span class='ocrx_word' id='word_1_179' title='bbox 1016 2561 1081 2616; x_wconf 90' lang='lat' dir='ltr'>uter</span> 
     </span>
     <span class='ocr_line' id='line_1_26' title="bbox 144 2647 1082 2734; baseline -0.002 -22"><span class='ocrx_word' id='word_1_180' title='bbox 144 2647 267 2714; x_wconf 90' lang='lat' dir='ltr'>soribus</span> <span class='ocrx_word' id='word_1_181' title='bbox 286 2648 427 2714; x_wconf 88' lang='lat' dir='ltr'>creandis</span> <span class='ocrx_word' id='word_1_182' title='bbox 446 2648 571 2713; x_wconf 90' lang='lat' dir='ltr'>comitia</span> <span class='ocrx_word' id='word_1_183' title='bbox 583 2647 726 2726; x_wconf 90' lang='lat' dir='ltr'>haberet,</span> <span class='ocrx_word' id='word_1_184' title='bbox 744 2649 928 2734; x_wconf 91' lang='lat' dir='ltr'>priusquam</span> <span class='ocrx_word' id='word_1_185' title='bbox 947 2649 990 2712; x_wconf 89' lang='lat' dir='ltr'>ad</span> <span class='ocrx_word' id='word_1_186' title='bbox 1008 2669 1082 2712; x_wconf 83' lang='lat' dir='ltr'>exer</span> 
     </span>
    </p>

    <p class='ocr_par' dir='ltr' id='par_1_14' title="bbox 109 2740 1082 2924">
     <span class='ocr_line' id='line_1_27' title="bbox 109 2740 1082 2829; baseline 0.002 -25"><span class='ocrx_word' id='word_1_187' title='bbox 109 2740 401 2825; x_wconf 82' lang='lat' dir='ltr'>sproficisceretur.</span> <span class='ocrx_word' id='word_1_188' title='bbox 452 2751 656 2828; x_wconf 83' lang='lat' dir='ltr'>prorogatum</span> <span class='ocrx_word' id='word_1_189' title='bbox 687 2743 800 2808; x_wconf 90' lang='lat' dir='ltr'>deinde</span> <span class='ocrx_word' id='word_1_190' title='bbox 826 2742 995 2829; x_wconf 90' lang='lat' dir='ltr'>imperium</span> <span class='ocrx_word' id='word_1_191' title='bbox 1022 2763 1082 2807; x_wconf 80' lang='lat' dir='ltr'>orni</span> 
     </span>
     <span class='ocr_line' id='line_1_28' title="bbox 144 2833 1082 2924; baseline 0.002 -27"><span class='ocrx_word' id='word_1_192' title='bbox 144 2834 199 2917; x_wconf 92' lang='lat' dir='ltr'>qui</span> <span class='ocrx_word' id='word_1_193' title='bbox 218 2833 258 2898; x_wconf 92' lang='lat' dir='ltr'>ad</span> <span class='ocrx_word' id='word_1_194' title='bbox 276 2834 430 2899; x_wconf 86' lang='lat' dir='ltr'>exercitus</span> <span class='ocrx_word' id='word_1_195' title='bbox 449 2847 550 2915; x_wconf 89' lang='lat' dir='ltr'>erant,</span> <span class='ocrx_word' id='word_1_196' title='bbox 569 2837 709 2921; x_wconf 91' lang='lat' dir='ltr'>iussique</span> <span class='ocrx_word' id='word_1_197' title='bbox 731 2837 764 2901; x_wconf 90' lang='lat' dir='ltr'>in</span> <span class='ocrx_word' id='word_1_198' title='bbox 780 2837 951 2924; x_wconf 89' lang='lat' dir='ltr'>provinciis</span> <span class='ocrx_word' id='word_1_199' title='bbox 970 2855 1082 2902; x_wconf 74' lang='lat' dir='ltr'>manere</span> 
     </span>
    </p>

    <p class='ocr_par' dir='ltr' id='par_1_15' title="bbox 144 2925 1082 3112">
     <span class='ocr_line' id='line_1_29' title="bbox 145 2925 1080 3008; baseline 0 -17"><span class='ocrx_word' id='word_1_200' title='bbox 145 2925 309 2992; x_wconf 86' lang='lat' dir='ltr'>Gracchus</span> <span class='ocrx_word' id='word_1_201' title='bbox 327 2928 496 3008; x_wconf 89' lang='lat' dir='ltr'>Luceriae,</span> <span class='ocrx_word' id='word_1_202' title='bbox 524 2930 579 2996; x_wconf 93' lang='lat' dir='ltr'>ubi</span> <span class='ocrx_word' id='word_1_203' title='bbox 602 2953 674 2995; x_wconf 91' lang='lat' dir='ltr'>cum</span> <span class='ocrx_word' id='word_1_204' title='bbox 691 2931 840 2996; x_wconf 86' lang='lat' dir='ltr'>volonum</span> <span class='ocrx_word' id='word_1_205' title='bbox 863 2932 1003 2997; x_wconf 87' lang='lat' dir='ltr'>exercitu</span> <span class='ocrx_word' id='word_1_206' title='bbox 1021 2937 1080 2995; x_wconf 89' lang='lat' dir='ltr'>erat</span> 
     </span>
     <span class='ocr_line' id='line_1_30' title="bbox 144 3020 1082 3112; baseline 0.003 -27"><span class='ocrx_word' id='word_1_207' title='bbox 144 3021 309 3087; x_wconf 85' lang='lat' dir='ltr'>Terentius</span> <span class='ocrx_word' id='word_1_208' title='bbox 319 3020 419 3088; x_wconf 90' lang='lat' dir='ltr'>Varro</span> <span class='ocrx_word' id='word_1_209' title='bbox 437 3024 470 3087; x_wconf 93' lang='lat' dir='ltr'>iu</span> <span class='ocrx_word' id='word_1_210' title='bbox 487 3047 564 3111; x_wconf 85' lang='lat' dir='ltr'>agro</span> <span class='ocrx_word' id='word_1_211' title='bbox 578 3024 705 3103; x_wconf 92' lang='lat' dir='ltr'>Piceno,</span> <span class='ocrx_word' id='word_1_212' title='bbox 723 3025 771 3090; x_wconf 92' lang='lat' dir='ltr'>M.</span> <span class='ocrx_word' id='word_1_213' title='bbox 783 3025 981 3112; x_wconf 90' lang='lat' dir='ltr'>Pomponius</span> <span class='ocrx_word' id='word_1_214' title='bbox 999 3020 1082 3089; x_wconf 81' lang='lat' dir='ltr'>inGu</span> 
     </span>
    </p>

    <p class='ocr_par' dir='ltr' id='par_1_16' title="bbox 107 3115 1082 3206">
     <span class='ocr_line' id='line_1_31' title="bbox 107 3115 1082 3206; baseline -0.002 -24"><span class='ocrx_word' id='word_1_215' title='bbox 107 3135 124 3182; x_wconf 84' lang='lat'>4</span> <span class='ocrx_word' id='word_1_216' title='bbox 143 3127 175 3180; x_wconf 91' lang='lat' dir='ltr'>et</span> <span class='ocrx_word' id='word_1_217' title='bbox 191 3125 351 3202; x_wconf 88' lang='lat' dir='ltr'>praetores</span> <span class='ocrx_word' id='word_1_218' title='bbox 369 3117 480 3202; x_wconf 90' lang='lat' dir='ltr'>prioris</span> <span class='ocrx_word' id='word_1_219' title='bbox 499 3120 572 3184; x_wconf 91' lang='lat' dir='ltr'>anni</span> <span class='ocrx_word' id='word_1_220' title='bbox 589 3143 646 3205; x_wconf 93' lang='lat' dir='ltr'>pro</span> <span class='ocrx_word' id='word_1_221' title='bbox 664 3130 806 3206; x_wconf 88' lang='lat' dir='ltr'>praetore</span> <span class='ocrx_word' id='word_1_222' title='bbox 821 3118 861 3202; x_wconf 90' lang='grc' dir='ltr'>Ω.</span> <span class='ocrx_word' id='word_1_223' title='bbox 876 3119 1007 3185; x_wconf 91' lang='lat' dir='ltr'>Mucius</span> <span class='ocrx_word' id='word_1_224' title='bbox 1025 3115 1082 3183; x_wconf 86' lang='lat' dir='ltr'>obti</span> 
     </span>
    </p>

    <p class='ocr_par' dir='ltr' id='par_1_17' title="bbox 48 3208 1082 3396">
     <span class='ocr_line' id='line_1_32' title="bbox 48 3208 1082 3290; baseline 0.003 -15"><span class='ocrx_word' id='word_1_225' title='bbox 48 3224 50 3228; x_wconf 81' lang='grc'>’</span> <span class='ocrx_word' id='word_1_226' title='bbox 144 3208 336 3290; x_wconf 84' lang='lat' dir='ltr'>Sardiniam,</span> <span class='ocrx_word' id='word_1_227' title='bbox 368 3211 415 3277; x_wconf 94' lang='lat' dir='ltr'>M.</span> <span class='ocrx_word' id='word_1_228' title='bbox 439 3212 583 3280; x_wconf 87' lang='lat' dir='ltr'>Valerius</span> <span class='ocrx_word' id='word_1_229' title='bbox 611 3215 651 3279; x_wconf 93' lang='lat' dir='ltr'>ad</span> <span class='ocrx_word' id='word_1_230' title='bbox 672 3215 877 3280; x_wconf 84' lang='lat' dir='ltr'>Brundisium</span> <span class='ocrx_word' id='word_1_231' title='bbox 905 3236 979 3279; x_wconf 91' lang='lat' dir='ltr'>orae</span> <span class='ocrx_word' id='word_1_232' title='bbox 1005 3209 1082 3278; x_wconf 80' lang='lat' dir='ltr'>marl</span> 
     </span>
     <span class='ocr_line' id='line_1_33' title="bbox 142 3305 1071 3396; baseline 0.004 -27"><span class='ocrx_word' id='word_1_233' title='bbox 142 3305 279 3373; x_wconf 88' lang='lat' dir='ltr'>intentus</span> <span class='ocrx_word' id='word_1_234' title='bbox 298 3307 449 3374; x_wconf 88' lang='lat' dir='ltr'>adversus</span> <span class='ocrx_word' id='word_1_235' title='bbox 467 3332 576 3374; x_wconf 89' lang='lat' dir='ltr'>omues</span> <span class='ocrx_word' id='word_1_236' title='bbox 594 3320 698 3377; x_wconf 89' lang='lat' dir='ltr'>motus</span> <span class='ocrx_word' id='word_1_237' title='bbox 708 3309 847 3396; x_wconf 91' lang='lat' dir='ltr'>Philippi</span> <span class='ocrx_word' id='word_1_238' title='bbox 860 3308 1071 3375; x_wconf 89' lang='lat' dir='ltr'>Macedonum</span> 
     </span>
    </p>

    <p class='ocr_par' dir='ltr' id='par_1_18' title="bbox 108 3401 1082 3676">
     <span class='ocr_line' id='line_1_34' title="bbox 108 3401 1082 3490; baseline -0.001 -24"><span class='ocrx_word' id='word_1_239' title='bbox 108 3418 123 3466; x_wconf 82' lang='lat' dir='ltr'>s</span> <span class='ocrx_word' id='word_1_240' title='bbox 143 3411 313 3483; x_wconf 85' lang='lat' dir='ltr'>praeesset.</span> <span class='ocrx_word' id='word_1_241' title='bbox 343 3401 382 3467; x_wconf 95' lang='lat' dir='ltr'>P.</span> <span class='ocrx_word' id='word_1_242' title='bbox 390 3402 536 3469; x_wconf 85' lang='lat' dir='ltr'>Cornelio</span> <span class='ocrx_word' id='word_1_243' title='bbox 545 3405 684 3470; x_wconf 90' lang='lat' dir='ltr'>Lentulo</span> <span class='ocrx_word' id='word_1_244' title='bbox 698 3405 834 3490; x_wconf 90' lang='lat' dir='ltr'>praetori</span> <span class='ocrx_word' id='word_1_245' title='bbox 845 3403 955 3471; x_wconf 88' lang='lat' dir='ltr'>Sicilia</span> <span class='ocrx_word' id='word_1_246' title='bbox 969 3405 1082 3470; x_wconf 85' lang='lat' dir='ltr'>decreta</span> 
     </span>
     <span class='ocr_line' id='line_1_35' title="bbox 142 3493 1082 3585; baseline 0.009 -29"><span class='ocrx_word' id='word_1_247' title='bbox 142 3493 259 3572; x_wconf 89' lang='lat' dir='ltr'>vincia,</span> <span class='ocrx_word' id='word_1_248' title='bbox 279 3494 316 3560; x_wconf 89' lang='grc' dir='ltr'>Τ.</span> <span class='ocrx_word' id='word_1_249' title='bbox 338 3493 474 3563; x_wconf 90' lang='lat' dir='ltr'>Otacilio</span> <span class='ocrx_word' id='word_1_250' title='bbox 492 3498 602 3564; x_wconf 87' lang='lat' dir='ltr'>classis</span> <span class='ocrx_word' id='word_1_251' title='bbox 622 3500 745 3578; x_wconf 89' lang='lat' dir='ltr'>eadem,</span> <span class='ocrx_word' id='word_1_252' title='bbox 766 3523 859 3585; x_wconf 92' lang='lat' dir='ltr'>quam</span> <span class='ocrx_word' id='word_1_253' title='bbox 878 3498 1082 3566; x_wconf 86' lang='lat' dir='ltr'>adversusCa</span> 
     </span>
     <span class='ocr_line' id='line_1_36' title="bbox 143 3587 713 3676; baseline 0.009 -23"><span class='ocrx_word' id='word_1_254' title='bbox 143 3587 303 3675; x_wconf 86' lang='lat' dir='ltr'>ginienses</span> <span class='ocrx_word' id='word_1_255' title='bbox 321 3591 423 3676; x_wconf 91' lang='lat' dir='ltr'>priore</span> <span class='ocrx_word' id='word_1_256' title='bbox 442 3615 523 3658; x_wconf 91' lang='lat' dir='ltr'>anno</span> <span class='ocrx_word' id='word_1_257' title='bbox 542 3592 713 3659; x_wconf 88' lang='lat' dir='ltr'>habuisset.</span> 
     </span>
    </p>

    <p class='ocr_par' dir='ltr' id='par_1_19' title="bbox 110 3683 1082 3965">
     <span class='ocr_line' id='line_1_37' title="bbox 110 3683 1082 3774; baseline 0.008 -28"><span class='ocrx_word' id='word_1_258' title='bbox 110 3701 124 3746; x_wconf 83' lang='lat' dir='ltr'>a</span> <span class='ocrx_word' id='word_1_259' title='bbox 207 3683 358 3772; x_wconf 85' lang='lat' dir='ltr'>Prodigia</span> <span class='ocrx_word' id='word_1_260' title='bbox 376 3709 413 3752; x_wconf 93' lang='lat' dir='ltr'>eo</span> <span class='ocrx_word' id='word_1_261' title='bbox 432 3711 513 3754; x_wconf 92' lang='lat' dir='ltr'>anno</span> <span class='ocrx_word' id='word_1_262' title='bbox 530 3689 629 3754; x_wconf 91' lang='lat' dir='ltr'>multa</span> <span class='ocrx_word' id='word_1_263' title='bbox 641 3690 783 3754; x_wconf 91' lang='lat' dir='ltr'>nuntiata</span> <span class='ocrx_word' id='word_1_264' title='bbox 797 3698 883 3767; x_wconf 92' lang='lat' dir='ltr'>sunt,</span> <span class='ocrx_word' id='word_1_265' title='bbox 902 3711 985 3774; x_wconf 87' lang='lat' dir='ltr'>quae</span> <span class='ocrx_word' id='word_1_266' title='bbox 999 3712 1082 3774; x_wconf 88' lang='lat' dir='ltr'>quor</span> 
     </span>
     <span class='ocr_line' id='line_1_38' title="bbox 144 3778 1082 3870; baseline 0.007 -29"><span class='ocrx_word' id='word_1_267' title='bbox 144 3778 312 3844; x_wconf 88' lang='lat' dir='ltr'>credebant</span> <span class='ocrx_word' id='word_1_268' title='bbox 329 3780 488 3867; x_wconf 90' lang='lat' dir='ltr'>simplices</span> <span class='ocrx_word' id='word_1_269' title='bbox 507 3805 545 3849; x_wconf 92' lang='lat' dir='ltr'>ac</span> <span class='ocrx_word' id='word_1_270' title='bbox 561 3783 700 3870; x_wconf 83' lang='lat' dir='ltr'>religiosi</span> <span class='ocrx_word' id='word_1_271' title='bbox 717 3784 871 3862; x_wconf 89' lang='lat' dir='ltr'>homines,</span> <span class='ocrx_word' id='word_1_272' title='bbox 890 3806 929 3849; x_wconf 90' lang='lat' dir='ltr'>eo</span> <span class='ocrx_word' id='word_1_273' title='bbox 945 3784 1040 3870; x_wconf 91' lang='lat' dir='ltr'>plura</span> <span class='ocrx_word' id='word_1_274' title='bbox 1055 3808 1082 3849; x_wconf 85' lang='lat' dir='ltr'>nr</span> 
     </span>
     <span class='ocr_line' id='line_1_39' title="bbox 144 3869 1082 3965; baseline 0.011 -29"><span class='ocrx_word' id='word_1_275' title='bbox 144 3869 271 3937; x_wconf 88' lang='lat' dir='ltr'>bantur:</span> <span class='ocrx_word' id='word_1_276' title='bbox 302 3875 430 3941; x_wconf 90' lang='lat' dir='ltr'>Lanuvi</span> <span class='ocrx_word' id='word_1_277' title='bbox 455 3877 489 3941; x_wconf 92' lang='lat' dir='ltr'>in</span> <span class='ocrx_word' id='word_1_278' title='bbox 515 3879 592 3944; x_wconf 88' lang='lat' dir='ltr'>aede</span> <span class='ocrx_word' id='word_1_279' title='bbox 618 3880 702 3946; x_wconf 91' lang='lat' dir='ltr'>intus</span> <span class='ocrx_word' id='word_1_280' title='bbox 731 3877 878 3965; x_wconf 89' lang='lat' dir='ltr'>Sospitae</span> <span class='ocrx_word' id='word_1_281' title='bbox 904 3878 1082 3946; x_wconf 86' lang='lat' dir='ltr'>Iunonisc</span> 
     </span>
    </p>

    <p class='ocr_par' dir='ltr' id='par_1_20' title="bbox 111 3965 1082 4062">
     <span class='ocr_line' id='line_1_40' title="bbox 111 3965 1082 4062; baseline 0.011 -30"><span class='ocrx_word' id='word_1_282' title='bbox 111 3987 125 4032; x_wconf 82' lang='lat'><strong>7</strong></span> <span class='ocrx_word' id='word_1_283' title='bbox 145 3965 255 4031; x_wconf 91' lang='lat' dir='ltr'>nidum</span> <span class='ocrx_word' id='word_1_284' title='bbox 266 3967 395 4052; x_wconf 85' lang='lat' dir='ltr'>fecisse3</span> <span class='ocrx_word' id='word_1_285' title='bbox 413 3973 446 4037; x_wconf 91' lang='lat' dir='ltr'>in</span> <span class='ocrx_word' id='word_1_286' title='bbox 453 3971 574 4061; x_wconf 86' lang='lat' dir='ltr'>Apulia</span> <span class='ocrx_word' id='word_1_287' title='bbox 581 3974 718 4062; x_wconf 82' lang='lat' dir='ltr'>palmam</span> <span class='ocrx_word' id='word_1_288' title='bbox 731 3975 863 4041; x_wconf 86' lang='lat' dir='ltr'>viridem</span> <span class='ocrx_word' id='word_1_289' title='bbox 877 3975 994 4042; x_wconf 88' lang='lat' dir='ltr'>arsisse</span> <span class='ocrx_word' id='word_1_290' title='bbox 999 4001 1010 4057; x_wconf 71' lang='grc' dir='ltr'><strong>ς</strong></span> <span class='ocrx_word' id='word_1_291' title='bbox 1027 3974 1082 4042; x_wconf 86' lang='lat' dir='ltr'>Mu</span> 
     </span>
    </p>
   </div>
   <div class='ocr_carea' id='block_1_3' title="bbox 0 0 1269 4514">
    <p class='ocr_par' dir='ltr' id='par_1_21' title="bbox 0 0 1269 4514">
     <span class='ocr_line' id='line_1_41' title="bbox 0 0 1269 4514; baseline 0 0"><span class='ocrx_word' id='word_1_292' title='bbox 0 0 1269 4514; x_wconf 95' lang='lat' dir='ltr'> </span> 
     </span>
    </p>
   </div>
  </div>
 </body>
</html>
