2528 4514
319 231 436 286 amna
454 233 565 303 xxvr,
584 233 625 287 24.
635 234 677 288 aa.
699 237 737 302 [a.
751 233 853 303 ean]
1043 225 1107 290 293

85 411 137 474 psa
162 398 214 453 est
237 389 363 454 nomine
385 388 479 453 habet
495 427 535 467 -,
564 412 633 454 eam
655 404 778 476 praeter
800 413 903 457 arcem
925 395 957 457 vi
975 395 1058 479 cepit
1075 405 1107 459 et

85 480 239 548 )eniadas
265 482 448 567 Nasumque
473 483 678 549 Acarnanum
706 495 813 571 captas
840 487 964 552 Aetolis
991 489 1105 553 contri-

85 577 145 640 ›uit
195 576 381 662 Philippum
407 597 532 661 quoque
557 579 631 643 satis
654 579 847 665 implicatum
869 579 952 646 bello
972 581 1104 646 finitimo
1124 602 1157 649 16

85 680 173 748 atus,
211 692 253 735 ne
278 669 403 734 Italiam
429 668 617 756 Poenosque
647 680 679 736 et
703 682 796 758 pacta
826 695 899 738 cum
925 674 1105 740 Hannibale

85 773 182 831 osset
200 765 374 850 respicere,
394 763 565 851 Corcyram
583 767 651 851 ipse
671 788 704 831 se
722 768 848 852 recepit.

128 858 255 924 XXV.
291 858 439 945 Philippo
453 859 638 925 Aetolorum
656 861 790 926 defectio
803 860 911 928 Pellae
929 863 1105 928 hibernanti
1124 888 1136 934 1

85 952 166 1019 llata
186 962 246 1016 est.
281 953 400 1036 itaque,
425 954 499 1037 quia
515 955 616 1039 primo
634 977 707 1020 vere
724 965 866 1021 moturus
884 958 1055 1022 exercitum
1072 958 1106 1022 in

85 1043 243 1114 lraeciam
270 1057 349 1124 erat,
380 1045 444 1133 [ut]
472 1048 597 1134 Illyrios
622 1049 845 1134 finitumasque
872 1051 917 1116 eis
944 1051 1038 1116 urbes
1065 1052 1140 1123 aba

85 1164 159 1230 ergo
197 1151 285 1206 metu
320 1141 442 1226 quietas
469 1142 658 1209 Macedonia
692 1143 838 1222 haberet,
875 1146 1105 1230 expeditionem

85 1237 211 1302 ubitam
238 1236 271 1300 in
299 1233 499 1302 Oricinorum
527 1246 621 1321 atque
646 1236 895 1324 Apolloniatium
924 1239 1004 1304 fines
1030 1239 1106 1304 fecit

85 1351 283 1418 gressosque
301 1330 521 1416 Apolloniatas
549 1354 621 1396 oum
647 1355 763 1419 magno
790 1344 906 1398 terrore
932 1354 969 1398 ac
986 1355 1104 1418 pavore

85 1425 225 1512 ompulit
241 1425 323 1489 intra
340 1448 456 1490 muros.
500 1428 630 1492 vastatis
652 1427 804 1513 proximis
821 1427 939 1512 Illyrici
961 1427 995 1492 in
1011 1426 1105 1492 Pela·
1123 1449 1137 1494 3

85 1523 201 1587 oniam
230 1522 339 1584 eadem
367 1521 523 1585 celeritate
549 1522 641 1586 vertit
670 1523 747 1600 iter3
782 1523 855 1587 inde
880 1521 1104 1587 Dardanorum
1214 1565 1216 1569 -

85 1616 183 1682 rbem
199 1612 348 1691 Sintiam,
367 1615 400 1679 in
412 1613 634 1680 Macedoniam
652 1618 818 1681 transitum
825 1616 985 1682 Dardanis
1003 1616 1104 1682 factu-

85 1735 146 1789 un,
180 1709 273 1795 cepit.
318 1709 367 1773 his
392 1710 506 1795 raptim
533 1711 610 1776 actis
637 1733 758 1776 memor
782 1710 919 1776 Aetolici
945 1710 1139 1794 iunctique4

85 1828 136 1870 rm
159 1826 201 1868 eo
220 1804 357 1868 Romani
374 1802 448 1868 belli
464 1825 522 1889 per
538 1804 744 1892 Pelagoniam
762 1814 794 1869 et
811 1806 959 1891 Lyncum
978 1813 1009 1869 et
1025 1803 1103 1871 Bot-

85 1921 184 1964 aeam
211 1898 245 1961 in
268 1896 466 1962 Thessaliam
493 1899 668 1964 descendit:
703 1899 745 1964 ad
770 1899 888 1964 bellum
914 1921 1023 1964 secum
1049 1900 1137 1966 ad·5

85 2014 181 2057 ersus
204 1991 339 2056 Aetolos
362 1993 589 2077 capessendum
610 1993 733 2063 incitari
753 2016 848 2081 posse
871 1994 1014 2059 homines
1037 2016 1104 2058 cre-

85 2087 173 2154 ebat.
221 2095 252 2150 et
269 2087 377 2150 relicto
395 2088 436 2151 ad
452 2086 561 2153 fauces
580 2088 764 2154 Thessaliae
781 2089 900 2154 Perseo
918 2111 991 2154 cnm
1013 2099 1104 2172 quat-

85 2205 137 2248 tor
156 2180 287 2245 milibus
307 2191 495 2246 armatorum
512 2182 554 2247 ad
571 2184 721 2248 arcendos
744 2183 831 2247 aditu
847 2182 996 2260 Aetolos,
1022 2184 1100 2267 ipse,
1121 2203 1136 2250 6

85 2277 255 2359 riusquam
277 2275 447 2341 maioribus
470 2286 674 2362 occuparetur
694 2276 803 2353 rebus,
830 2277 863 2339 in
880 2275 1103 2341 Macedoniam

85 2391 163 2456 :que
180 2369 257 2433 inde
274 2369 307 2433 in
325 2369 492 2434 Thraciam
510 2371 680 2435 exercitum
702 2391 739 2434 ac
756 2368 891 2434 Maedos
913 2369 1012 2432 duxit
1055 2367 1135 2434 in-7

85 2485 194 2528 nra-ere
222 2485 260 2527 ea
284 2485 364 2548 gens
391 2464 424 2527 in
441 2462 662 2529 Macedoniam
689 2463 780 2528 solita
805 2472 886 2540 erat,
913 2461 967 2526 ubi
992 2481 1102 2546 regem

85 2568 258 2643 ccupatum
281 2568 409 2623 externo
431 2557 513 2623 bello
535 2580 573 2623 ac
598 2557 667 2623 sine
688 2557 844 2642 praesidio
871 2577 942 2621 esse
967 2577 1101 2642 regnum

85 2654 232 2718 ensisset.
277 2653 318 2716 ad
338 2651 530 2740 frangendos
556 2651 652 2738 igitur
673 2661 797 2716 vastare
823 2673 916 2738 agros
939 2658 970 2715 et
991 2648 1101 2714 urbem
1120 2667 1135 2715 8

85 2746 333 2832 amphorynam,
379 2757 473 2831 caput
499 2767 666 2830 arcemque
691 2745 875 2823 Maedicae,
918 2765 1101 2831 oppugnare

85 2842 181 2928 oepit.
229 2839 351 2927 Scopas
373 2841 429 2906 ubi
449 2840 625 2927 profectum
647 2842 680 2904 in
697 2841 866 2906 Thraciam
883 2862 991 2928 regem
1009 2858 1133 2906 occu-9

86 2947 243 3018 stumque
260 2934 305 3000 ibi
322 2934 405 3000 bello
424 2936 556 3013 audivit,
584 2948 703 3000 armata
720 2935 805 3000 omni
822 2936 984 3000 iuventute
1000 2934 1101 2999 Aeto-

85 3049 171 3094 ›rum
199 3027 315 3093 bellum
341 3028 455 3093 infame
477 3028 675 3094 Acarnaniae
698 3038 797 3115 parat.
842 3030 993 3093 adversus
1016 3027 1101 3110 quod
1120 3047 1152 3093 10

85 3146 102 3190 e
119 3122 328 3188 Acarnanum
346 3144 425 3209 gens
443 3132 475 3187 et
496 3122 615 3188 viribus
637 3123 788 3210 imparem
807 3131 838 3186 et
855 3122 919 3186 iam
938 3118 1100 3187 Oeniadas

85 3217 253 3302 lasumque
275 3219 393 3283 amissa
416 3240 545 3283 cernens
567 3218 774 3302 Romanaque
795 3218 925 3300 insuper
945 3236 1032 3279 arma
1053 3213 1101 3276 in-

85 3335 195 3395 ruere,
222 3312 270 3377 ira
295 3313 397 3399 magis
424 3313 550 3377 instruit
576 3335 670 3396 quam
697 3310 827 3377 consilio
853 3309 981 3374 bellum.
1025 3326 1149 3373 con-11

85 3407 197 3495 igibus
215 3406 384 3491 liberisque
403 3416 434 3471 et
451 3405 625 3472 senioribus
649 3428 744 3491 super
766 3404 929 3490 sexaginta
951 3423 1049 3466 annos
1066 3401 1101 3464 in

85 3504 278 3590 ·mpinquam
300 3502 435 3588 Epirum
461 3503 581 3580 missis,
609 3500 649 3567 ab
672 3500 850 3584 quindecim
872 3499 913 3564 ad
935 3496 1099 3583 sexaginta

85 3622 168 3664 nuos
188 3599 350 3663 coniurant
367 3598 429 3662 nisi
445 3598 579 3662 victores
599 3617 632 3660 se
650 3618 714 3660 non
730 3595 899 3659 redituros:
925 3592 979 3676 qui
996 3591 1098 3654 victus
1118 3607 1149 3654 12

85 3695 135 3759 oie
158 3693 364 3771 excessisset,
393 3714 465 3757 eum
486 3691 619 3776 nequis
642 3689 734 3766 urbe,
762 3698 857 3766 tecto,
885 3707 1007 3762 mensa,
1033 3682 1098 3748 lare

85 3789 236 3875 eeiperet,
255 3787 355 3851 diram
373 3787 602 3852 execrationem
620 3785 654 3849 in
667 3782 840 3869 popularis,
859 3779 1098 3846 obtestationem

85 3905 163 3967 uam
192 3880 422 3946 sanctissimam
444 3888 612 3966 potuerunt
633 3878 784 3942 adversus
806 3876 945 3962 hospites
972 3894 1100 3958 compo-

85 3984 200 4041 uerunt
216 3975 397 4060 precatique
416 3973 509 4039 simul
521 3972 671 4058 Epirotas
690 3979 776 4050 sunt,
795 3969 902 4054 utqui
921 3989 1048 4034 suorum
1064 3967 1098 4030 in
1117 3986 1149 4033 13
