2528 4514
139 211 205 277 454
316 217 435 275 LIBER
453 214 610 285 XXVIIII,
629 212 725 267 1213.
745 214 820 281 [au.
831 212 929 269 2549.
940 211 1003 282 550]

142 384 170 449 si
196 381 300 445 minus
326 376 464 442 indutias
491 373 611 450 facere,
637 370 716 435 nihil
736 369 819 435 ultra
845 370 983 437 inritatis
1004 392 1079 438 novo
1099 393 1143 439 oer-

143 477 259 544 tamine
277 474 358 541 odiis
376 472 409 536 in
425 492 560 558 regnum
578 489 613 534 se
628 466 757 553 recepit.

107 593 125 641 8
207 570 271 635 Per
288 569 372 632 idem
390 575 515 650 tempus
533 563 636 629 taedio
651 561 762 627 diutini
774 559 851 627 belli
860 560 1017 649 Epirotae
1029 573 1147 650 temptata

143 667 231 753 prius
248 664 466 729 Romanorum
486 658 647 724 voluntate
663 656 787 743 legatos
805 657 847 721 de
863 678 946 742 pace
964 658 1148 725 communiri

110 781 124 829 a
143 759 327 844 Philippum
349 755 478 832 misere,
505 752 581 819 satis
604 749 761 816 confidere
783 760 1015 818 conventuram
1035 776 1099 821 eam
1112 752 1148 819 al·

144 853 320 927 firmantes,
348 849 376 915 si
397 849 438 914 ad
460 846 661 932 conloquium
683 867 756 911 cum
773 843 814 911 P.
833 842 1029 935 Sempronio
1048 848 1146 935 impos·

94 970 127 1017 ro
146 958 212 1013 tore
234 944 380 1011 Romano
402 942 550 1008 venisset.
594 940 687 1007 facile
707 940 913 1027 impetratum
928 978 958 991 ·-
974 965 1076 1028 neque
1093 942 1148 1029 min

144 1064 184 1107 ne
202 1040 302 1127 ipsius
321 1038 448 1123 quidem
463 1036 546 1123 regis
561 1033 749 1101 abhorrebat
762 1035 887 1101 animus
895 1074 939 1115 -,
959 1047 995 1103 ut
1008 1039 1041 1103 in
1048 1038 1147 1125 Epiron

95 1159 126 1206 11
146 1134 300 1201 transiret.
345 1132 506 1198 Phoenice
527 1130 603 1196 urbs
622 1140 671 1196 est
687 1129 792 1216 Epiri:
818 1130 864 1196 ibi
884 1132 976 1217 prius
999 1133 1148 1199 conlocutus

146 1252 203 1295 rex
225 1250 298 1294 cum
315 1224 445 1311 Aeropo
468 1235 499 1291 et
515 1225 627 1292 Darda
649 1234 681 1289 et
697 1223 846 1311 Philippo
863 1224 1070 1312 Epirotarum
1087 1248 1149 1313 prro

95 1322 281 1400 latoribus,
309 1330 420 1408 postea
446 1342 520 1385 cum
545 1318 584 1384 P.
609 1317 796 1406 Sempronio
823 1322 1037 1408 congreditur.
1078 1320 1149 1389 adluit

146 1418 313 1503 conloquio
326 1415 534 1503 Amynander
547 1414 764 1482 Athamanum
781 1438 838 1480 rex
856 1426 888 1480 et
906 1418 1101 1504 magistratu
1113 1414 1148 1481 rli

145 1512 349 1599 Epirotarum
380 1520 412 1575 et
437 1508 653 1576 Acarnanum.
704 1510 824 1596 primus
855 1510 1027 1600 Philippus
1055 1522 1148 1600 praetor

146 1607 244 1672 verba
266 1606 343 1671 fecit
364 1614 397 1671 et
416 1606 495 1692 petit
518 1604 612 1671 simul
633 1603 673 1670 ab
695 1625 770 1692 rege
792 1614 824 1671 et
846 1605 892 1687 ab
910 1608 1091 1695 imperatore
1103 1606 1147 1673 Ro

147 1723 254 1780 mano,
289 1711 326 1765 ut
355 1700 450 1766 finem
477 1698 553 1766 belli
578 1699 718 1765 facerent
743 1699 917 1786 darentque
944 1724 1017 1769 cam
1039 1699 1144 1790 Epirob't
1171 1696 1175 1703 ¹

96 1818 128 1867 13
147 1796 282 1861 veniam.
326 1793 364 1860 P.
386 1792 592 1881 Sempronius
611 1793 809 1861 condiciones
827 1797 917 1881 pacis
936 1798 1029 1876 dixit,
1049 1808 1080 1863 ut
1092 1795 1144 1861 Par·

147 1890 227 1955 thini
245 1900 276 1955 et
288 1889 465 1955 Dimallum
483 1900 515 1955 et
526 1889 714 1976 Bargullum
727 1900 758 1956 et
770 1890 955 1977 Eugenium
966 1893 1141 1960 Romanornn

148 1993 268 2061 essent,
286 1981 465 2063 Atintania,
485 1984 513 2049 si
530 1984 636 2051 missis
650 1984 786 2051 Romam
802 1985 917 2072 legatis
935 1987 977 2054 ab
996 1996 1091 2055 senatu
1102 1985 1139 2049 in·

98 2101 130 2148 14
147 2086 316 2164 petrasset,
335 2087 371 2143 ut
383 2077 555 2144 Macedoni
568 2079 739 2145 accederet
766 2080 800 2145 in
817 2103 871 2147 eas
889 2083 1078 2149 condiciones
1089 2100 1136 2144 cm
1185 2168 1188 2173 .

146 2196 210 2259 pax
227 2173 420 2252 conveniret,
440 2173 480 2239 ab
498 2197 573 2261 rege
590 2174 709 2241 foederi
722 2176 870 2263 adscripti
884 2176 1000 2244 Prusia
1011 2173 1129 2262 Bithynis
1180 2252 1188 2265 ..

146 2289 217 2346 rex,
236 2266 373 2346 Achaei,
392 2267 530 2346 Boeotii,
551 2268 710 2347 Thessali,
729 2270 928 2349 Acamanes‚
951 2266 1125 2358 Epirotac,tl

147 2363 299 2428 Romanis
322 2362 470 2441 Ilienses,
497 2362 626 2429 Attalus
649 2386 719 2443 rex,
746 2364 930 2445 Pleuratus,
956 2366 1046 2433 Nabis
1061 2365 1121 2429 hrot
1166 2362 1175 2439 f

97 2480 128 2527 15
147 2457 383 2523 daemoniorum
398 2468 559 2543 tyrannus,
573 2458 655 2537 Elei,
669 2458 832 2539 Messenii,
847 2459 1054 2528 Athenienses.
1074 2456 1117 2521 lm

147 2550 324 2638 conscripta
338 2553 584 2639 consignataque
598 2564 685 2632 sunt,
705 2564 736 2620 et
748 2555 781 2619 in
799 2555 879 2622 duos
897 2579 1018 2623 menses
1032 2548 1114 2620 nauh
1151 2571 1159 2625 .’

146 2644 265 2723 factae,
292 2646 392 2711 donec
413 2646 550 2712 Romam
576 2649 772 2715 mitterentur
792 2649 904 2738 legati,
931 2663 966 2718 ut
986 2640 1113 2746 populus?

96 2754 127 2801 16
146 2737 204 2803 has
223 2738 423 2806 condiciones
441 2763 552 2827 pacem
573 2741 703 2809 iuberet.
748 2745 969 2832 iusseruntque
991 2744 1111 2811 omneslr
1141 2738 1188 2850 {³1

145 2830 221 2907 bus,
249 2832 324 2914 quia
345 2856 438 2899 verso
459 2836 492 2899 in
509 2834 654 2903 Africam
671 2838 759 2918 ,bello
781 2841 929 2908 omnibus
952 2842 1014 2908 aliis
1026 2839 1110 2919 inp*
1137 2830 1178 2936 s'p,

147 2923 248 2987 sentia
269 2924 367 2990 levari
389 2928 538 2995 volebant
560 2931 660 2997 bellis.
704 2933 743 2999 P.
764 2932 970 3022 Sempronius
990 2953 1049 3023 paee
1062 2924 1108 2989 Ml
1147 2914 1188 3025 ,⁰-

146 3016 187 3080 ad
205 3019 404 3086 consulatum
421 3022 557 3090 Romam
575 3026 720 3094 decessit.
821 3101 824 3107 ¹
1082 3106 1087 3122 ‚

67 3128 70 3132 ·
113 3130 125 3175 1
209 3112 310 3178 XIII.
346 3115 384 3181 P.
400 3114 603 3204 Sempronio,
621 3120 668 3187 M.
685 3120 834 3190 Cornelio
852 3125 1069 3196 consulibus-l

144 3218 194 3271 tus
215 3208 356 3275 decimus
373 3212 401 3278 is
420 3236 520 3280 annus
539 3215 614 3280 belli
627 3216 741 3283 Punici
759 3230 826 3285 erat
842 3258 869 3268 —
886 3200 1105 3308 provincialt
1181 3272 1188 3297 ,

142 3300 226 3366 nelio
243 3301 373 3370 Etruria
395 3329 467 3371 cum
490 3319 594 3376 vetere
617 3313 770 3391 exercitu,
795 3311 980 3402 Ssmpmnio
994 3296 1105 3397 aaut
1149 3358 1164 3405 t
1185 3300 1188 3309 ¹

108 3412 123 3456 2
142 3416 241 3460 novas
261 3397 411 3465 scriberet
423 3401 579 3489 legiones,
599 3406 752 3473 decretae.
780 3410 974 3495 praetoribus
985 3394 1104 3473 Mllffl
1145 3408 1162 3492 ξ

17 3493 21 3498 “
142 3487 275 3567 urbana,
299 3493 341 3557 L.
362 3491 528 3564 Scribonio
550 3500 669 3566 Liboni
690 3504 857 3590 peregrina
878 3516 910 3571 et
936 3505 1022 3571 eidem
1038 3476 1105 3555 Μ*
1146 3542 1152 3549 -
1185 3556 1188 3591 ,

139 3580 188 3648 M.
208 3583 385 3673 Pomponio
403 3589 549 3658 Mathoni
569 3593 692 3674 Sicilia,
712 3597 761 3663 Ti.
779 3597 915 3666 Claudio
931 3590 1029 3667 Neroni
1041 3566 1105 3647 Μ’
1142 3648 1188 3681 ,ψ

105 3676 192 3741 ania
215 3682 328 3746 evenit.
373 3683 411 3750 P.
432 3684 573 3774 Scipioni
591 3712 664 3756 cum
683 3714 720 3757 eo
739 3694 894 3774 exercitu,
917 3718 983 3761 cum
998 3674 1102 3779 eall*
1143 3715 1188 3779 ·r1.;.3

139 3792 234 3852 quam
252 3774 403 3857 habebat,
421 3795 625 3872 prorogatum
643 3786 677 3851 in
694 3810 813 3853 annum
830 3790 988 3877 imperium
1002 3784 1046 3850 etl?
1060 3770 1102 3829 ΙΨ
1142 3801 1188 3874 ,¹55

137 3862 176 3926 P.
191 3865 330 3948 Licinio,
351 3884 385 3937 ut
393 3874 536 3943 Bruttios
550 3880 674 3946 duabus
687 3881 868 3968 legionibus
883 3883 1027 3950 obtinerth
1039 3842 1100 3946 lml
1149 3908 1176 3967 1·.··i

138 3975 210 4020 eum
224 3960 256 4024 in
269 3968 431 4047 provincia
445 3995 516 4038 cum
534 3975 666 4062 imperio
684 3980 801 4045 morari
819 3980 940 4047 consuli
955 4000 971 4044 e
984 3992 1011 4040 re
1022 3980 1051 4050 pu
1146 3976 1170 4060 rs:
1186 4026 1188 4037 =
