2528 4514
144 210 186 277 82
367 242 372 257 ⁷
405 219 525 275 LIBER
541 219 644 292 XXII,
661 218 705 275 28.
723 217 912 291 [euecti]

90 426 93 431 -
144 380 274 455 fallebat
295 388 328 444 et
348 376 490 465 perfugis
515 377 615 443 multa
639 373 851 444 indicantibus
879 383 911 441 et
935 396 994 462 per

110 498 125 544 a
143 476 318 562 plorantem
334 495 375 536 -r
397 495 471 537 nam
493 482 525 539 et
545 471 677 546 liberam
693 469 818 537 Minuci
839 469 1016 535 temeritate:

97 640 101 650 ,
144 569 239 639 modo
261 574 457 654 captaturum
475 574 507 630 et
525 565 680 630 sollertiae
696 563 790 635 Fabii
807 562 973 629 dimidium
990 563 1016 628 vi

111 685 126 733 3
144 663 288 731 cessisse.
333 658 472 725 tumulus
495 669 561 724 erat
576 658 658 724 inter
676 669 779 725 castra
794 656 919 723 Minuci
936 667 969 723 et
984 656 1016 722 P<

144 779 218 823 eum
243 754 299 841 qui
324 762 523 840 occupasset,
554 752 641 817 haud
667 750 762 818 dubie
787 750 975 837 iniquiorem
1002 773 1016 816 e

109 851 248 919 ciocum
277 847 427 914 facturus.
472 868 546 912 eum
575 869 640 911 non
669 855 734 910 tam
765 867 877 932 capere
908 845 976 910 sine
1008 867 1016 908 r

144 942 271 1008 volebat
295 938 471 1018 Hannibal,
507 960 698 1024 quamquam
728 939 763 1003 id
793 960 906 1025 operae
936 939 1016 1025 preti

145 1059 240 1123 qnam
258 1058 388 1102 causam
405 1034 583 1101 certaminis
602 1055 675 1099 cum
691 1032 850 1112 Minucio,
868 1056 964 1120 quem
984 1055 1016 1100 se

111 1151 127 1200 5
144 1152 309 1196 cursurum
327 1129 369 1194 ad
385 1127 603 1195 obsistendum
620 1128 697 1194 satis
716 1126 848 1206 sciebat,
868 1127 1016 1194 contrahe

141 1224 246 1290 omnis
267 1223 392 1289 medius
415 1230 482 1288 erat
501 1222 604 1308 prima
627 1222 732 1309 specie
750 1221 869 1287 inutilis
886 1222 1016 1287 insidiat

143 1340 208 1384 non
232 1318 328 1385 modo
354 1317 496 1383 silvestre
522 1315 704 1400 quicquam,
733 1316 792 1383 sed
812 1338 853 1381 ne
872 1317 1016 1403 vepribus

111 1433 125 1481 c
143 1411 293 1479 vestitum
304 1409 455 1487 habebat,
473 1409 591 1496 reipsa
603 1419 696 1474 natus
710 1409 853 1496 tegendis
865 1409 990 1475 insidiis
1009 1433 1016 1472 r

144 1505 230 1590 quod
250 1504 286 1570 in
306 1505 393 1569 nuda
413 1503 495 1568 valle
517 1504 603 1569 nulla
629 1504 700 1570 talis
726 1503 814 1570 fraus
841 1503 944 1569 timeri
970 1526 1016 1591 po

129 1609 232 1675 ¹eraut
252 1599 287 1664 in
308 1596 502 1664 anfractibus
520 1620 617 1664 cavae
634 1620 743 1684 rupes,
766 1608 802 1664 ut
819 1600 976 1684 quaedam
993 1621 1016 1664 e:

111 1714 125 1759 t
143 1715 239 1762 cenos
253 1702 391 1759 armatos
403 1701 536 1779 possent
548 1714 669 1780 capere,
695 1692 730 1760 in
740 1691 800 1759 has
812 1691 959 1771 latebras,
977 1715 1016 1778 qu

143 1809 206 1872 quc
223 1786 329 1853 locum
342 1795 415 1872 apte
428 1785 563 1853 insidere
576 1796 730 1874 poterant,
748 1786 888 1873 quinque
901 1787 989 1852 milia
1002 1810 1016 1852 c

109 1879 285 1968 speditnm
302 1878 523 1966 equitumque.
562 1880 677 1947 necubi
702 1890 808 1949 tamen
833 1889 887 1947 aut
913 1891 1016 1948 motus

126 1984 261 2041 temere
282 1973 403 2062 egressi
426 1983 482 2041 aut
501 1973 608 2062 fulgor
624 1995 782 2041 armorum
799 1974 945 2042 haudem
961 1976 1016 2041 in¹

101 2141 104 2149 ,
142 2078 252 2156 aperta
273 2068 446 2156 detegeret,
468 2069 575 2136 missis
592 2070 702 2157 paucis
720 2070 821 2158 prima
837 2069 908 2136 luce
926 2071 969 2136 ad
991 2093 1016 2136 cr

110 2178 125 2226 a
144 2183 238 2246 quem
250 2171 323 2228 ante
336 2163 473 2228 diximus
488 2162 643 2229 tumulum
657 2165 769 2229 avertit
782 2163 890 2230 oculos
904 2163 1016 2230 hostiur

145 2255 250 2321 statim
272 2267 444 2344 conspectu
462 2266 641 2343 contempta
656 2258 814 2343 paucitas,
837 2279 875 2324 ac
893 2258 954 2324 sibi
973 2281 1016 2344 qu

142 2371 273 2437 poscere
294 2351 458 2437 pellendos
480 2352 554 2418 inde
576 2352 686 2425 hostis.
722 2353 764 2420 ad
784 2352 889 2418 locum
907 2354 1016 2439 capien

142 2446 212 2533 ipse
233 2445 315 2512 inter
336 2447 556 2514 stolidissimos
579 2447 855 2533 ferocissimosque
873 2447 914 2512 ad
932 2471 1016 2512 arma

92 2539 233 2607 lovanie
255 2539 369 2605 animis
392 2550 424 2605 et
445 2540 538 2606 minis
560 2540 701 2626 increpat
725 2540 859 2615 hostem.
894 2541 1016 2627 princip

143 2641 334 2698 armatruam
347 2633 487 2713 dimittit,
506 2634 620 2700 deinde
633 2634 773 2701 conferto
789 2634 915 2722 agmine
933 2634 1016 2699 mitti

142 2735 317 2811 postremo,
348 2747 422 2791 cum
447 2727 592 2794 hostibus
619 2750 745 2814 quoquc
771 2728 913 2794 subsidia
939 2728 1016 2792 mitti

94 2817 303 2884 ninstruotis
328 2817 506 2907 legionibus
531 2822 682 2908 procedit.
718 2831 750 2889 et
771 2821 935 2888 Hannibal
961 2821 1016 2888 lab

143 2911 210 2981 suis
228 2910 290 2978 alia
306 2921 400 2997 atque
418 2913 479 2980 alia
495 2926 530 2980 ut
548 2925 707 2982 crescente
726 2917 895 2982 certamine
912 2916 1016 2980 mittet

142 3003 284 3091 peditum
302 3006 504 3092 equitumque
516 3010 581 3074 iam
593 3009 710 3075 iustam
723 3010 903 3096 expleverat
916 3009 1016 3075 aciem

93 3117 125 3165 12
144 3098 299 3184 utrimque
316 3100 436 3168 viribus
455 3112 598 3169 certatur.
633 3104 736 3191 prima
751 3103 831 3169 levis
845 3113 1004 3168 armatura

127 3215 227 3275 rum,
253 3206 517 3282 praeoccupatum
543 3196 690 3263 inferiore
715 3197 786 3263 loco
813 3197 986 3262 succedens
1010 3204 1016 3260 t

142 3285 235 3372 pulsa
257 3287 446 3373 deuusaqnc
464 3298 611 3356 terrorem
628 3291 662 3355 in
680 3291 899 3357 succedentem
916 3289 1016 3355 intulit

94 3397 127 3445 13
144 3389 176 3442 et
192 3379 234 3443 ad
251 3380 343 3468 signa
358 3381 519 3470 legionum
535 3383 662 3470 refugit.
693 3383 835 3471 peditum
852 3385 937 3451 acies
955 3384 1016 3455 inte

145 3493 198 3538 tos
219 3473 368 3560 inpavida
390 3477 458 3542 sola
474 3486 555 3556 erat,
577 3477 819 3563 videbaturque,
843 3479 871 3544 ai
887 3477 972 3544 insta
989 3501 1016 3544 ar

142 3588 251 3654 pugna
264 3578 357 3648 esset,
376 3569 611 3656 hautquaquam
622 3571 714 3658 inpar
726 3571 846 3638 futura:
864 3580 1016 3638 tantuma

94 3679 127 3725 14
142 3660 261 3727 fecerat
281 3685 431 3750 prospere
453 3674 526 3731 ante
546 3687 666 3754 paucos
689 3666 757 3732 dies
778 3687 829 3732 res
856 3675 958 3754 gesta.
1000 3689 1015 3732 s

142 3764 271 3840 repente
290 3756 489 3825 insidiatores
512 3780 585 3825 eum
607 3759 774 3826 tumultum
796 3769 1009 3846 terroremque

144 3847 301 3933 utrimque
317 3849 358 3917 ab
376 3860 527 3940 tergoque
544 3851 739 3921 incursantes
753 3854 909 3934 fecerunt,
927 3864 1016 3920 utne

144 3940 184 4004 ad
201 3962 342 4029 pugnarn
358 3947 520 4031 nequead
536 3944 647 4035 fugam
665 3969 738 4036 spes
757 3948 903 4036 cuiquam
921 3971 1016 4035 super
