2528 4514
330 291 450 347 mnan
464 292 563 364 xxx,
581 293 700 349 eo-aa
719 295 872 364 [acuon]
1049 285 1113 350 515

95 470 177 533 {nem
200 448 270 514 eius
291 449 479 535 paeniteret,
508 450 612 534 quoad
633 449 667 514 id
687 449 749 538 ipsi
766 451 908 517 invidere
930 453 994 530 dei,
1021 476 1113 539 prae-

95 543 162 622 riti,
180 542 227 608 ita
244 543 382 622 adnitar,
400 566 441 609 ne
458 566 553 628 quem
569 544 657 631 pacis
675 566 733 631 per
745 568 796 612 me
810 556 920 633 partae
932 547 1111 633 paeniteat'

146 637 289 703 XXXI.
332 638 499 704 Adversus
518 638 597 704 haec
613 639 782 726 imperator
798 641 963 707 Romanus
980 641 1013 705 in
1030 642 1113 706 hanc
1132 662 1145 710 1

95 731 151 798 lere
173 733 364 798 sententiam
385 733 563 819 respondit:
594 739 673 798 ‘non
693 755 745 798 me
766 734 911 814 fallebat,
939 736 1112 814 Hannibal,

95 848 141 913 per
156 829 314 893 adventus
333 828 379 893 tui
397 851 487 916 spem
501 826 781 915 Carthaginienses
800 840 832 894 et
848 842 1049 917 praesentem
1065 832 1113 897 in·

95 920 243 988 datiarum
260 921 356 986 fidem
374 932 406 986 et
423 944 514 1009 spem
530 921 618 1009 pacis
637 924 796 1001 turbasse,
815 945 919 1007 neque
937 935 971 989 tu
989 926 1022 989 id
1036 949 1112 992 sane
1130 943 1146 990 2

97 1012 281 1093 dissimulas,
300 1016 354 1099 qui
372 1016 412 1081 de
426 1015 662 1082 condicionibus
678 1017 891 1103 superioribus
904 1019 992 1104 pacis
1007 1021 1113 1085 omnia

98 1109 254 1174 subtrahas
280 1120 406 1197 praeter
431 1132 481 1187 ea,
517 1132 598 1194 quae
623 1110 688 1174 iam
713 1111 836 1198 pridem
861 1113 895 1176 in
921 1123 1030 1178 nostra
1054 1136 1112 1199 po-

97 1209 197 1269 testate
215 1213 300 1268 sunt
336 1213 474 1268 ceterum
491 1214 527 1268 ut
544 1203 600 1268 tibi
618 1226 710 1270 curae
729 1215 778 1270 est
796 1205 911 1271 sentire
925 1206 1011 1271 cives
1029 1217 1111 1284 tuos,
1131 1226 1146 1274 a

98 1307 200 1378 nanto
221 1319 281 1384 per
302 1307 335 1362 te
357 1319 451 1362 onero
473 1297 630 1376 leventur,
657 1298 703 1363 sic
723 1299 802 1363 mihi
822 1300 1029 1366 laborandum
1052 1313 1111 1378 est,

96 1406 126 1455 ue
145 1390 200 1476 (si)
224 1411 306 1474 quae
333 1401 400 1455 tum
425 1391 614 1478 pepigerunt
639 1391 733 1457 hodie
760 1394 921 1459 subtracta
943 1417 983 1461 ex
1005 1394 1113 1460 condi-

96 1481 226 1550 donibus
248 1483 337 1571 pacis
359 1485 500 1572 praemia
520 1486 671 1573 perfidiae
689 1486 835 1553 habeant.
880 1488 1015 1574 indigni,
1043 1489 1112 1573 qui-

95 1572 141 1646 lns
163 1579 279 1644 eadem
299 1588 407 1664 pateat
429 1579 584 1657 condicio,
612 1580 707 1644 etiam
728 1591 765 1644 ut
784 1581 886 1666 prosit
908 1581 998 1646 vobis
1024 1582 1111 1647 fraus

95 1673 198 1756 letitie.
243 1695 347 1758 neque
364 1683 470 1759 patres
488 1673 587 1739 nostri
604 1673 724 1759 priores
744 1673 783 1737 de
802 1671 912 1738 Sicilia
931 1696 1034 1756 nequo
1051 1697 1110 1740 nos
1130 1694 1146 1740 4

95 1765 121 1834 le
137 1767 302 1854 Hispania
319 1767 451 1834 fecimus
468 1768 601 1845 bellum;
628 1777 660 1831 et
682 1777 757 1832 tunc
774 1767 1038 1832 Mamertinorum
1061 1792 1112 1834 so·

95 1862 203 1928 dorum
220 1861 396 1948 periculum
414 1873 446 1928 et
462 1883 547 1926 nuno
565 1859 701 1949 Sagunti
719 1862 877 1927 excidium
894 1862 986 1928 nobis
1003 1862 1057 1948 pia
1074 1885 1112 1928 ao

95 1966 172 2020 usta
183 1955 353 2020 induerunt
370 1978 470 2020 arma:
497 1979 555 2022 vos
577 1956 734 2023 lacessere
757 1968 789 2023 et
810 1968 844 2022 tu
865 1957 935 2045 ipse
953 1957 1061 2023 fateris
1080 1967 1112 2022 et
1131 1977 1146 2025 5

95 2049 137 2114 lei
160 2058 255 2116 testes
279 2059 366 2126 sunt,
394 2050 447 2134 qui
469 2060 501 2114 et
521 2050 605 2116 illius
628 2052 703 2116 belli
725 2052 845 2117 exitum
868 2053 1041 2118 secundum
1062 2051 1112 2116 ius

95 2144 196 2228 'nsque
219 2143 374 2209 dedenmt
395 2154 428 2209 et
449 2144 542 2210 huius
565 2145 642 2208 dant
663 2156 696 2208 et
717 2144 846 2209 dabunt.
890 2146 976 2228 quod
999 2146 1039 2209 ad
1061 2168 1112 2210 me
1131 2165 1145 2212 6

95 2239 209 2316 ¹ttinet,
236 2249 269 2304 et
290 2237 446 2304 humanae
468 2238 657 2303 infirmitatIs
680 2238 808 2302 memini
830 2247 862 2302 et
883 2239 948 2301 vim
965 2238 1111 2302 fortunae

95 2342 195 2420 epulo
214 2342 246 2398 et
263 2332 369 2398 omnia
387 2355 603 2417 quaecumque
627 2332 749 2419 agimus
773 2331 915 2396 subiecta
932 2351 1003 2394 esse
1025 2330 1111 2394 mille

95 2427 211 2492 usibus
229 2426 309 2503 scio;
338 2439 491 2506 ceterum,
517 2449 612 2511 quem
630 2427 817 2492 admodum
836 2424 971 2510 superbe
994 2434 1027 2488 et
1042 2425 1111 2489 vio-
1131 2447 1144 2492 t

95 2530 184 2586 enter
201 2543 252 2585 me
270 2520 386 2585 faterer
403 2522 522 2598 facere,
545 2521 586 2598 si,
604 2521 788 2607 priusquam
805 2519 838 2583 in
855 2518 1001 2583 Africam
1019 2518 1112 2583 traie-

95 2614 213 2692 issem,
241 2624 272 2679 te
299 2625 354 2680 tua
379 2615 540 2680 voluntate
567 2616 731 2680 cedentem
752 2613 846 2679 Italia
867 2623 900 2678 et
919 2612 1056 2700 inposito
1078 2614 1112 2678 in

95 2730 180 2773 laves
213 2708 353 2773 exercitu
382 2707 488 2795 ipsum
518 2708 697 2774 venientem
728 2708 769 2772 ad
798 2729 911 2794 pacem
942 2707 1112 2794 petendam

95 2822 283 2889 spemarer,
311 2802 357 2867 sio
373 2824 470 2880 nuno,
498 2824 570 2867 cum
587 2825 686 2889 prope
709 2824 805 2866 manu
824 2811 1003 2868 consertum
1019 2801 1111 2867 resti·
1129 2822 1145 2871 8

95 2905 203 2960 antem
229 2917 266 2960 ac
292 2896 554 2982 tergiversantem
575 2897 608 2960 in
628 2896 775 2962 Africam
802 2897 997 2976 attraxerim,
1026 2898 1114 2963 nulla

95 3011 154 3055 um
181 2989 239 3053 tibi
261 2991 450 3056 verecundia
472 2991 653 3058 obstrictus.
697 2993 830 3079 proinde
853 2994 880 3059 si
903 2994 978 3077 quid
1001 2994 1042 3057 ad
1064 3016 1110 3070 aa,
1131 3014 1145 3060 9

95 3103 164 3167 [uae
182 3093 250 3147 tum
266 3106 331 3170 pax
348 3096 542 3151 conventura
558 3087 738 3164 videbatur,
759 3087 849 3168 quasi
866 3087 966 3150 multa
982 3086 1112 3149 navium

95 3190 349 3243 nmoommeatu
367 3202 425 3265 per
444 3179 582 3245 indutias
606 3188 857 3265 expugnatarum
873 3179 1111 3264 legatorumque

95 3272 285 3351 dolatorum,
304 3273 452 3351 adicitur,
470 3286 520 3340 est
536 3275 622 3358 quod
638 3273 775 3337 referam
792 3272 833 3336 ad
851 3271 1030 3349 consilium3
1063 3273 1111 3335 sin

95 3367 135 3433 lla
152 3389 279 3452 quoque
297 3368 408 3455 gravia
424 3369 585 3446 videntur,
606 3367 725 3433 bellum
742 3376 865 3452 parate,
888 3364 1036 3449 quoniam
1054 3388 1110 3450 pa·

95 3483 151 3528 em
170 3462 237 3547 pati
253 3485 318 3528 non
335 3462 502 3549 potuistis!

144 3556 199 3638 Ita
219 3556 337 3622 infecta
358 3579 436 3644 pace
460 3581 500 3622 cx
522 3556 688 3641 conloquio
711 3556 753 3621 ad
776 3577 850 3621 suos
873 3576 944 3619 cum
967 3576 1001 3618 se
1024 3575 1110 3618 rece·
1130 3573 1163 3621 10

95 3651 218 3729 issent,
247 3651 366 3718 frustra
387 3653 485 3717 verba
505 3662 634 3739 peracta
659 3650 854 3717 renuntiant:
884 3648 979 3714 armis
1002 3648 1109 3714 decer-

95 3746 222 3812 tendum
249 3768 320 3812 esse
352 3747 593 3831 habendamque
624 3769 695 3811 eam
725 3745 901 3821 fortunam,
939 3765 1033 3826 quam
1060 3742 1111 3806 dei

95 3841 255 3907 ledissent.

143 3935 303 4002 XXXII.
330 3937 370 4002 In
389 3947 544 4001 castrant
562 3945 611 4001 est
628 3946 767 4012 ventum,
785 3930 989 4020 pronuntiant
1006 3932 1109 4010 ambo,
1130 3953 1142 3999 1

95 4055 169 4099 rma
196 4032 381 4117 expedirent
406 4030 521 4096 milites
552 4029 737 4114 animosque
763 4029 805 4092 ad
836 4047 1017 4113 supremum
1045 4047 1111 4091 oer-

881 4126 933 4180 33·
