2528 4530
175 248 242 315 514
434 254 554 311 nasus
571 254 672 323 xxx,
690 252 734 307 ao.
752 250 938 321 [asama]

176 417 344 492 fratribus,
372 410 552 479 fortissimis
575 409 666 488 viris,
693 408 876 474 clarissimis
898 409 1142 496 imperatoribus
1158 434 1205 485 or.
1257 426 1262 433 ·

178 512 304 588 batum,
322 520 395 575 ante
412 505 538 572 moenia
549 526 650 591 prope
664 503 816 569 obsessae
832 502 970 590 patriae,
988 505 1105 588 quibus
1115 515 1197 575 terrui
1247 532 1261 585 j,

179 618 318 671 vestram
336 603 461 677 urbem,
481 622 519 664 ea
535 620 594 685 pro
610 620 684 662 mea
700 597 933 683 deprecantem.
969 599 1128 665 maximae
1143 603 1189 666 cui-

130 722 162 771 18
179 718 241 785 que
258 698 404 762 fortunae
421 693 550 757 minime
568 691 760 756 credendum
777 702 836 756 est.
862 690 896 755 in
913 693 1008 757 bonis
1026 694 1089 759 tuis
1105 694 1185 771 rebus,
1236 754 1253 769 ,„

179 791 297 857 nostris
324 788 442 866 dubiis,
477 787 542 851 iam
568 785 675 873 ampla
700 806 738 850 ac
764 785 910 873 speciosa
936 786 1028 851 danti
1055 785 1184 876 [tib1]cst
1221 824 1263 862 ..3

179 909 258 973 pax,
285 884 378 950 nobis
404 882 585 969 petentibus
611 881 714 967 magis
741 881 922 946 necessaria
948 904 1047 966 quam
1069 882 1181 950 honae
1234 896 1258 945 ·-:

131 1002 162 1051 19
180 978 292 1044 melior
316 977 475 1061 tutiorque
502 986 552 1040 est
578 986 665 1040 certa
688 998 753 1061 pax
784 996 881 1059 quam
911 988 1043 1063 sperata
1066 976 1182 1054 victoria

180 1074 259 1137 haec
276 1072 310 1136 in
327 1084 397 1148 tua,
423 1070 478 1135 illa
498 1069 533 1134 in
554 1069 685 1133 deorum
707 1091 803 1133 manu
826 1080 885 1134 est
929 1094 971 1137 ne
994 1082 1043 1138 tot
1060 1092 1184 1139 annom

130 1191 163 1239 to
181 1167 364 1232 felicitatem
386 1165 420 1229 iu
441 1165 535 1229 unius
558 1163 655 1229 horae
682 1163 809 1228 dederis
835 1163 1022 1245 discrimem
1048 1188 1118 1231 eum
1133 1178 1184 1231 uu
1257 1218 1259 1227 ,

181 1261 280 1339 vires,
315 1271 384 1325 tum
409 1258 474 1323 vim
503 1259 649 1323 fortunae
678 1258 881 1343 Martemque
911 1260 988 1325 belli
1014 1281 1186 1327 communen
1232 1290 1251 1311 τ

180 1376 322 1443 propone
340 1354 456 1418 animo.
499 1352 657 1436 utrimque
673 1351 807 1430 ferrum,
828 1351 988 1437 utrimque
1006 1375 1133 1442 corpora
1144 1353 1186 1417 bu·
1234 1384 1263 1421 =-.

181 1472 276 1513 mana
298 1460 403 1527 eruut3
430 1468 587 1531 nusquam
608 1447 712 1511 minus
734 1468 830 1530 quam
850 1445 884 1511 in
905 1448 992 1514 bello
1014 1460 1186 1515 eventusrc·

131 1562 161 1609 21
183 1543 350 1629 spondent.
376 1565 441 1607 non
459 1551 582 1606 tantum
599 1541 640 1605 ad
657 1540 705 1619 id,
723 1541 809 1625 quod
826 1541 901 1607 data
916 1564 998 1628 pace
1014 1542 1081 1608 iam
1095 1542 1186 1607 habeo
1229 1570 1261 1611 a:

181 1648 288 1722 potes,
316 1636 344 1701 si
360 1635 481 1722 proelio
499 1635 624 1712 vincas,
650 1633 770 1722 gloriae
793 1634 960 1714 adieceris,
988 1647 1135 1721 quantum
1148 1635 1186 1699 ad
1230 1668 1246 1707 r,

183 1731 311 1807 emeris,
337 1730 365 1795 si
385 1730 462 1814 quid
483 1728 609 1793 adversi
632 1728 766 1793 eveniat.
811 1727 904 1794 simul
921 1741 1017 1817 parta
1034 1753 1073 1797 ac
1088 1740 1187 1818 sperata
1228 1742 1251 1801 ξε

132 1842 164 1891 22
184 1824 298 1889 decora
326 1822 418 1887 unius
444 1822 541 1887 horae
567 1823 695 1887 fortuna
721 1833 861 1888 evertere
887 1835 1005 1909 potest.
1051 1823 1188 1892 omuiain
1229 1834 1261 1897 ς

181 1938 261 2005 pace
277 1916 438 2003 iungenda
456 1928 528 1981 tuae
549 1916 717 2003 potestatis
736 1927 824 1994 sunt,
849 1917 890 1983 P.
909 1914 1058 1985 Cornelir
1083 1930 1151 1984 banc
1163 1938 1188 1981 a
1226 1930 1244 1989 ¹,

131 2030 163 2079 23
182 2010 330 2075 habenda
346 2010 473 2075 fortuna
491 2010 563 2087 erit,
586 2031 682 2093 quam
699 2010 732 2074 di
750 2010 903 2075 dederint.
947 2011 1032 2077 inter
1048 2010 1189 2100 paucafe
1228 2047 1264 2075 ,;

182 2102 308 2169 licitatio
330 2101 518 2187 virtutisque
541 2103 687 2190 exempla
708 2103 758 2168 M.
776 2103 896 2169 Atilius
918 2106 1082 2189 quondam
1103 2107 1134 2171 in
1147 2104 1252 2169 bac-1

184 2198 293 2264 eadem
313 2208 396 2262 terra
413 2197 539 2275 fuisset,
568 2197 596 2262 si
618 2198 718 2262 victor
740 2219 852 2285 pacem
872 2201 1057 2286 petentibus
1076 2200 1192 2265 dedisset
1231 2240 1260 2278 2„

181 2291 324 2378 patribus
343 2292 474 2369 nostris3
501 2314 566 2357 non
590 2292 757 2357 statuendo
775 2292 918 2357 felicitati
935 2294 1069 2360 modum
1085 2316 1143 2361 nec
1156 2315 1193 2357 cc
1233 2335 1264 2373 Ι-.

182 2386 320 2452 hibendo
342 2386 492 2451 efferente
516 2408 550 2450 se
572 2384 712 2463 fortuna,
744 2396 861 2470 quanto
884 2386 978 2452 altius
1008 2389 1193 2461 elaturos,
1236 2430 1264 2454 -ι

131 2500 164 2547 ut
183 2504 221 2546 eo
247 2480 372 2546 foedius
399 2480 530 2545 conruit.
576 2491 626 2546 est
652 2480 781 2564 quidem
802 2480 870 2545 eius
893 2481 948 2565 qui
974 2482 1046 2561 dat,
1072 2479 1196 2565 nonqui
1263 2539 1264 2544 ,

182 2574 273 2661 petit,
301 2574 502 2639 condiciones
525 2574 630 2640 dicere
648 2575 751 2661 pacis3
783 2575 840 2640 scd
857 2575 993 2640 forsitan
1011 2600 1080 2643 non
1096 2572 1196 2662 indari
1243 2652 1247 2657 ,

131 2688 163 2735 tc
183 2668 296 2745 simus,
323 2670 377 2752 qui
398 2669 557 2735 nobismet
577 2669 639 2755 ipsi
665 2669 798 2734 mialtam
822 2669 1018 2756 irrogemus:
1048 2671 1131 2757 (qur)
1148 2690 1198 2736 non
1241 2713 1254 2727 -.

181 2784 364 2827 recusamus
383 2764 459 2846 quin
477 2763 596 2840 omnia,
614 2773 744 2849 propter
761 2784 844 2847 quae
861 2764 903 2828 ad
920 2762 1043 2829 bellum
1059 2764 1142 2831 itum
1155 2774 1198 2837 est,
1243 2809 1247 2817 -

182 2866 288 2920 vestra
307 2856 383 2933 sint,
403 2853 526 2934 Sicilia,
547 2854 709 2935 Sardinia,
727 2858 900 2943 Hispania,
923 2856 1085 2942 quidquid
1101 2857 1199 2925 insule
1262 2925 1264 2930 ,

131 2968 162 3015 eo·
181 2970 252 3013 rum
271 2959 336 3014 toto
354 2950 436 3015 inter
452 2951 598 3015 Africam
614 2950 802 3035 Italiamque
821 2952 999 3017 continetur
1016 2954 1117 3032 mari;
1139 2950 1200 3019 Cn·
1247 3010 1257 3037 ,

182 3043 397 3129 thaginienscs
415 3045 529 3109 inclusi
545 3046 677 3111 Africae
695 3045 838 3111 litoribus
856 3068 928 3124 vos,
955 3049 1092 3128 quando
1110 3049 1153 3113 ita
1165 3046 1199 3111 db

181 3137 312 3223 placuit,
340 3150 471 3204 externa
494 3139 589 3205 etiam
613 3151 696 3206 terra
717 3140 859 3224 marique
882 3140 1052 3205 videamus
1080 3139 1199 3230 regentis
1251 3184 1262 3195 ν

130 3250 161 3297 27
180 3230 322 3317 imperia.
367 3234 444 3299 haut
460 3234 658 3321 negaverim,
677 3245 806 3322 propter
823 3258 888 3300 non
903 3233 1001 3300 nimis
1021 3236 1148 3303 sincere
1160 3254 1200 3323 pt·

182 3323 270 3391 titam
289 3338 343 3390 aut
361 3339 559 3414 expectatam
577 3352 678 3417 nuper
694 3352 807 3417 pacem
828 3340 1013 3416 suspectam
1035 3353 1113 3397 esse
1129 3326 1200 3396 vohis
1263 3383 1264 3386 ,

179 3420 335 3485 Punicam
353 3421 459 3488 fidem.
503 3424 651 3502 multum,
678 3446 736 3511 per
753 3445 833 3508 quos
851 3422 950 3510 petita
973 3424 1030 3502 sit,
1061 3426 1106 3491 ad
1125 3424 1202 3489 lideu

130 3530 162 3581 28
181 3514 317 3579 tuendae
335 3516 423 3601 pacis
441 3517 591 3603 pertinet,
612 3515 731 3604 Scipio.
776 3517 874 3582 vestri
891 3538 1036 3601 quoque,
1061 3532 1099 3585 ut
1116 3516 1202 3590 audit),

181 3620 287 3693 patres
307 3631 371 3675 non
388 3611 467 3674 nihil
489 3612 584 3676 etiam
606 3613 648 3677 ob
671 3612 745 3689 hoc,
773 3611 847 3696 quia
868 3633 983 3697 parurn
1001 3608 1204 3699 dignitatisiu

129 3724 161 3771 29
180 3700 339 3789 legatione
357 3716 439 3781 erat,
461 3717 658 3791 negaverunt
675 3726 801 3792 pacem;
818 3740 864 3752 -
884 3705 1054 3771 Hannibal
1071 3718 1147 3793 peto
1161 3726 1205 3791 pe·

180 3816 264 3875 com,
284 3797 338 3883 qui
355 3820 457 3883 neque
475 3812 630 3887 peterem,
648 3801 711 3866 nisi
724 3800 834 3865 utilem
848 3800 1023 3879 crederem,
1044 3814 1079 3867 et
1092 3812 1205 3888 propter

128 3910 162 3959 aa
181 3892 314 3956 candem
341 3894 508 3959 utilitatem
530 3897 644 3961 tuebor
664 3918 750 3973 eam,
776 3906 1028 3982 propterquam
1055 3896 1145 3983 petii.
1182 3904 1206 3955 et

181 4006 275 4069 quem
301 3987 511 4067 admodum,
539 3990 613 4073 quia
639 4014 659 4056 a
683 4012 735 4055 me
761 3989 881 4055 bellum
907 4002 1060 4077 coeptum
1089 4004 1152 4067 cst,
1174 4006 1206 4051 ue
