2528 4530
327 111 444 167 LIBER
460 112 618 184 XXVIIII,
637 114 678 167 17.
698 118 736 182 [a.
747 113 850 186 0204]
1036 105 1100 173 459

65 270 225 359 praesidio
248 290 333 333 nunc
354 290 427 335 cum
449 269 585 335 maxime
606 264 757 357 patimur,
784 273 1014 339 aestimandum
1035 274 1118 351 Rc,

65 388 199 432 manum
220 385 259 429 ac
280 361 438 429 Punicum
459 364 625 450 imperium
652 366 706 444 sit,
734 389 827 434 nemo
854 391 917 433 non
942 368 1013 434 illos
1041 370 1100 437 sibi

65 486 163 549 qnam
179 483 240 527 vos
259 460 402 526 dominos
420 470 591 546 praeoptet.
636 472 668 525 et
686 471 791 527 tamen
809 464 927 542 videte,
951 466 1101 549 quemad·
1118 483 1134 531 8

65 558 198 625 modum
224 555 258 620 in
283 576 340 621 vos
361 555 542 619 Locrenses
564 555 692 620 animati
716 556 787 621 sint.
832 580 904 623 cum
926 583 946 624 a
969 558 1101 626 Cartha·

65 651 265 741 giniensibus
278 650 407 715 iniurias
422 661 508 715 tanto
522 650 659 715 minores
673 651 896 737 acciperemus,
907 655 948 719 ad
961 666 1102 721 vestrum

66 749 289 834 imperatorem
316 743 535 831 confugimus3
572 767 643 809 cum
671 769 690 810 a
715 756 820 811 vestro
846 748 1003 833 praesidio
1029 750 1101 836 plus

68 864 164 927 qnam
181 839 309 905 hostilia
325 838 494 924 patiamur,
521 861 677 923 nusquam
695 840 756 905 alio
774 862 869 924 qnam
892 842 933 906 ad
950 866 1007 908 vos
1025 865 1104 927 que-

68 936 160 1005 rellas
179 934 358 1001 detulimus.
404 946 459 999 aut
476 956 534 999 vos
551 935 724 1019 respicietis
742 936 880 1020 perditas
898 959 948 1001 res
966 948 1099 1016 nostras,
1119 966 1134 1013 9

70 1040 173 1117 patres
199 1028 386 1114 conscripti,
418 1037 473 1093 aut
498 1050 538 1093 ne
564 1028 604 1093 ab
632 1029 692 1094 diis
718 1030 847 1114 quidem
873 1031 1100 1097 immortalibus

71 1126 154 1211 qnod
171 1146 336 1211 precemur
352 1123 520 1208 quicquam
539 1134 691 1209 superest.
728 1123 770 1206 Q.
784 1124 958 1190 Pleminius
976 1125 1100 1212 legatus
1120 1152 1152 1200 10

72 1220 185 1287 missus
203 1229 252 1285 est
270 1240 341 1284 cum
363 1217 520 1304 praesidio
543 1218 583 1283 ad
604 1218 801 1305 recipiendos
823 1242 843 1283 a
862 1217 1102 1306 Carthaginien·

73 1314 297 1381 sibnsLocros
316 1321 435 1379 etcum
455 1312 565 1377 eodem
586 1312 632 1378 ibi
648 1313 773 1378 relictus
793 1323 841 1378 est
858 1315 1024 1399 praesidio.
1068 1316 1101 1381 in
1121 1341 1151 1389 11

73 1408 130 1477 boe
140 1409 245 1497 legato
259 1407 482 1473 vestro-dant
495 1407 578 1471 enim
592 1408 731 1472 animum
745 1408 785 1472 ad
799 1407 991 1491 loquendum
1003 1409 1100 1477 libere

73 1502 197 1569 ultimae
214 1502 359 1567 miseriae
371 1539 398 1549 -
409 1523 468 1567 nee
484 1501 621 1567 hominis
635 1502 802 1585 quicquam
823 1512 885 1580 est,
904 1514 1008 1589 patres
1027 1527 1101 1570 con-

76 1598 190 1685 scripti,
216 1606 340 1684 praeter
360 1597 495 1684 figuram
521 1606 552 1661 et
578 1596 715 1682 speciem
741 1619 843 1681 neque
865 1597 1000 1665 Romani
1023 1601 1100 1668 civis

75 1704 192 1780 praeter
216 1692 358 1759 habitum
382 1692 593 1776 vestitumque
615 1702 647 1757 et
669 1714 781 1758 sonum
803 1693 939 1759 Latinae
959 1694 1099 1782 linguae:

75 1788 168 1875 pestis
185 1810 224 1853 ao
241 1787 336 1853 belua
352 1787 503 1864 inmanis,
525 1787 627 1871 qualis
645 1787 761 1854 fretum
779 1789 951 1873 quondam,
978 1812 1041 1875 quo
1059 1790 1099 1857 ab
1120 1813 1151 1861 12

75 1880 181 1949 Sicilia
197 1881 375 1961 dividimur,
394 1882 435 1947 ad
447 1882 618 1968 perniciem
631 1884 848 1969 navigantium
862 1886 1101 1953 circumsedisse

72 1978 196 2045 fabulae
222 1977 336 2043 ferunt.
385 2000 422 2044 ac
449 1978 476 2043 si
503 1979 605 2044 scelus
631 1977 854 2063 libidinemque
880 1991 913 2045 et
939 1984 1101 2049 avaritiam
1121 2004 1155 2055 13.

73 2073 156 2141 solus
173 2073 243 2160 ipse
260 2094 405 2139 exercere
422 2073 456 2137 in
473 2073 575 2138 socios
594 2081 714 2138 vestros
738 2074 813 2137 satis
835 2073 978 2152 haberet,
1005 2099 1101 2142 unam

71 2168 259 2255 profundam
276 2168 402 2253 quidem
425 2168 607 2253 voraginem
629 2177 734 2231 tamen
755 2166 906 2252 patientia
923 2178 1029 2233 nostra
1047 2192 1102 2234 ex·

69 2262 241 2349 pleremus:
271 2284 355 2328 nuno
381 2262 482 2327 omnis
510 2261 706 2327 centuriones
732 2260 909 2344 militesque
935 2271 1057 2328 vestros
1074 2301 1102 2311 —
1121 2284 1154 2330 14

70 2358 149 2425 adeo
166 2357 200 2423 in
217 2357 395 2443 promiscuo
418 2356 575 2421 licentiam
594 2365 686 2439 atque
704 2353 936 2440 improbitatem
958 2378 1029 2421 esse
1046 2380 1102 2423 vo-

68 2450 126 2517 luit
137 2488 166 2499 -
177 2450 350 2517 Pleminios
368 2450 458 2530 fecit3
477 2473 586 2516 omnes
600 2449 739 2534 rapiunt,
759 2448 907 2534 spoliant,
926 2448 1100 2529 verberant,
1122 2473 1153 2520 15

69 2546 245 2624 voluerant,
272 2545 432 2624 occidnut,
459 2555 663 2630 constuprant
680 2553 853 2621 matronas,
880 2543 1032 2630 virgines,
1055 2546 1103 2610 in·

68 2662 193 2729 gennas
210 2649 316 2727 raptos
335 2663 374 2705 ex
388 2639 544 2726 conplexu
556 2638 732 2725 parentium
737 2664 746 2717 3
766 2638 878 2704 cotidie
893 2639 1013 2724 capitur
1026 2640 1101 2709 urbs
1122 2662 1153 2710 16

67 2747 190 2815 nostr-a,
226 2730 340 2801 cotidie
366 2735 522 2820 diripitnr3
558 2734 625 2800 dies
652 2744 822 2820 noctesque
850 2736 956 2801 omnia
982 2737 1102 2822 passim

68 2832 238 2897 mulierum
254 2852 498 2916 puerorumque,
526 2829 580 2914 qui
596 2830 760 2916 rapiuntur
781 2839 875 2914 atque
894 2842 1101 2917 asportantur,

68 2924 244 3013 ploratibus
266 2934 387 2990 sonant.
432 2925 561 2990 miretur
583 2925 637 3010 qui
659 2925 750 3003 sciat,
779 2948 841 3009 quo
859 2926 953 2991 modo
971 2935 1026 2991 ant
1043 2949 1101 2993 nos
1123 2949 1153 2994 17

67 3021 111 3089 ad
127 3020 312 3109 patiendum
331 3019 540 3098 sufficiamus,
560 3030 614 3085 aut
631 3020 715 3097 illos,
734 3021 789 3104 qui
806 3019 939 3096 faciunt,
962 3021 1103 3085 nondum

68 3126 228 3185 tantarum
253 3115 435 3179 iniuriarum
463 3116 590 3181 satietas
613 3115 738 3199 ceperit.
783 3134 885 3197 neque
908 3135 968 3198 ego
990 3115 1103 3198 exequi

66 3233 203 3301 possum
227 3231 286 3276 nec
312 3208 402 3275 vobis
429 3231 542 3296 operae
568 3218 617 3274 est
643 3208 751 3272 audire
774 3207 891 3292 singuli
912 3228 993 3290 quae
1015 3208 1102 3292 passi

69 3327 198 3384 snmns3
216 3304 421 3371 communiter
439 3305 545 3370 omnia
557 3302 736 3388 amplectar.
764 3323 847 3388 nego
861 3300 989 3366 domum
1006 3301 1103 3368 ullam
1123 3323 1154 3371 rs

67 3398 200 3476 Locris,
217 3421 302 3487 nego
319 3420 508 3483 quemqnam
526 3397 686 3463 hominem
704 3405 864 3481 expertem
878 3394 1008 3461 iniuriae
1021 3418 1101 3474 esse,

67 3516 154 3581 nego
170 3492 271 3559 ullum
288 3516 389 3580 genus
409 3492 548 3570 sceleris,
573 3490 736 3567 lubidinis,
760 3489 907 3554 avaritiae
926 3511 1100 3575 superesse,

67 3588 158 3675 qnod
177 3587 212 3655 in
232 3588 312 3666 ullo,
340 3589 394 3672 qui
416 3587 481 3675 pati
502 3587 650 3674 potuerit,
677 3585 932 3671 praetermissum
955 3585 1004 3650 sit.
1048 3586 1103 3650 vix
1123 3605 1154 3652 19

67 3683 151 3751 ratio
177 3681 249 3761 iniri
274 3692 392 3769 potest,
428 3692 497 3747 uter
523 3703 615 3747 casus
644 3680 778 3746 civitatis
806 3679 847 3743 sit
877 3677 1102 3759 detestabilior3

69 3801 146 3845 cnm
176 3777 283 3844 hostes
309 3778 391 3845 bello
418 3777 528 3843 urbem
560 3797 669 3861 cepere
696 3799 736 3841 an
763 3797 836 3839 cum
862 3772 1028 3840 exitiabilis
1055 3784 1104 3861 ty·

68 3895 189 3940 rannus
215 3873 248 3938 vi
274 3881 367 3958 atque
393 3872 487 3939 armis
514 3870 678 3958 oppressit.
732 3870 850 3948 omnia,
885 3889 967 3954 quae
994 3878 1103 3956 captae
1122 3887 1154 3934 20
