2528 4530
291 252 411 311 LIBER
428 253 545 327 xxm,
563 254 606 312 st.
619 255 662 311 84„
683 254 763 326 [uc.
773 256 837 327 216]
1021 245 1083 312 137

72 422 172 480 rectus
188 420 268 491 erst3
286 422 355 477 tum
371 410 449 499 legit
464 413 521 498 qui
537 412 666 492 sedilus,
683 412 802 479 tribuni
818 412 920 500 plebis
938 425 1086 499 quaesto-
1103 437 1120 487 c

72 526 139 575 esve
165 506 313 585 fuerunt3
352 516 420 572 tun
446 507 563 586 exiis,
592 508 649 592 qul
673 507 877 594 magistratus
899 505 1084 599 [huutduru]

72 600 222 688 epissent,
241 600 297 685 qui
309 600 412 686 spolio
423 620 465 665 ox
482 600 573 667 hosts
586 601 652 667 lixa
668 600 756 669 domi
768 599 920 667 haberent
935 612 991 668 snt
1009 600 1086 669 clri-

72 716 118 761 nn
136 712 288 761 coronam
305 693 511 780 accepissent.
538 695 584 760 ite
600 706 725 761 centnm
745 696 945 783 septuaginta
962 707 1085 784 septem
1104 720 1120 767 r

72 812 122 855 um
137 788 262 876 ingenti
277 786 505 874 adprobatione
523 788 686 855 bominum
706 790 741 854 in
758 799 903 856 senatum
919 790 1009 858 lectis
1031 814 1087 858 ex·

72 883 170 969 surplo
188 902 225 949 se
242 883 429 971 magistratu
447 881 606 949 abdicarit
622 883 826 970 privaturque
848 885 889 952 de
904 885 1014 953 rostris
1031 886 1087 952 de·

72 977 173 1045 cudit
188 976 351 1043 lictoribus
375 975 461 1042 ubire
482 976 577 1043 iussis
599 975 773 1062 turbaeque
796 1000 831 1045 se
847 978 1007 1046 inmiscuit
1022 980 1121 1069 pri-s

72 1082 139 1137 retes
157 1071 321 1158 egentium
338 1088 404 1147 res,
431 1079 557 1158 tempus
574 1070 636 1137 boc
653 1070 764 1137 sedulo
782 1081 899 1152 terens,
924 1094 966 1139 ns
987 1074 1086 1140 dedu-

74 1166 142 1233 rndi
158 1165 210 1231 sui
227 1186 326 1233 ceusu
342 1163 495 1251 populum
512 1163 552 1231 de
569 1164 640 1231 foro
658 1163 842 1232 abduceret:
859 1186 963 1251 noque
979 1177 1086 1234 tumen

74 1256 275 1347 singuitcure
282 1258 604 1337 hominumeumors,
622 1258 1086 1346 frequentesqueeumdomum

72 1350 257 1421 iunxerat
302 1351 412 1419 oonsrrl
433 1362 526 1418 nocte
548 1350 726 1439 insequenti
747 1353 789 1419 ud
810 1354 982 1420 exercitum
1003 1355 1085 1421 redit
1102 1375 1121 1425 9

77 1466 119 1515 n
133 1447 220 1513 fecto
243 1447 376 1515 certiore
396 1454 523 1524 semu,
549 1467 591 1515 nc
613 1447 810 1514 comitiorum
831 1468 928 1515 ceusu
952 1448 987 1513 in
1008 1447 1086 1515 urbe

72 1500 77 1557 l

72 1540 270 1795 &Q
305 1632 440 1701 Postero
456 1634 509 1700 dic
526 1634 688 1701 consultus
706 1657 727 1702 s
743 1634 791 1700 M.
800 1635 977 1723 Pomponio
994 1654 1085 1723 pree·
1103 1657 1118 1705 r

137 1738 269 1796 senatus
295 1727 434 1795 decrevit
459 1727 604 1795 dictatori
626 1728 840 1809 scribendum,
871 1729 933 1809 uti,
960 1729 989 1796 si
1010 1752 1029 1796 s
1048 1751 1085 1796 re

72 1800 176 2108 ΡΜ
201 1832 346 1891 censeret
372 1842 458 1901 csse,
484 1820 527 1889 sd
551 1822 698 1890 consules
722 1822 940 1912 subrogandos
964 1825 1086 1892 veniret

139 1917 294 2005 magistro
311 1917 452 2003 equitum
470 1926 502 1983 et
517 1926 660 2005 praetore
676 1916 725 1983 M.
743 1917 912 1998 Marcello,
934 1928 971 1985 ut
987 1940 1028 1986 cx
1044 1919 1084 1985 iis
1103 1938 1120 1988 2

77 2011 270 2095 presentibus
287 2028 419 2079 nomm
435 2020 541 2097 pstres
558 2020 701 2097 possent,
719 2034 782 2096 quo
795 2021 879 2078 stutu
891 2034 942 2079 rcs
959 2011 1087 2100 publicu

72 2110 150 2193 lust,
186 2104 381 2190 consilioque
407 2124 447 2175 ex
471 2103 567 2170 rebus
594 2116 749 2190 ceperunt.
794 2107 849 2190 qui
879 2106 972 2172 cociti
997 2115 1087 2173 erunt

102 2230 104 2252 ÷
135 2230 157 2256 ··.
178 2209 334 2265 venerunt
349 2198 465 2265 relictis
482 2197 606 2285 legetis,
625 2199 680 2284 qui
696 2197 874 2287 legionibus
891 2209 1083 2287 praeessent.
1105 2218 1117 2235 ··

90 2326 127 2347 κ
136 2303 185 2360 tor
201 2293 242 2360 de
260 2314 295 2359 sc
312 2310 415 2378 peuce
427 2313 466 2359 uc
478 2292 600 2359 modice
613 2292 738 2359 locutus
750 2293 785 2357 in
796 2294 984 2381 magistrum
997 2294 1086 2379 equi·
1102 2315 1120 2364 c

77 2416 114 2443 u
137 2387 187 2453 Ti
206 2385 431 2473 Sempronium
450 2382 631 2453 Gracchum
652 2409 802 2474 magnum
822 2399 944 2473 partem
965 2386 1085 2474 glorius

117 2481 145 2546 ‘t
161 2480 351 2565 comitisque
368 2479 480 2558 edixit,
498 2480 613 2564 quibus
631 2480 674 2546 L.
682 2479 868 2547 Postumius
885 2480 1012 2548 tertium
1029 2479 1086 2546 sb-

105 2606 141 2653 ·³,
157 2574 214 2661 qui
232 2571 447 2641 tumGnllium
463 2574 658 2661 provinciam
675 2573 851 2653 obtinebat,
874 2585 905 2641 et
922 2574 973 2641 Ti.
993 2572 1086 2642 Sem·

170 2700 176 2725 ι
198 2664 380 2746 Gracchus,
407 2667 462 2752 qui
488 2678 556 2733 tum
580 2669 733 2756 magister
756 2669 899 2755 equitum
921 2680 953 2735 et
974 2668 1085 2738 aedilis

120 2793 163 2819 ·:
194 2772 276 2841 erut,
303 2761 448 2829 consules
476 2772 662 2829 ucurcntru.
710 2772 870 2849 praetores
891 2764 966 2830 inde
988 2763 1119 2831 uestis

121 2855 267 2923 Valerius
283 2856 448 2923 Laevinus
464 2856 592 2935 iterum,
614 2855 679 2943 Ap.
699 2855 853 2923 Claudius
865 2857 1017 2936 Pulcher,
1040 2853 1083 2942 Q.

137 2950 184 3017 'us
204 2949 357 3028 Flaccus,
389 2948 430 3033 Q.
452 2948 582 3016 Mucius
605 2947 770 3017 Scecvolu
813 2951 947 3018 dictstor
972 2952 1120 3022 uestisc

124 3042 289 3110 'nsfibus
308 3042 453 3110 Teanum
474 3044 508 3109 in
529 3043 661 3111 hiberus
682 3045 725 3111 sd
745 3045 917 3113 exercitum
938 3045 1020 3111 redit
1036 3067 1086 3110 re-

81 3145 86 3166 *
114 3169 124 3190 u
144 3139 295 3226 magistro
313 3138 454 3223 equitum
465 3138 597 3217 Romae,
616 3139 684 3225 qui,
702 3160 775 3205 cum
790 3148 865 3227 post
881 3160 1000 3225 paucos
1017 3138 1085 3204 dies

88 3230 272 3317 §stratum
288 3231 422 3298 initurus
440 3243 537 3311 osset,
556 3233 596 3299 dc
614 3231 802 3299 exercitibus
821 3231 993 3299 scribendis
1010 3252 1086 3297 con·

78 3325 265 3413 nudisque
281 3327 316 3392 in
333 3349 450 3392 cunum
467 3336 573 3414 putres
589 3326 776 3394 consuleret.
994 3332 997 3337 ’

126 3416 202 3488 tun
218 3441 279 3486 ese
294 3440 346 3486 res
363 3420 501 3487 maxime
518 3430 698 3508 egerenbrr,
716 3443 800 3486 nova
812 3419 918 3486 clades
931 3418 1084 3500 nuntiuts,
1102 3430 1121 3481 6

83 3504 150 3579 ffln
164 3537 263 3602 super
278 3513 373 3580 elium
390 3513 570 3580 cumulante
589 3515 625 3580 in
645 3536 719 3582 eum
741 3537 859 3581 mnnm
875 3513 1015 3592 senuna,
1041 3513 1084 3579 L.

79 3594 255 3675 lanium
277 3609 439 3675 consulem
460 3609 660 3697 designutmn
681 3610 717 3675 in
738 3606 844 3676 Gallis
863 3609 970 3696 ipsum
990 3617 1086 3690 etque

72 3688 227 3770 'usuum
244 3703 375 3770 deletos.
420 3703 500 3770 silve
520 3714 588 3770 erut
608 3713 699 3771 vuele
715 3742 742 3753 —
758 3704 909 3771 Litunsm
927 3700 1013 3770 Gelli
1029 3721 1087 3767 vo-
1104 3722 1121 3770 t

72 3792 167 3865 sbrnt
181 3830 225 3877 -ι,
259 3819 325 3883 quc
349 3799 522 3865 exercitum
546 3798 746 3864 traducturus
773 3808 849 3864 erut
893 3797 960 3865 dus
987 3795 1085 3863 silvae

72 3884 163 3961 hbe
186 3891 343 3977 haveque
369 3892 453 3960 circu
473 3892 559 3958 viem
577 3890 663 3960 Gelli
684 3891 812 3959 urbores
832 3892 878 3958 itu
899 3890 1084 3970 inciderunt,

72 3987 252 4057 tinmotue
278 3995 409 4067 sterent,
445 3996 604 4055 momento
634 3986 697 4055 levi
726 3985 870 4074 inpulsus
898 3985 1085 4053 occiderent
