2528 4514
366 247 482 302 amur
500 248 599 319 xxx,
619 249 661 304 aa.
681 253 719 318 [a.
731 249 833 320 caca]
1060 241 1123 306 517

95 401 243 470 sinissam
260 404 477 490 Numidasque
500 406 540 471 ab
563 406 673 472 dextro
695 408 853 495 opposuit.
897 408 965 474 vias
984 410 1157 496 patentisa

96 494 172 564 iuter
188 497 370 586 manipulos
389 499 668 586 antesignanorum
684 501 832 568 velitibus
849 539 876 549 -
894 525 932 568 ea
949 514 1025 568 tunc
1041 503 1121 568 levis

99 604 252 659 amatura
277 604 346 658 erat
361 631 388 640 -
406 594 588 681 complevit,
620 596 694 661 dato
720 608 905 685 praecepto,
936 609 972 663 ut
998 597 1039 664 ad
1063 597 1122 664 im-

100 697 200 769 petum
217 686 458 774 elephantorum
476 697 531 752 aut
547 699 620 774 post
639 689 773 756 directos
795 693 978 779 refugerent
996 692 1121 759 ordines

103 794 144 848 ut
163 782 199 849 in
222 784 367 849 dextram
386 783 572 868 laevamque
595 784 740 849 discursu
762 785 957 872 adplicantes
981 811 1015 853 se
1034 798 1122 854 ante·

105 872 232 964 tignanis
261 878 359 956 viam,
395 899 458 962 qua
482 877 644 942 inruerent
668 879 702 942 in
728 879 876 965 ancipitia
907 882 983 959 tela,
1018 883 1121 947 beluis

105 966 210 1038 trient.
252 972 416 1038 Hannibal
434 973 475 1037 ad
492 983 643 1038 terrorem
660 972 779 1060 primos
798 973 982 1062 elephantos
995 1013 1021 1023 -
1034 988 1121 1043 octo·
1139 995 1156 1042 4

103 1063 175 1150 ginta
200 1077 309 1133 autem
331 1079 433 1147 erant,
461 1079 537 1152 quot
558 1068 645 1133 nulla
665 1090 816 1153 umquam
838 1069 871 1134 in
889 1070 955 1135 acie
975 1082 1047 1136 ante
1065 1072 1121 1136 ha-

102 1157 201 1229 buerat
218 1199 247 1208 —
263 1161 425 1241 instruxit,
450 1162 563 1228 deinde
582 1162 698 1228 auxilia
715 1163 874 1252 Ligurum
893 1162 1119 1250 Gallorumque
1138 1183 1153 1228 5

95 1250 278 1324 Balearibus
296 1256 483 1341 Maurisque
502 1257 648 1321 admixtis
654 1284 664 1336 ;
690 1258 724 1322 in
742 1260 882 1325 secunda
899 1260 966 1325 acie
985 1257 1120 1326 Cartha-

95 1348 243 1435 giniensis
274 1351 436 1435 Afrosque
473 1362 504 1416 et
534 1351 750 1417 Macedonum
782 1353 959 1440 legionem3
994 1354 1153 1419 modicoc

95 1438 202 1513 leinde
231 1444 396 1510 intervallo
423 1445 535 1510 relicto
559 1445 781 1511 subsidiariam
812 1447 912 1511 aciem
936 1446 1120 1513 Italicorum

95 1539 224 1605 uilitum
241 1538 401 1604 -Bruttii
418 1538 560 1626 plerique
578 1550 681 1617 erant,
700 1539 732 1604 vi
750 1561 787 1604 ao
805 1540 993 1606 necessitate
1010 1541 1118 1628 plures

95 1654 182 1720 [uam
210 1656 271 1699 sua
296 1633 458 1700 voluntate
486 1633 690 1699 decedentem
720 1657 760 1698 ex
785 1634 880 1698 Italia
910 1634 1010 1699 secuti
1027 1635 1118 1698 -in-

95 1727 213 1794 truxit.
241 1727 414 1811 equitatum
432 1728 549 1814 etipse
568 1726 772 1792 circumdedit
791 1728 952 1807 cornibus3
971 1727 1118 1793 dextrum
1138 1746 1153 1792 r

95 1819 379 1909 larthaginiensis,
398 1821 561 1887 sinistrum
576 1821 733 1887 Numidae
752 1834 929 1888 tenuerrmt.

149 1914 252 1982 Varia
278 1916 454 1982 adhortatio
483 1927 551 1981 erat
575 1914 610 1980 in
631 1917 772 1983 exercitu
792 1917 874 1983 inter
895 1928 941 1983 tot
962 1915 1117 1994 homines,
1136 1933 1152 1982 8

95 2007 206 2096 quibus
225 2032 290 2075 non
312 2009 435 2097 lingua,
462 2033 526 2076 non
548 2033 633 2090 mos,
660 2035 725 2076 non
747 2012 813 2090 lex,
840 2036 904 2078 nou
927 2034 1027 2091 arma,
1054 2035 1119 2078 non

95 2102 223 2172 restitus
248 2103 453 2188 habitusque,
489 2128 553 2170 non
579 2126 676 2169 causa
702 2105 856 2197 militapdi
884 2106 996 2171 eadem
1022 2117 1116 2170 esset.

95 2196 293 2266 auxiliaribus
312 2210 343 2264 et
360 2221 511 2286 praesens
530 2210 562 2264 et
578 2197 786 2283 multiplicata
803 2221 843 2262 ex
859 2198 979 2283 praeda
995 2221 1116 2264 merces
1136 2217 1150 2264 9

95 2293 319 2372 atentabatur3
340 2292 430 2360 Galli
442 2293 570 2380 proprio
588 2304 681 2376 atque
699 2291 794 2357 insito
811 2291 845 2355 in
861 2291 1025 2356 Romanos
1044 2291 1116 2356 odio

95 2386 315 2465 reconduntun
338 2387 513 2474 Liguribus
533 2386 636 2473 campi
653 2386 766 2451 uberes
785 2385 896 2451 Italiae
914 2383 1057 2450 deductis
1077 2407 1117 2448 ex

95 2481 279 2570 asperrumis
297 2482 456 2546 montibus
474 2481 508 2544 in
526 2503 616 2568 spem
630 2479 779 2546 victoriae
792 2489 1003 2558 ostentantur3
1021 2478 1117 2543 Mau·
1136 2498 1168 2546 10

95 2598 136 2643 us
162 2574 383 2661 Numidasque
410 2575 604 2641 Masinissae
635 2574 789 2664 inpotenti
820 2574 926 2640 futuro
953 2573 1116 2640 dominatu

96 2678 220 2747 errent3
256 2669 337 2736 aliae
363 2669 432 2735 aliis
459 2692 532 2756 spes
560 2691 598 2734 ao
624 2681 727 2735 metus
753 2668 918 2735 iactantur.
949 2663 952 2668 ’
980 2665 1116 2733 Cartha·
1136 2686 1166 2736 11

95 2763 284 2851 giniensibus
307 2764 432 2830 moenia
452 2764 568 2851 patria,
596 2764 628 2828 di
649 2774 796 2850 penates,
828 2763 996 2851 sepulchra
1017 2762 1116 2828 maio-

95 2880 170 2936 um,
189 2856 281 2922 liberi
299 2859 571 2946 comparentibus
590 2857 804 2946 coniugesque
821 2859 970 2946 pavidae,
990 2869 1045 2925 aut
1062 2882 1117 2924 ex-

95 2950 205 3017 tidium
227 2951 451 3038 servitiumque
475 2965 529 3019 aut
549 2952 717 3039 imperium
734 2954 819 3021 orbis
843 2965 1010 3034 terrarum,
1037 2953 1116 3019 nihil

95 3055 141 3113 tut
155 3044 192 3109 in
208 3054 329 3110 metum
347 3058 401 3111 aut
417 3047 451 3111 in
469 3070 559 3134 spem
576 3046 731 3126 medium,
750 3059 957 3114 ostentantur.

149 3136 236 3205 Cum
258 3140 394 3205 maxime
417 3140 496 3205 haec
517 3141 688 3228 imperator
715 3141 799 3227 apud
823 3137 1114 3228 Carthaginienses,
1136 3159 1166 3206 12

95 3232 184 3299 luces
204 3256 333 3299 suarum
351 3234 492 3321 gentium
509 3235 591 3299 inter
611 3232 795 3320 populares,
822 3233 972 3319 pleraque
993 3254 1051 3319 per
1068 3231 1116 3295 in-

95 3337 240 3415 erpretes
257 3328 339 3394 inter
355 3328 512 3394 immistos
531 3327 715 3415 alienigenis
734 3338 851 3414 ageret,
870 3328 965 3393 tubae
984 3349 1116 3392 cornua-

95 3444 145 3507 que
165 3422 207 3487 ab
224 3421 377 3488 Romanis
401 3423 595 3503 cecinerunt,
622 3434 791 3506 tantusque
814 3420 932 3486 clamor
950 3430 1053 3499 ortus,
1079 3431 1115 3484 ut
1134 3443 1166 3492 13

95 3515 246 3606 dephanti
276 3517 309 3582 in
341 3542 415 3584 suos
452 3518 579 3584 sinistro
613 3517 750 3583 maxime
781 3539 879 3583 cornu
908 3527 1113 3593 verterentur,

95 3612 220 3677 llauros
243 3634 280 3677 ac
300 3612 466 3679 Numidas.
512 3613 632 3677 addidit
654 3612 747 3678 facile
763 3612 939 3678 Masinissa
959 3610 1113 3698 perculsis

95 3729 236 3774 errorem
259 3708 452 3794 nudavitque
476 3709 515 3772 ab
538 3731 577 3773 ea
596 3719 686 3794 parte
710 3706 810 3772 aciem
830 3705 969 3792 equestri
987 3704 1112 3770 auxilio.

95 3822 208 3868 aucae
224 3811 331 3868 tamen
347 3803 519 3869 bestiarum
537 3803 712 3889 intrepidae
733 3803 766 3866 in
784 3801 907 3868 hostem
927 3811 1015 3866 actae
1032 3799 1113 3864 inter
1133 3819 1166 3869 14

95 3897 216 3964 'alitum
248 3898 373 3964 ordines
406 3920 478 3963 oum
503 3897 609 3963 multis
643 3897 709 3962 suis
740 3895 921 3962 vulneribus
952 3895 1114 3983 ingentem

95 4003 225 4079 tragem
244 3982 404 4059 edebant.¹
432 3993 608 4060 resilientes
628 3992 712 4059 enim
733 3991 775 4058 ad
795 3989 972 4078 manipulos
991 3988 1113 4069 velites,
1133 4008 1164 4056 15

1159 4154 1225 4240 Ι
