2528 4514
375 241 491 298 Lmen
508 242 664 314 xxvnu,
683 244 707 299 1.
728 247 765 314 [a.
777 216 891 313 esron}
1074 232 1137 299 441

95 396 186 454 idem
200 414 299 453 omnes
313 397 405 453 tribus
424 401 502 453 extre
519 414 604 452 unsm
620 396 745 453 serarius
763 397 889 470 reliquit,
917 400 994 469 quod
1012 405 1042 457 et
1058 399 1140 456 inno·

97 482 223 533 centem
243 492 275 530 se
293 476 477 530 damnassent
493 481 523 530 et
540 476 661 545 posthac
679 467 825 530 consulem
838 492 1041 549 censoremque
1055 477 1138 533 fecis-

98 561 184 610 sent.
220 555 342 607 lustrum
364 570 382 608 u
400 553 568 608 censoribus
587 553 733 608 eonditum
750 560 804 608 est.
850 570 936 609 censa
953 561 1019 609 sunt
1036 555 1139 611 civium

97 631 207 704 capitu
220 630 346 686 ducente
360 630 585 701 quattuordecim
599 631 697 699 miliu]

494 907 610 991 ΤΙΤΙ
635 907 760 991 LIVI

354 1064 423 1127 AB
458 1065 600 1126 veen
637 1064 896 1129 oounrrn

461 1229 590 1291 LIBER
610 1231 780 1292 XXVIIII.

173 1344 202 1409 Ι.
227 1342 337 1430 Scipio
345 1343 709 1430 postquaminSiciliem
718 1347 814 1425 venit,
824 1347 1014 1413 voluntarios
1025 1347 1138 1415 milites
1158 1372 1171 1417 1

102 1440 267 1507 ordinavit
280 1441 534 1525 centuriauitque.
566 1462 606 1507 ex
618 1441 657 1508 iis
672 1452 827 1508 trecentos
835 1444 975 1522 iuvenes,
993 1444 1138 1512 florentes
1157 1465 1174 1513 2

103 1544 212 1603 mute
226 1544 259 1599 et
270 1534 384 1599 virium
393 1534 504 1601 robore
516 1536 644 1602 inermis
657 1537 740 1602 eirea
752 1559 786 1602 se
796 1536 941 1616 habebat,
955 1539 1138 1626 ignorantis,

102 1650 205 1717 quem
221 1629 265 1698 ed
281 1650 376 1693 usum
389 1650 491 1713 neque
508 1631 671 1696 centuriati
684 1652 786 1714 neque
803 1633 915 1697 armati
933 1643 1138 1699 servarentur.

104 1734 178 1790 uun
196 1745 238 1789 ex
259 1723 354 1789 totius
373 1720 500 1789 Siciliae
521 1724 676 1790 iuniorum
699 1746 828 1791 numero
850 1727 1006 1814 principes
1023 1748 1176 1817 generes

107 1826 143 1885 et
157 1816 287 1884 fortune
307 1826 462 1883 trecentos
484 1819 617 1902 equites,
646 1818 700 1902 qui
721 1840 830 1885 seeum
851 1821 885 1885 in
902 1821 1046 1888 Africam
1066 1824 1140 1888 trei-

113 1920 231 1991 cerent,
257 1911 348 1999 legit,
374 1912 520 1997 diemque
542 1913 595 1990 iis,
623 1935 685 1997 qua
707 1914 796 1998 equis
818 1915 977 2000 armisque
997 1917 1140 1984 instructi

116 2015 208 2091 etque
231 2006 334 2072 ornati
358 2006 519 2086 adessent,
551 2008 656 2074 edixit.
701 2008 807 2096 gravis
834 2031 872 2074 ea
897 2010 1007 2076 militia
1031 2012 1176 2097 procule

113 2099 207 2166 domo
221 2108 305 2165 terre
322 2101 461 2185 marique
479 2102 594 2168 multos
612 2101 749 2181 labores,
776 2126 892 2190 magna
909 2105 1048 2190 pericula
1065 2106 1141 2172 elle-

110 2202 182 2260 turs
197 2194 377 2273 videbatur3
393 2216 495 2280 neque
512 2196 599 2283 ipsos
616 2198 725 2275 modo,
745 2198 801 2262 sed
818 2200 955 2283 parentis
974 2209 1141 2286 cognatos-

110 2308 173 2375 que
188 2311 299 2355 eorum
316 2311 354 2355 eo
371 2310 447 2355 oure
463 2290 608 2378 angebat.
644 2292 699 2357 ubi
717 2293 784 2357 dies
803 2313 884 2376 quae
900 2293 984 2357 dicte
1001 2303 1067 2358 erat
1084 2295 1140 2358 ed-
1158 2311 1176 2359 s

108 2386 209 2464 venit,
230 2409 317 2451 arms
333 2407 494 2472 equosque
512 2388 724 2453 ostenderunt.
760 2397 826 2452 tum
846 2385 953 2474 Scipio
971 2387 1141 2454 renuntiari

110 2478 172 2547 sibi
187 2480 283 2558 dixit,
309 2481 463 2565 quosdam
485 2484 607 2568 equites
627 2480 807 2550 Siculorum
828 2493 988 2568 tamquam
1010 2504 1139 2571 gravem

110 2584 142 2641 et
157 2574 272 2641 durum
288 2574 415 2641 horrere
432 2599 502 2642 eam
520 2577 671 2643 militiam.
708 2578 736 2643 si
754 2578 808 2662 qui
824 2578 869 2642 itu
882 2577 1009 2642 animati
1022 2589 1137 2655 essent,
1158 2595 1175 2642 6

111 2668 204 2735 melle
226 2691 283 2736 eos
304 2670 366 2736 sibi
386 2671 449 2736 iem
471 2682 538 2737 tum
559 2670 651 2737 fateri
672 2694 768 2757 quem
793 2672 959 2757 postmodo
981 2672 1138 2757 querentis

113 2784 228 2851 segnes
245 2773 340 2848 etque
356 2765 480 2832 inutiles
502 2767 616 2832 milites
634 2767 680 2835 rei
700 2766 845 2852 publicae
867 2787 951 2833 esse:
978 2784 1175 2853 exprome-s

110 2868 193 2937 rent,
215 2857 294 2943 quid
311 2859 474 2938 sentirent3
501 2881 575 2926 eum
591 2860 674 2926 bone
692 2861 784 2926 venie
801 2884 836 2927 ee
854 2862 1043 2927 auditurum.
1087 2861 1142 2927 ubi

111 2974 152 3019 ex
176 2953 217 3019 iis
240 2975 322 3019 unus
348 2974 444 3019 susus
471 2964 520 3020 est
544 2956 662 3033 dicere,
690 2977 724 3020 se
745 2978 873 3042 prosus,
901 2957 929 3023 si
955 2957 1015 3023 sibi
1037 2966 1141 3022 utrum

111 3047 187 3115 velit
203 3047 339 3114 liberum
360 3060 458 3127 esset,
484 3050 567 3117 nolle
589 3051 736 3128 militare,
763 3062 830 3115 tum
850 3049 958 3136 Scipio
980 3052 1022 3128 ei,
1050 3057 1141 3134 ‘quo-
1159 3070 1177 3118 8

111 3142 198 3209 niem
220 3143 330 3227 igitur,
358 3145 558 3225 adulescens,
585 3147 662 3231 quid
685 3147 816 3211 sentires
838 3168 903 3210 non
925 3144 1139 3222 dissimulasti,

113 3237 265 3304 vicerium
282 3237 341 3304 tibi
358 3240 536 3325 expediam,
564 3241 667 3306 cuitu
685 3263 772 3306 orma
788 3259 967 3323 equumque
985 3248 1017 3302 et
1037 3247 1140 3302 cetero

110 3332 322 3398 instrumenta
354 3334 482 3400 militiae
517 3337 636 3414 trades,
673 3345 705 3401 et
738 3345 842 3401 tecum
876 3333 950 3398 hine
983 3332 1141 3418 extemplo

112 3426 243 3493 domum
269 3427 382 3506 duces,
418 3450 578 3507 exerceas,
614 3430 790 3494 docendum
812 3449 902 3494 eures
925 3448 1006 3511 equo
1032 3426 1142 3492 ermis-

113 3520 198 3607 que'
241 3521 325 3587 lueto
355 3523 570 3590 condicionem
600 3523 764 3609 accipienti
794 3545 892 3587 unum
919 3544 959 3587 ex
985 3521 1176 3597 trecenties

112 3634 192 3701 quos
208 3614 346 3681 inermes
362 3615 512 3696 habebat,
540 3618 643 3683 trudit.
687 3617 741 3682 ubi
762 3617 822 3683 hoc
843 3617 938 3682 modo
960 3623 1142 3681 exauctore-

112 3718 180 3775 tum
202 3709 342 3795 equitem
363 3732 436 3776 oum
457 3712 559 3799 gretie
583 3712 778 3799 imperatoris
800 3712 895 3777 ceteri
921 3710 1078 3787 viderunt,
1106 3730 1141 3772 ee

109 3802 247 3889 qrr'sque
268 3824 419 3871 excusare
440 3814 473 3871 et
493 3805 644 3871 vicarium
666 3805 816 3891 accipere.
859 3806 904 3870 ita
925 3803 1070 3870 trecentis
1091 3799 1142 3868 Si·
1161 3822 1194 3870 10

109 3896 338 3965 clu-Romani
346 3900 467 3983 equites
476 3899 638 3966 substituti
646 3901 713 3966 sine
722 3899 847 3985 publice
856 3899 995 3985 inpensa.
1027 3897 1142 3963 docen-

111 4012 224 4059 dorum
241 4014 352 4061 eurum
371 3992 469 4061 Siculi
487 3994 675 4074 habuerunt,
704 3994 777 4078 quia
794 3994 929 4060 edictum
947 3993 1141 4079 imperatoris
