2528 4514
143 220 209 287 390
397 228 515 285 maara
532 228 674 300 xxvm,
694 229 719 283 ι.
738 228 926 298 [aasmr]

143 391 292 476 iungatur
315 398 459 470 terraque
483 385 603 451 aditum
623 386 920 471 faciliorem'quam
945 386 1027 453 mari
1049 387 1153 454 habeat

109 506 127 554 a
144 484 242 571 igitur
261 481 431 567 Philippus
455 480 578 545 deiecto
599 480 759 566 praesidio
786 480 934 565 fusisque
954 481 1094 560 Aetolis,
1115 482 1156 566 qui

146 578 262 643 saltum
284 574 571 660 Thermopylarum
596 574 792 652 insidebant,
825 595 899 639 cum
927 599 954 645 a,
971 575 1157 641 Demetriade

146 670 329 747 Scotusam,
348 669 422 733 inde
440 669 480 732 de
499 666 593 733 tertia
609 667 719 754 vigilia
733 668 897 755 profectus
916 669 1060 755 trepidos
1076 668 1157 735 hostis

145 765 337 829 Heracleam
364 761 583 848 compulisset,
610 761 680 846 ipse
702 784 766 828 uno
789 762 840 827 die
863 761 1021 829 Phocidis
1041 762 1159 829 Elatiam

111 881 128 926 4
144 858 232 922 milia
249 857 384 943 amplius
403 855 570 941 sexaginta
587 856 757 921 contendit.
802 857 917 922 eodem
940 857 1045 923 ferme
1066 857 1112 923 die
1129 858 1159 921 ab

144 953 255 1018 Attalo
277 975 354 1038 rege
378 951 592 1037 Opuntiorum
618 952 695 1016 urbs
722 960 816 1036 capta
842 950 1062 1038 diripiebatur.
1102 975 1159 1018 con-

146 1058 286 1113 cesserat
308 1070 378 1112 eam
399 1046 469 1132 regi
490 1046 643 1132 praedam
661 1043 838 1133 Sulpicius,
865 1047 944 1131 quia
961 1046 1085 1113 Oreum
1098 1069 1159 1134 pau·

146 1165 200 1209 cos
215 1167 255 1208 an
257 1155 288 1208 te
257 1144 370 1208 tdies
386 1142 426 1207 ab
434 1142 581 1206 Romano
595 1140 676 1205 milit
663 1151 694 1207 te
709 1141 891 1228 expertibus
905 1142 1006 1229 regiis
1025 1143 1160 1229 direptum

111 1237 258 1303 afuerat.
303 1259 375 1302 cum
397 1237 545 1302 Romana
570 1235 682 1300 classis
710 1259 748 1300 eo
776 1259 810 1301 se
832 1237 1026 1323 recepisset,
1051 1236 1159 1303 Attalus

145 1330 275 1416 ignarus
300 1332 454 1396 adventus
471 1329 614 1416 Philippi
635 1329 778 1416 pecuniis
797 1352 816 1394 a
833 1329 1036 1417 principibus
1053 1330 1159 1438 exigen-

114 1423 196 1490 sdis
219 1426 377 1491 terebatt
364 1437 504 1511 t,empus
532 1424 706 1507 adeoque
696 1423 859 1510 mprovisa
874 1447 928 1490 res
947 1426 1027 1503 fuit,
1049 1436 1095 1503 ut,
1113 1422 1159 1488 nisi

147 1516 351 1585 Cretensium
366 1519 494 1604 quidam
508 1517 571 1583 fort
559 1529 589 1583 tc
603 1518 788 1604 pabulatum
806 1519 847 1583 ab
863 1518 945 1583 urbe
961 1519 1089 1605 longius
1103 1540 1159 1605 prc-

146 1614 249 1700 gressi
272 1637 387 1701 agmen
405 1612 544 1678 hostium
560 1613 671 1699 procul
689 1612 947 1699 conspexissent,
971 1613 1104 1700 opprimi
1116 1635 1158 1700 po·

113 1709 250 1775 atuerit.
294 1709 424 1773 Attalus
446 1708 576 1773 inermis
600 1718 693 1790 atque
715 1706 945 1793 incompositus
964 1729 1061 1774 cursu
1078 1708 1156 1773 effuso

144 1826 231 1868 mare
255 1825 293 1867 ac
314 1825 413 1867 naves
436 1802 529 1889 petit,
558 1813 590 1867 et
611 1801 813 1867 molientibus
832 1802 873 1866 ab
892 1813 979 1867 terra
997 1802 1085 1868 navis
1098 1800 1156 1867 Phi·
1197 1882 1202 1887 ι

145 1896 250 1983 lippus
279 1897 462 1982 supervenit
489 1896 720 1979 tumrdtumque
748 1895 844 1960 etiam
871 1918 912 1961 ex
939 1906 1028 1962 terra
1048 1893 1154 1961 nauticis
1195 1953 1198 1960 .

111 1989 300 2076 spraebuit.
345 1990 419 2055 inde
443 1989 608 2077 Opuntem
627 1990 722 2055 rediit
748 1991 824 2055 deos
851 1990 1064 2077 hominesque
1086 2010 1154 2055 accu-

147 2107 237 2162 sans,
265 2085 350 2168 quod
372 2094 479 2149 tantae
501 2086 547 2149 rei
569 2086 729 2150 fortunam
752 2107 792 2149 ex
814 2085 916 2151 oculis
938 2109 1042 2173 prope
1058 2095 1155 2172 raptam
1192 2136 1202 2173 ;

112 2192 126 2239 9
147 2179 314 2245 amisisset
352 2179 487 2267 Opuntii
505 2202 631 2264 quoque
650 2181 690 2244 ab
709 2181 820 2245 eadem
838 2179 886 2244 ira
903 2179 1068 2268 increpiti,
1085 2176 1154 2264 quod,
1189 2223 1202 2269 ·:

146 2296 217 2339 cum
244 2274 369 2339 trahere
396 2274 594 2339 obsidionem
620 2274 653 2337 in
680 2275 852 2340 adventum
874 2298 970 2339 suum
993 2276 1155 2362 potuissent
1195 2324 1202 2362 ,-

145 2369 214 2434 riso
238 2369 345 2434 statim
368 2368 459 2433 hoste
481 2391 581 2454 prope
604 2369 637 2432 in
659 2368 868 2433 voluntariam
893 2369 1088 2435 deditionem
1102 2390 1156 2433 con

144 2464 327 2529 cessissent.
372 2463 556 2548 compositis
584 2463 669 2527 circa
691 2462 855 2549 Opuntem
881 2464 981 2529 rebus
1006 2461 1157 2529 Thronium

94 2579 127 2625 10
145 2569 195 2624 est
219 2558 392 2644 profectus.
438 2567 470 2622 et
491 2558 622 2622 Attalus
649 2558 751 2643 primo
775 2557 899 2624 Oreum
925 2569 979 2622 est
1006 2558 1158 2646 profectua
1197 2608 1200 2617 .

143 2654 232 2730 inde,
260 2675 332 2717 cum
354 2652 440 2717 fama
463 2652 630 2717 accidisset
651 2651 790 2716 Prusian
811 2651 988 2736 Bithyniae
1014 2649 1159 2740 regemin
1200 2718 1202 2723 ,

143 2747 216 2811 finis
230 2746 321 2854 regni
336 2746 385 2810 sui
400 2758 649 2904 transgressum,
669 2746 795 2811 omissis
809 2747 906 2811 rebus
923 2758 1023 2831 atque
1037 2744 1160 2813 Aetolica
1199 2818 1202 2825 Ι

94 2861 124 2906 11
144 2839 260 2903 bello
251 2863 285 2902 ιιι
302 2840 417 2904 Asiam
440 2840 571 2905 traiecit.
616 2838 833 2926 etSulpicius
856 2840 1025 2926 Aeginam
1047 2841 1161 2906 classem

94 2951 126 2997 12
144 2933 278 3019 recepit,
252 2935 389 2999 tunde
412 2935 501 3000 initio
528 2934 612 2998 veris
616 2863 799 3020 eprofectus
826 2944 904 2999 erat.
949 2935 1041 3000 haud
1065 2934 1161 2999 maiora

146 3028 331 3106 certamine,
368 3051 463 3113 quam
496 3027 565 3115 [ad]
601 3028 766 3114 Opuntem
791 3029 839 3093 At
840 3029 924 3093 talus
958 3026 1159 3116 decert[ar]at

142 3123 312 3209 Philippus
334 3123 511 3188 Thronium
535 3122 627 3209 cepit
671 3123 852 3188 incolebant
873 3124 992 3188 urbem
1015 3149 1084 3191 eam
1103 3142 1160 3209 pro·

144 3218 213 3304 fugi
241 3218 281 3281 ab
303 3217 424 3282 Thebis
446 3217 651 3295 Phthioticis3
678 3218 757 3282 urbe
781 3240 839 3282 sua
865 3229 961 3303 capta
990 3243 1010 3283 a
1031 3217 1160 3303 Philippo

145 3335 217 3376 cum
239 3311 272 3374 in
294 3311 395 3375 fidem.
411 3311 600 3376 Aetolorum
621 3312 852 3398 perfugissent,
880 3313 995 3376 sedem
1017 3313 1056 3377 iis
1074 3306 1162 3377 Aetoli

145 3429 216 3470 eam
238 3406 391 3469 dederant
411 3405 499 3470 urbis
523 3417 666 3471 vastatae
689 3428 726 3470 ao
749 3407 894 3471 desertae
911 3406 1022 3493 priore
1040 3404 1161 3473 eiusdem

94 3523 126 3572 ιι
144 3498 284 3584 Philippi
306 3498 401 3563 bello.
445 3509 513 3563 tum
536 3500 577 3563 ab
594 3499 751 3577 Thronio,
781 3500 862 3564 siout
884 3510 959 3565 ante
985 3502 1161 3573 dictumest,

143 3605 272 3681 recepta
293 3593 455 3680 profectus
478 3594 658 3660 Tithronon
681 3606 713 3660 et
730 3595 899 3672 Drumias,
923 3595 1059 3662 Doridis
1080 3616 1161 3683 pam

145 3701 239 3773 atque
257 3688 410 3773 ignobilia
428 3689 557 3775 oppida,
576 3690 670 3776 cepit.
705 3690 779 3755 inde
792 3689 948 3768 Elatiam,
967 3691 1065 3758 iussis
1082 3690 1122 3757 ihi
1135 3709 1161 3753 sc

93 3805 126 3852 14
144 3784 281 3873 opperiri
294 3784 471 3849 Ptolemaei
484 3786 745 3869 Rhodiorumque
758 3785 889 3872 legatis,
908 3786 1009 3853 venit.
1035 3787 1089 3853 ubi
1104 3804 1161 3851 cum

144 3878 339 3944 definiendo
357 3879 505 3944 Aetolico
523 3880 607 3945 bello
626 3890 773 3965 ageretur
790 3918 817 3928 —
834 3880 1007 3946 adfuerant
1029 3882 1108 3947 enim
1125 3878 1160 3941 le·

143 3972 210 4058 gati
236 3995 337 4059 nuper
363 3974 540 4040 Heracleae
567 3975 700 4040 concilio
726 3974 947 4041 Romanorum
973 3977 1160 4043 Aetolorum·
