2528 4530
109 218 175 286 504
343 223 581 295 mmm,
599 224 700 278 20.ss
720 224 908 294 [anthol]

107 386 260 478 giniensis
282 383 511 452 obtrectatione
532 396 628 468 atque
648 384 780 449 invitlia.
820 383 956 468 neque]

106 483 216 549 unitate
236 480 358 547 nalitus
379 478 444 544 mei
464 492 530 542 tam
548 479 587 543 P.
606 476 716 564 Scipio
736 476 893 543 exultabit
914 489 956 543 aa

108 599 181 645 sere
197 598 294 661 quam
310 575 445 650 Hanno,
471 573 526 656 qni
544 572 674 637 dommn
695 584 853 650 nostram,
880 595 956 656 quar

74 665 639 759 snonpotnit‚ruinaCarthaginis
656 667 836 754 oppressit’
874 667 942 732 iam

108 765 315 855 praesag'ens
345 763 451 827 animo
480 774 726 848 praeparaverat
758 772 833 827 ante
862 786 956 828 naves

107 856 956 944 inutilimilitumturbapraesidiispecieinoppi

108 954 193 1042 not,
219 973 421 1038 maenum
437 953 541 1037 masis
560 951 788 1033 (quamlmetu
806 952 956 1034 numfic'

107 1049 238 1126 bantur,
256 1047 398 1122 dimissa,
416 1045 503 1130 qnod
517 1045 640 1110 roboris
658 1045 694 1109 in
709 1045 851 1110 exacitu
868 1048 956 1110 erat}

76 1166 91 1213 o
109 1142 300 1219 transvexit,
324 1140 434 1205 multis
451 1139 555 1204 Italici
572 1139 715 1225 generis,
740 1139 815 1223 quia
835 1140 870 1203 in
886 1140 956 1204 Affi

108 1251 197 1303 turos
228 1237 404 1302 abnuentes
431 1245 654 1299 concesserant
682 1233 717 1297 in
742 1234 875 1299 Iunonis
900 1234 956 1298 La

108 1331 236 1397 lubrnm
256 1328 443 1395 inviolatum
465 1328 506 1392 ad
528 1351 599 1393 eam
621 1328 720 1406 diem,
749 1328 926 1415 intemplo
951 1330 956 1393 i

76 1426 295 1492 sinterl’eetis.
337 1447 411 1490 raro
436 1445 628 1508 quemqnam
653 1424 751 1488 alium
775 1424 912 1510 patriam
934 1448 956 1491 e:

108 1520 341 1605 relinquentem
364 1531 431 1583 tam
456 1530 615 1582 maestum
636 1517 754 1583 abiisse
775 1519 881 1583 imunt
903 1541 956 1603 qur

109 1614 215 1680 balern
232 1613 373 1680 hostium
393 1625 477 1678 terra
499 1612 715 1678 excedentem
758 1613 940 1700 respexisse

110 1707 172 1774 liae
193 1707 288 1773 litora
309 1720 355 1785 et,
382 1707 460 1772 deos
482 1707 690 1789 hominesque
711 1717 928 1784 accusantem,
955 1733 956 1769 1

76 1820 92 1869 8
110 1823 173 1887 que
190 1823 229 1866 ac
246 1823 339 1866 suum
356 1800 456 1887 ipsius
476 1811 571 1887 caput
583 1813 778 1879 execratum,
795 1800 882 1884 quod
899 1824 956 1865 nor

111 1896 153 1961 ab
179 1892 344 1962 Cannensi
373 1894 506 1960 victcda
535 1894 667 1959 militem
697 1894 834 1960 Romam
865 1895 956 1960 dunis

110 1990 239 2078 pionem
259 1989 307 2055 ire
329 1989 371 2053 ad
393 1987 622 2076 Carthaginem
649 2012 777 2067 ausum,
803 1990 857 2073 qui
884 2012 956 2055 cons

77 2108 91 2154 a
109 2084 255 2151 Poenum
272 2082 306 2147 in
322 2083 417 2148 Italia
433 2106 498 2149 non
515 2084 661 2162 vidisset,
692 2106 727 2149 se
745 2098 871 2150 centum
894 2085 956 2147 mili

111 2192 216 2246 torum
241 2178 283 2243 ad
300 2177 556 2243 Trasumennum
583 2189 638 2243 aut
659 2177 788 2244 Cannas
815 2178 917 2243 eaesis
945 2202 953 2239 ‹

110 2276 211 2342 linum
229 2273 413 2359 Cumasque
437 2285 470 2340 et
490 2274 605 2339 Nolam
627 2274 840 2340 consenuisse.
886 2274 945 2339 hae

111 2393 311 2456 querensque
329 2393 370 2435 ex
387 2369 508 2433 diutina
525 2369 727 2454 possessione
745 2369 855 2434 Italiae
874 2381 924 2434 est

79 2486 91 2531 1
175 2465 278 2530 XXI.
330 2464 468 2530 Romam
499 2487 557 2550 per
587 2464 717 2529 eosdem
748 2464 815 2528 dies
846 2475 879 2527 et
904 2464 932 2528 n

111 2559 327 2624 Hannibalem
345 2558 504 2645 profectos
524 2557 652 2622 allatum
671 2570 728 2624 est.
773 2558 861 2622 euius
881 2559 922 2622 du

110 2653 237 2719 lationis
255 2653 368 2717 minuit
384 2652 550 2730 laetitiam,
569 2663 601 2718 et
619 2653 704 2737 quod
720 2676 832 2738 parum
845 2653 917 2717 duos

112 2746 160 2812 dis
178 2747 232 2825 iis,
252 2768 324 2812 cum
342 2747 376 2811 id
393 2747 577 2811 mandatum
595 2748 635 2811 ab
655 2758 765 2812 senatu
783 2759 882 2823 esset,
901 2771 909 2810 r

76 2860 91 2907 2
111 2839 225 2904 virium
242 2839 392 2905 habuisse
410 2841 599 2906 videbantur
621 2851 652 2905 et
675 2842 759 2925 quod
782 2841 904 2905 solliciti

110 2932 186 2998 belli
211 2932 295 2999 mole
320 2934 354 2997 in
380 2956 477 2999 unum
505 2935 677 2999 exercitum
704 2936 878 3017 ducemque

111 3049 247 3093 evasura
264 3039 350 3094 esset
367 3052 428 3095 res.

76 3141 91 3188 a
173 3123 239 3190 Per
261 3123 391 3190 eosdem
413 3124 481 3190 dies
504 3123 601 3210 legati
620 3123 789 3210 Saguntini
811 3147 881 3187 ven<

110 3240 163 3285 sos
192 3240 264 3284 eum
289 3219 425 3306 pecunia
457 3219 649 3284 adducentes
678 3216 874 3304 Carthagini<

76 3331 92 3377 4
111 3312 317 3379 conducenda
335 3313 452 3378 auxilia
468 3313 501 3377 in
519 3312 710 3399 Hispaniam
728 3312 866 3377 traieciss

110 3419 143 3472 et
160 3407 389 3494 quinquaginta
407 3409 488 3486 nuri,
507 3409 723 3494 octingenttlm
736 3410 840 3493 pondo
856 3436 859 3467 s

75 3501 185 3568 obulo
207 3502 311 3568 curiae
332 3514 516 3590 posuerunt.
560 3503 739 3569 hominibus
762 3524 852 3589 accep

110 3596 259 3676 conditis,
291 3621 367 3663 auro
394 3610 587 3686 argentoque
614 3598 736 3663 reddito
763 3599 842 3684 grati

109 3700 203 3775 atque
215 3690 346 3779 insuper
358 3716 489 3758 munera
503 3694 576 3757 data
590 3714 627 3756 ac
640 3716 753 3770 naves,
773 3693 837 3776 quil

109 3796 350 3851 reverterentur.

75 3894 90 3942 6
173 3877 297 3946 Mentio
325 3880 439 3946 deinde
466 3884 506 3947 ab
533 3882 708 3948 senioribus
732 3882 816 3945 facta

108 3967 209 4036 mines
224 3971 308 4040 bona
326 3997 420 4060 quam
432 3979 516 4043 mala
532 3978 661 4043 sentire:
681 3977 813 4042 transitu
