2528 4514
272 233 390 289 arana
408 233 537 303 annu,
556 234 580 288 a.
595 235 620 290 a.
640 239 678 304 [a.
688 234 718 290 c.
728 235 792 306 215]
985 224 1050 295 167

83 392 164 458 nanis
183 391 305 457 faveret
327 401 359 456 et
379 391 470 476 plebs
493 393 534 457 ad
550 393 677 459 Poenos
699 415 766 458 rem
790 393 933 461 traheret.
978 418 1082 467 earne

83 486 243 553 ensionem
268 485 303 550 in
333 485 410 551 urbe
435 486 570 573 perfuga
600 487 722 552 nuntiat
747 487 888 555 Bruttls:
923 487 1049 557 Aristo·

83 583 160 648 hum
187 604 258 647 esse
288 581 462 668 principem
492 583 594 668 plebis
627 583 858 668 tradendaeque
889 594 1049 652 auctorem

83 702 98 743 s
103 703 111 756 3
130 687 164 744 et
180 677 214 741 in
232 686 323 742 vasta
340 676 417 741 urbe
431 677 555 761 lataque
570 678 716 743 omnibus
730 678 868 745 disiectis
882 681 1047 747 moenibus

83 772 269 837 sstationes
288 771 510 855 custodiasque
535 782 714 837 senatorum
737 795 822 841 esse:
849 796 1047 859 quacumque

83 866 192 931 odiant
209 864 311 951 plebis
330 865 486 944 homines,
511 889 549 931 ea
566 876 673 952 patere
692 868 821 934 aditum.
865 878 992 937 auctore
1010 893 1048 935 ac
1067 887 1100 936 10

83 959 246 1046 eperfuga
263 959 369 1025 Brutti
391 982 505 1025 corona
528 961 692 1025 cinxerunt
713 960 838 1040 urbem,
865 963 1048 1048 acceptique

83 1054 172 1140 plebe
198 1054 301 1138 primo
332 1055 451 1140 impetu
483 1077 607 1121 omnem
638 1064 761 1140 praeter
790 1077 895 1122 arcem
926 1079 1047 1142 cepere.

83 1171 115 1213 m
134 1149 307 1234 optimates
330 1148 477 1214 tenebant
498 1159 682 1234 praeparato
704 1149 768 1213 iam
790 1158 862 1213 ante
890 1150 931 1214 ad
953 1150 1047 1214 talem
1067 1171 1098 1220 11

83 1265 121 1306 un
140 1241 297 1329 perfugio.
335 1243 445 1307 eodem
455 1241 696 1308 Aristomachus
714 1241 868 1330 perfugit,
887 1252 1049 1327 tamquam

83 1337 144 1414 nis,
169 1359 233 1400 non
250 1335 382 1401 Bruttiis
402 1346 510 1401 auctor
528 1336 614 1402 urbis
634 1337 803 1402 tradendae
820 1336 943 1403 fuisset.

83 1430 138 1495 [[Ι.
184 1429 272 1496 Urbs
293 1430 391 1496 Croto
417 1455 541 1495 murum
567 1432 601 1495 in
627 1432 758 1497 circuitu
783 1440 943 1518 patentem
969 1432 1081 1499 duo-1

83 1548 113 1589 m
136 1525 223 1589 milia
244 1548 397 1610 passuum
418 1524 529 1589 habuit
552 1534 624 1591 ante
645 1524 761 1612 Pyrrhi
782 1526 816 1590 in
841 1524 968 1591 Italiam
993 1523 1049 1592 ad·

83 1642 151 1683 um.
177 1630 251 1704 post
269 1620 447 1686 vastitatem
465 1642 502 1685 eo
520 1619 603 1685 bebo
621 1619 738 1685 factam
756 1621 810 1686 vix
827 1642 900 1706 pars
918 1618 1048 1685 dimidia
1066 1641 1081 1689 a

83 1713 226 1779 itabatur:
259 1714 389 1791 flumen,
415 1714 502 1797 quod
524 1713 628 1779 medio
651 1715 768 1802 oppido
784 1714 932 1793 fluxerat,
960 1724 1048 1779 extra

83 1807 190 1890 nentia
208 1809 297 1872 tectis
315 1808 385 1873 loca
402 1807 651 1893 praeterfluebat,
670 1818 702 1873 et
716 1833 772 1874 arx
785 1808 894 1894 procul
907 1808 953 1873 eis
967 1830 1048 1893 quae

83 1900 246 1967 itabantur.
290 1902 428 1966 sedecim
445 1902 532 1966 milia
548 1901 658 1969 aberat
674 1901 737 1989 (in)
755 1902 832 1969 urbe
855 1902 954 1969 nobili
971 1912 1082 1972 tem-a

83 2019 103 2061 n
118 1995 190 2082 ipsa
209 1994 285 2061 urbe
303 1996 438 2061 nobilius
456 1996 608 2061 Laciniae
626 1996 767 2075 Iunonis,
787 2007 931 2063 sanctum
949 1996 1049 2063 omni-

102 2090 183 2155 circa
210 2090 344 2175 populis.
390 2090 479 2154 lucus
502 2089 547 2155 ibi
569 2090 724 2174 frequenti
747 2090 826 2156 silva
853 2100 885 2156 et
910 2091 1048 2177 proceris
1067 2113 1084 2160 4

83 2185 126 2251 etis
153 2184 317 2250 arboribus
345 2195 472 2270 saeptus
499 2185 581 2250 laeta
606 2186 639 2250 in
662 2185 764 2251 medio
787 2208 906 2270 pascua
928 2185 1047 2263 habuit,

83 2279 190 2344 tunnis
209 2279 332 2365 generis
352 2301 476 2345 sacrum
495 2279 571 2345 deae
589 2301 686 2365 pecus
699 2278 887 2364 pascebatur
900 2279 967 2344 sine
984 2279 1049 2344 ullo

83 2380 155 2453 itm
183 2367 414 2460 separatimque
436 2396 549 2460 greges
572 2374 622 2439 sui
640 2374 792 2457 cuiusque
813 2373 938 2459 generis
957 2382 1083 2442 noctes
1152 2418 1156 2424 ·

83 2467 197 2535 cabant
222 2469 264 2533 ad
291 2468 413 2533 stabula
442 2489 614 2552 numquam
644 2467 766 2535 insidiis
797 2466 949 2544 ferarum,
985 2487 1050 2532 non

83 2561 129 2627 lde
145 2562 253 2629 violati
275 2562 446 2628 hominum.
491 2563 599 2649 magni
620 2562 716 2649 igitur
737 2560 859 2627 fructus
882 2583 923 2626 ex
940 2581 978 2626 eo
994 2582 1051 2646 pe-
1068 2581 1083 2628 6

83 2657 195 2742 rcapti
217 2657 424 2741 columnaque
446 2655 520 2721 inde
541 2679 638 2722 aurea
660 2655 761 2722 solida
778 2655 861 2721 sacta
879 2663 911 2721 et
928 2662 1050 2720 sacrata

115 2750 330 2837 inclytumque
358 2752 509 2838 templum
541 2751 657 2817 divitiis
690 2751 798 2831 etiam,
834 2773 898 2817 non
929 2759 1051 2816 tantum

83 2845 181 2911 ctitate
200 2845 268 2910 fuit.
305 2868 342 2910 ac
360 2846 511 2911 miracula
528 2847 634 2931 aliqua
650 2846 828 2933 adfingunt,
856 2855 892 2911 ut
913 2844 1084 2930 plerum-⁷

99 2949 162 3006 tam
178 2940 357 3026 insignibus
374 2940 462 3007 locis.
507 2940 623 3007 famast
645 2965 732 3009 aram
754 2962 824 3006 esse
842 2940 874 3004 in
892 2937 1049 3004 vestibulo

83 3034 141 3120 pli,
168 3036 257 3100 cuius
277 3028 413 3101 cinerem
430 3035 516 3100 nullo
540 3057 690 3119 umquam
712 3034 831 3100 moveri
855 3043 956 3097 vento.
1003 3039 1085 3098 sets

95 3129 255 3209 Crotonis,
283 3154 346 3196 una
367 3142 455 3217 parte
478 3131 645 3195 imminens
668 3131 760 3209 mari,
787 3129 884 3194 altera
901 3134 1051 3212 vergente

83 3247 196 3312 tgrum,
224 3226 287 3290 situ
309 3235 430 3290 tantum
448 3225 581 3290 naturali
603 3225 761 3309 quondam
779 3222 913 3299 munita,
940 3229 1052 3305 postea

83 3341 158 3385 nuro
176 3320 322 3397 cinctast,
350 3342 413 3404 qua
429 3342 486 3405 per
503 3341 630 3385 aversas
653 3341 746 3405 rupes
764 3316 804 3382 ab
822 3313 981 3401 Dionysio
1000 3310 1052 3379 Si-

83 3434 111 3477 te
128 3423 260 3499 tyranno
277 3436 335 3500 per
353 3413 459 3479 dolum
477 3413 579 3478 fuerat
597 3423 696 3500 capta.
733 3435 770 3477 ea
788 3420 856 3475 tum
873 3431 954 3488 arce,
974 3407 1050 3474 satis
1071 3428 1085 3476 a

83 3506 235 3573 ridebatur
252 3518 328 3587 tuta,
348 3507 566 3574 Crotoniatum
583 3509 747 3594 optimates
766 3505 913 3572 tenebant
930 3526 974 3582 se,
994 3503 1052 3568 cir·

83 3603 223 3668 medente
241 3625 314 3668 cum
331 3602 463 3668 Bruttiis
483 3625 537 3667 eos
556 3603 648 3668 etiam
671 3601 762 3688 plebe
781 3623 847 3666 sua.
893 3607 1051 3684 postremo
1072 3605 1105 3654 10

83 3697 139 3777 oti,
166 3719 240 3762 cum
258 3697 325 3761 suis
344 3697 462 3762 viribus
481 3695 756 3783 inexpugnabilem
776 3695 915 3760 viderent
937 3712 1051 3767 arcem,
1117 3709 1118 3712 ’

83 3792 121 3857 cti
136 3792 326 3858 necessitate
344 3791 511 3857 Hannonis
530 3792 681 3856 auxilium
697 3788 863 3874 inplorant.
896 3786 926 3853 is
945 3784 1052 3851 condi·
1071 3804 1103 3853 11

83 3885 163 3953 tibus
191 3886 234 3951 ad
259 3886 450 3953 deditionem
477 3886 662 3973 compellere
686 3883 884 3950 Crotoniates
911 3889 1051 3956 conatus,

83 3982 235 4050 coloniam
252 3981 448 4049 Bruttiorum
470 4005 508 4048 eo
530 3981 643 4047 deduci
665 3980 888 4063 antiquamque
906 3974 1053 4060 frequen·
