2528 4514
332 237 446 292 amna
464 238 574 308 xxvr,
594 239 682 292 3-5.
703 237 854 308 [acan]
1041 228 1104 294 269

104 393 222 466 beasset
245 392 365 458 Fulvius
395 403 625 480 negassentque
650 405 754 481 patres
782 416 799 459 e
826 417 858 459 re
883 395 1009 481 publica
1034 418 1104 463 esse

98 479 219 552 abscedi
236 509 252 550 a
270 485 388 571 Capua,
410 496 577 572 postquam
595 488 661 553 dies
681 489 875 554 comitiorum
893 488 1013 568 aderat,
1042 488 1102 555 Cn.
1123 509 1154 558 12

95 562 219 645 Fulvius
238 579 390 644 exulatum
407 579 594 664 Tarquinios
614 581 697 646 abiit.
741 582 775 645 id
792 583 820 646 ei
837 582 955 648 iustum
978 583 1104 647 exilium

95 683 158 739 {sse
175 672 262 738 scivit
278 671 376 758 plebs.

146 766 228 832 ΠΗ.
269 766 356 830 Inter
379 765 457 830 haec
483 766 531 831 vis
558 768 658 833 omnis
684 767 759 833 belli
783 791 875 834 versa
899 771 933 835 in
960 767 1136 856 Capuamr

95 870 156 926 arat.
202 858 401 924 obsidebatur
418 868 522 924 tamen
539 861 640 927 acrius
659 882 753 946 quam
771 863 1023 950 oppugnabatur3
1046 886 1104 929 nec

95 964 134 1021 tut
152 953 269 1019 famem
287 953 417 1018 tolerare
436 954 561 1019 servitia
582 977 619 1020 ac
639 954 730 1040 plebs
751 965 895 1042 poterant
912 967 966 1022 aut
983 957 1103 1023 mittere

95 1048 204 1113 tuntios
224 1048 264 1111 ad
272 1045 484 1112 Hannibalem
501 1069 557 1133 per
575 1049 733 1115 custodias
751 1059 815 1114 tam
833 1059 925 1114 artas.
958 1050 1103 1117 inventus
1122 1073 1137 1119 2

95 1151 132 1206 est
150 1139 300 1218 Numida,
328 1141 381 1224 qui
403 1141 538 1226 acceptis
560 1142 670 1207 litteris
697 1165 864 1208 evasurum
887 1165 920 1208 se
942 1142 1103 1228 professus

95 1243 250 1300 ›raestaret
276 1233 474 1319 promissum.
518 1257 575 1320 per
599 1234 702 1300 media
723 1236 867 1302 Romana
889 1245 991 1301 eastra
1012 1244 1103 1301 nocto

95 1351 225 1418 gressus
253 1350 341 1413 spem
368 1328 508 1393 accendit
535 1327 720 1414 Campanis,
748 1331 823 1395 dum
849 1329 966 1413 aliquid
991 1329 1104 1394 virium

95 1431 257 1510 aperesset
274 1420 314 1487 ab
333 1422 418 1486 omni
435 1431 522 1507 parte
541 1424 735 1508 eruptionem
747 1423 929 1509 temptandi.
966 1433 1103 1488 ceterum
1122 1443 1137 1490 3

95 1543 100 1581 ι
124 1515 237 1580 multis
260 1515 480 1581 certaminibus
508 1518 663 1600 equestria
688 1518 806 1603 proelia
832 1518 929 1582 ferme
955 1518 1105 1603 prospera

95 1608 248 1687 aiebant,
283 1610 405 1695 pedites
437 1609 671 1695 superabantur.
725 1612 781 1677 sed
810 1632 1008 1694 nequaquam
1040 1620 1105 1675 tam

95 1713 193 1769 retum
215 1704 340 1767 vincere
362 1725 455 1787 quam
477 1704 564 1768 triste
591 1704 674 1768 vinci
700 1705 765 1768 ulla
789 1714 877 1790 parte
900 1713 964 1769 erat
986 1703 1026 1770 ab
1049 1703 1105 1769 ob-

95 1819 162 1862 esso
183 1807 215 1860 et
237 1818 334 1881 prope
357 1806 536 1883 expugnato
557 1796 657 1862 hoste.
701 1798 779 1862 inita
800 1796 926 1862 tandem
947 1798 1027 1863 ratio
1045 1807 1101 1875 est,
1121 1818 1138 1864 4

95 1901 108 1955 t
131 1891 219 1974 quod
242 1889 360 1954 viribus
383 1890 487 1954 deerat
509 1900 574 1955 arte
597 1902 790 1974 aequaretur.
835 1913 875 1956 ex
896 1889 1041 1957 omnibus
1057 1891 1103 1956 le-

95 1983 223 2066 ionibus
251 1983 341 2048 electi
367 1993 439 2047 sunt
464 1984 593 2049 iuvenes
620 1985 756 2050 maxime
782 1986 890 2072 vigore
915 2007 952 2050 ac
977 1986 1104 2052 levitate

95 2099 242 2164 orporum
264 2076 401 2143 veloces:
429 2077 473 2142 eis
496 2100 623 2163 parmae
646 2078 802 2144 breviores
826 2101 920 2163 quam
943 2089 1102 2163 equestres

95 2183 103 2238 t
131 2181 263 2258 septena
288 2169 390 2236 iacula
416 2180 582 2256 quaternos
613 2171 708 2259 longa
737 2173 834 2258 pedes
865 2173 939 2237 data
964 2173 1103 2258 praefixa

95 2289 171 2345 arro,
193 2265 283 2350 quale
301 2266 399 2330 hastis
417 2264 597 2331 velitaribus
614 2265 706 2330 inest.
734 2288 788 2331 eos
804 2266 944 2352 singulos
957 2266 990 2329 in
1003 2286 1101 2348 equos
1120 2287 1135 2332 5

95 2383 148 2427 ros
173 2360 361 2444 accipientes
385 2359 504 2442 equites
527 2359 767 2425 adsuefecerunt
789 2370 820 2424 et
841 2357 914 2423 vehi
934 2365 1006 2442 post
1032 2378 1102 2421 sese

95 2467 103 2519 t
121 2453 249 2520 desilire
265 2454 445 2538 perniciter,
464 2454 519 2517 ubi
537 2455 644 2518 datum
663 2455 788 2540 signum
806 2461 899 2518 esset.
934 2460 1102 2536 postquam
1120 2472 1137 2520 t

95 2547 281 2614 dsuetudine
305 2547 457 2611 cotidiana
481 2548 555 2612 satis
582 2548 734 2633 intrepide
759 2547 827 2611 fieri
852 2547 956 2610 visum
981 2552 1042 2622 est,
1069 2544 1103 2608 in

95 2663 236 2727 ampum‚
264 2641 318 2723 qui
344 2641 465 2705 medius
492 2641 573 2705 inter
598 2651 700 2707 castra
725 2661 910 2724 murumque
937 2648 1016 2716 erat,
1048 2637 1102 2702 ad·

95 2757 185 2799 ersus
211 2735 379 2798 instructos
408 2733 641 2820 Campanorum
667 2735 786 2819 equites
811 2741 1042 2820 processerunt,
1071 2741 1135 2801 etr

95 2827 128 2893 bi
146 2827 189 2892 ad
207 2827 381 2891 coniectum
399 2827 452 2892 teli
470 2837 598 2892 ventum
617 2838 664 2893 est
687 2829 778 2914 signo
795 2829 869 2893 dato
891 2827 1001 2893 velites
1019 2826 1102 2892 desi-

95 2930 162 2985 unt.
207 2921 360 3005 pedestris
387 2921 460 2986 inde
490 2921 573 2986 acies
600 2944 641 2986 ex
666 2923 805 3006 equitatu
834 2931 961 3008 repente
986 2921 1020 2985 in
1045 2920 1102 2986 ho-

95 3015 171 3078 ium
194 3015 314 3097 equites
336 3015 477 3093 incurrit,
503 3014 667 3098 iaculaque
689 3036 762 3080 cum
783 3016 903 3101 impetu
924 3015 985 3079 alia
1008 3035 1102 3099 super
1143 3036 1146 3041 ’

95 3109 133 3173 lia
152 3109 308 3172 emittunt.
353 3107 465 3191 quibus
483 3108 624 3194 plurimis
646 3110 679 3173 in
701 3130 798 3193 equos
821 3109 966 3191 virosque
982 3109 1102 3192 passim
1119 3128 1135 3176 8

95 3202 224 3267 iniectis
241 3202 412 3286 permultos
431 3203 682 3279 volneraverunt,
707 3204 832 3288 pavoris
851 3211 955 3265 tamen
972 3198 1044 3285 plus
1062 3219 1102 3263 ex

95 3318 104 3361 a
131 3319 217 3360 nova
242 3305 336 3378 atque
361 3296 521 3381 inopinata
545 3297 694 3361 iniectum
720 3306 782 3373 est,
810 3304 840 3359 et
865 3295 898 3358 in
923 3292 1102 3379 perculsum

95 3399 199 3455 ostem
226 3389 345 3472 equites
371 3389 486 3454 invecti
512 3389 622 3477 fugam
648 3399 846 3476 stragemque
873 3410 979 3452 eorum
1000 3407 1101 3471 usque

95 3487 112 3550 d
137 3493 247 3570 portas
273 3483 423 3549 fecerunt.
471 3485 544 3550 inde
570 3486 709 3570 equitatu
730 3506 854 3568 quoque
877 3483 1017 3567 superior
1037 3482 1133 3550 lto-o

95 3601 167 3643 rana
185 3599 237 3642 res
256 3577 324 3642 fuit.
369 3578 545 3642 institutum
563 3589 598 3643 ut
615 3580 723 3644 velites
741 3579 774 3642 in
792 3575 967 3664 legionibus
985 3585 1099 3640 essent.
1121 3595 1152 3643 10

95 3682 235 3737 notorem
257 3672 396 3756 peditum
420 3673 516 3756 equiti
537 3672 799 3738 inmiscendorum
825 3669 1036 3735 centurionem
1059 3667 1099 3752 Q.

95 3765 211 3831 'avium
229 3763 332 3829 fenmt
350 3766 520 3850 honorique
538 3769 570 3831 id
588 3767 617 3831 ei
635 3767 718 3852 apud
734 3766 950 3850 imperatorem
969 3763 1078 3829 fuisse.

137 3857 179 3923 V.
220 3856 301 3923 Cum
319 3861 352 3923 in
369 3860 430 3924 hoc
449 3869 531 3924 statu
550 3861 589 3925 ad
608 3859 751 3943 Capuam
768 3880 818 3923 res
836 3867 954 3936 essent,
977 3857 1100 3923 Hanni-
1119 3880 1145 3926 1‘

95 3953 177 4018 alem
206 3952 364 4019 diversum
391 3954 578 4019 Tarentinae
604 3953 682 4019 arcis
713 3952 882 4039 potiundae
908 3950 1099 4039 Capuaeque
