2528 4530
122 244 144 314 2
385 256 502 312 arena
520 255 606 322 xxi,
624 254 649 310 1.
664 253 688 308 a.
709 253 783 325 [au.
795 251 890 322 aare]

123 417 198 483 victi
224 416 305 481 ultro
331 414 481 479 inferrent
507 437 605 490 arma,
637 410 768 489 Poenis,
801 409 886 494 quod
917 407 1052 494 superbe

91 535 108 582 4
125 535 221 596 reque
243 511 404 576 crederent
424 509 636 594 imperitatum
657 506 747 572 victis
766 528 851 583 esse3
874 504 960 569 fama
978 515 1026 569 est
1051 514 1084 569 et}

123 605 338 672 Hannibalem
356 625 509 668 annorum
527 601 626 666 ferme
639 622 754 666 novem
766 599 926 685 pueriliter
943 599 1084 665 blandier

123 703 205 790 patri
221 699 405 777 Hamilcari,
424 706 460 762 ut
478 698 642 761 duceretur
659 698 693 760 in
705 696 905 781 Hispaniam,
925 717 996 760 cum
1014 697 1084 781 perl

124 796 237 862 Africo
259 794 341 860 bello
365 793 535 857 exercitum
558 814 595 856 eo
619 792 803 856 traiecturus
822 789 1024 869 sacrificaret,
1054 791 1083 855 al

125 890 186 956 bus
204 890 365 955 admotum
383 887 473 952 tactis
493 885 591 951 sacris
608 885 675 949 iure
693 885 824 949 iurando
843 885 1002 964 adactum,
1032 909 1066 951 se

92 986 265 1070 aprimum
281 991 390 1068 posset
416 981 540 1045 hostem
571 979 638 1044 fore
660 978 776 1064 populo
799 979 953 1044 Romane.
999 981 1084 1067 ange

125 1078 262 1164 ingentis
281 1076 408 1162 spiritus
426 1075 529 1141 virum
549 1071 657 1139 Sicilia
676 1071 883 1156 Sardiniaque
906 1074 1056 1140 amissae:

126 1181 157 1236 et
176 1169 317 1237 Siciliam
334 1169 427 1234 nimis
447 1167 540 1234 celeri
562 1166 779 1252 desperatione
801 1189 906 1232 rerum
925 1189 1084 1235 concessor

128 1263 306 1330 Sardiniam
327 1263 408 1328 inter
432 1271 553 1327 motum
574 1259 704 1326 Africae
731 1260 841 1327 fraude
863 1261 1080 1329 Romanorum

124 1360 240 1446 pendio
259 1359 352 1424 etiam
370 1359 498 1443 insuper
515 1356 651 1442 inposito
669 1357 882 1443 interceptam.

95 1477 107 1522 1
192 1455 238 1520 H.
273 1453 336 1519 His
360 1453 472 1518 anxius
495 1452 578 1517 curis
600 1451 644 1516 ita
667 1463 700 1516 se
723 1449 835 1517 Africo
861 1451 959 1532 bello,
987 1455 1073 1538 quod

128 1548 188 1614 sub
210 1557 367 1614 recentem
387 1547 566 1613 Romanam
587 1569 713 1632 pacem,
735 1570 792 1634 per
813 1547 951 1632 quinque
975 1573 1084 1630 annos,

127 1643 239 1708 deinde
256 1663 370 1708 novem
388 1641 477 1706 annis
495 1641 529 1705 in
545 1640 703 1726 Hispania
725 1643 870 1729 augendo
888 1641 1010 1710 Punico
1028 1645 1084 1731 imp

94 1756 108 1802 2
126 1737 239 1825 gessit,
262 1744 297 1801 ut
315 1743 494 1822 appareret,
518 1735 620 1800 maius
640 1758 712 1800 eum
730 1758 825 1820 quam
848 1737 933 1821 quod
950 1748 1074 1826 gereret

127 1841 193 1897 tare
214 1831 249 1894 in
270 1830 374 1895 animo
396 1828 514 1895 bellum
537 1838 581 1907 et,
609 1830 636 1894 si
659 1830 776 1896 diutius
803 1831 948 1910 vixisset,
975 1833 1084 1898 Hamil

127 1925 207 1989 duce
224 1922 350 1990 Poenos
368 1946 455 1989 arma
472 1923 583 1989 Italiae
600 1923 752 1990 inlaturos
770 1925 879 2005 fuisse,
899 1927 950 1992 cui
967 1927 1084 1993 Hannil

127 2018 224 2083 ductu
240 2018 440 2083 intulerunt.-

93 2133 108 2180 3
190 2111 281 2176 Mors
299 2110 490 2178 Hamilcaris
511 2122 744 2198 peropportuna
767 2123 798 2178 et
818 2114 951 2199 pueritia
968 2114 1084 2180 Hanni]

128 2205 315 2270 distulerunt
340 2206 468 2272 bellum.
512 2207 635 2271 medius
658 2205 843 2291 Hasdrubal
869 2209 949 2272 inter
974 2218 1084 2294 patren

126 2299 227 2364 filium
244 2309 314 2366 octo
333 2300 432 2365 ferme
454 2323 554 2365 annos
577 2301 743 2386 imperium
766 2301 915 2380 obtinuit,
943 2303 1019 2367 flore
1038 2313 1084 2368 act

92 2394 173 2459 tuti
199 2393 317 2472 ferunt,
343 2395 445 2480 primo
467 2393 643 2459 Hamilcari
670 2394 868 2473 conciliatus,
896 2418 994 2482 gener
1020 2398 1084 2462 inde

126 2487 222 2552 altam
246 2488 383 2553 indolem
411 2487 566 2574 (profecto
589 2488 698 2574 animi)
725 2489 863 2553 adscitus
892 2499 935 2568 et,
963 2490 1039 2573 quia
1064 2516 1084 2578 g

126 2590 202 2658 erat,
221 2582 367 2647 factionis
379 2581 534 2646 Barcinae
553 2581 675 2667 opibus,
694 2604 774 2666 quae
788 2582 873 2668 apud
885 2583 1001 2648 milites
1018 2585 1084 2670 plel

126 2696 188 2759 que
205 2675 278 2759 plus
296 2697 391 2759 quam
408 2676 550 2741 modicae
569 2686 668 2750 erant,
693 2676 779 2741 haud
798 2700 874 2743 sane
896 2678 1058 2744 voluntate
1074 2703 1084 2765 q

93 2789 108 2836 o
127 2769 233 2853 cipum
249 2769 282 2833 in
299 2770 430 2855 imperio
443 2771 575 2856 positus.
602 2770 630 2836 is
643 2771 734 2857 plura
747 2772 876 2839 consilio
890 2796 986 2856 quam
1000 2776 1033 2839 vi
1047 2798 1084 2861 ge

4 2900 9 2908 ·
126 2862 271 2947 hospitiis
293 2865 394 2950 magis
416 2865 597 2952 regulorum
620 2865 884 2951 conciliandisque
910 2890 968 2953 per
990 2870 1084 2934 amici

95 3009 97 3015 .
127 2956 303 3042 principum
320 2959 410 3025 novis
429 2958 576 3046 gentibus
594 2981 691 3044 quam
708 2960 790 3027 bello
809 2971 863 3026 aut
881 2962 977 3028 armis
993 2987 1062 3029 rem
1081 2976 1084 3015 t

95 3069 109 3117 6
128 3050 356 3138 thaginiensem
374 3055 471 3119 auxit.
498 3063 637 3120 'ceterum
653 3054 751 3120 nihilo
770 3056 799 3120 ei
810 3078 874 3141 pax
888 3056 983 3123 tutior
995 3057 1070 3123 fuit:

127 3147 222 3214 barus
241 3171 313 3214 eum
330 3150 459 3234 quidam
475 3149 580 3237 palam
598 3150 639 3217 ob
656 3151 736 3216 iram
753 3151 909 3217 interfecit
926 3152 967 3218 ab
986 3174 1024 3218 eo
1043 3155 1082 3219 do

128 3242 317 3321 obtruncati,
345 3266 601 3330 conprensusque
624 3244 665 3312 ab
689 3246 963 3314 circumstantibus
990 3248 1077 3313 haud

128 3359 223 3423 quam
237 3337 264 3405 si
277 3337 430 3404 evasisset
442 3337 541 3418 vultu,
560 3340 723 3406 tormentis
736 3361 862 3424 quoque
875 3362 948 3406 cum
961 3341 1084 3408 laceran

128 3452 167 3497 eo
184 3431 245 3496 fuit
261 3431 372 3497 habitu
394 3433 471 3511 oris,
498 3442 535 3498 ut
556 3442 723 3520 superante
746 3434 864 3500 laetitia
885 3435 1008 3503 dolores
1031 3438 1084 3502 rid

129 3527 223 3593 etiam
241 3527 379 3614 speciem
395 3525 583 3613 praebuerit.

96 3641 109 3687 r
193 3620 278 3687 Cum
295 3621 356 3688 hoo
372 3620 585 3701 Hasdrubale,
604 3619 679 3706 quia
695 3621 793 3688 mirae
810 3622 886 3689 artis
903 3624 936 3690 in
955 3622 1084 3690 sollicita

128 3716 274 3803 gentibus
295 3715 490 3803 imperioque
512 3737 571 3781 suo
592 3714 760 3802 iungendis
786 3715 902 3796 fuerat,
930 3716 1045 3784 foedus
1070 3744 1084 3785 r

128 3819 256 3876 vaverat
273 3811 409 3897 populus
422 3810 596 3888 Romanus,
615 3819 651 3875 ut
668 3809 739 3877 finis
757 3811 920 3896 utriusque
937 3813 1084 3899 imperii<

129 3905 230 3970 amnis
252 3904 393 3972 Hiberus
417 3903 665 3994 Saguntinisque
687 3906 799 3973 mediis
820 3907 903 3973 inter
926 3907 1060 3994 imperia
1083 3943 1084 3960 κ

129 4020 199 4063 rum
215 3999 404 4086 populorum
420 3999 548 4067 libertas
566 4010 704 4068 servaret
742 4051 750 4067 .
