2528 4514
139 200 214 301 «128¹
357 242 475 299 ursan
492 238 635 310 xxvio,
653 239 695 294 aa
710 238 752 293 40.
772 240 848 307 [au.
859 238 961 308 essa]

140 404 174 470 id
190 404 237 469 uti
254 400 440 490 permittatis
459 419 665 483 quaesumus,
684 396 807 480 utique,
827 396 855 460 si
871 395 966 462 vobis
984 395 1028 460 ita
1044 397 1069 460 vi

23 556 30 573 .
141 520 222 584 quae
250 495 342 562 nobis
367 494 572 580 imperatores
599 491 698 557 vostri
724 490 895 555 commoda
920 489 1069 555 tribuerur

142 602 210 657 rata
227 599 321 674 atque
338 595 490 673 perpetua
507 585 690 650 auctoritate
708 591 814 649 vestra
831 583 982 650 faciatis?

92 711 123 758 17
208 683 345 750 Senatus
372 682 485 769 legatis
510 677 695 766 Saguntinis
722 679 901 764 respondit,
928 689 964 744 et
986 679 1069 743 dirut

142 778 321 845 restitutum
341 774 519 863 Saguntum
541 773 615 838 fidei
637 772 762 838 socialis
785 775 945 858 utrimque
965 785 1069 839 servat

94 894 125 942 18
144 880 324 938 cumentum
343 868 489 935 omnibus
507 867 654 954 gentibus
672 866 754 932 fore:
778 889 853 933 suos
872 868 1069 954 imperatores

144 978 176 1032 et
193 965 301 1030 ordine
319 974 351 1029 et
368 986 408 1029 ex
425 962 585 1028 voluntate
603 971 731 1027 senatus
747 961 878 1040 fecisse,
898 964 988 1047 quod
1003 960 1069 1048 Saga

144 1058 335 1126 restituerint
353 1057 501 1141 civesque
516 1055 710 1144 Saguntinos
730 1056 857 1122 servitio
876 1058 1063 1134 exemerint3

143 1175 205 1240 que
223 1152 284 1218 alia
303 1152 348 1217 eis
367 1151 504 1238 benigne
515 1150 660 1228 fecerint,
680 1173 719 1215 ea
731 1160 877 1215 senatum
891 1151 936 1216 ita
951 1151 1069 1216 voluisa

94 1249 263 1319 redonum
286 1246 466 1332 permittere
487 1254 523 1309 ut
544 1244 577 1308 in
600 1242 757 1330 Capitolio
783 1257 947 1331 ponerent.
992 1245 1069 1310 locus

144 1342 303 1424 lautiaque
321 1339 433 1427 legatis
451 1338 595 1425 praeberi
612 1339 712 1416 iussa,
732 1349 763 1403 et
777 1341 916 1407 muneris
931 1341 1000 1405 dari
1016 1362 1069 1404 nei

93 1460 128 1506 ‘ro
145 1436 227 1501 dena
252 1435 339 1499 milia
364 1434 454 1499 aeris.
499 1433 672 1519 legationes
699 1434 812 1499 deinde
836 1445 960 1500 ceterae
982 1436 1013 1499 in
1033 1457 1069 1499 ser

94 1552 126 1601 21
145 1529 339 1594 introductae
375 1528 571 1612 auditaeque.
624 1538 656 1593 et
685 1528 865 1614 petentibus
898 1527 1069 1617 Saguntinis

146 1635 300 1710 quatenus
315 1633 383 1689 tuto
396 1633 542 1710 possent,
560 1623 687 1689 Italiam
701 1634 877 1710 spectatum
889 1625 984 1704 irent,
1002 1626 1069 1689 duce

146 1719 330 1805 litteraeque
351 1740 408 1804 per
426 1718 543 1804 oppida
560 1719 691 1797 missae,
714 1728 750 1784 ut
766 1718 932 1806 Hispanos
951 1719 1067 1785 comiter

95 1834 128 1883 22
146 1825 265 1900 perent.
310 1825 377 1879 tum
395 1814 434 1878 de
451 1836 486 1878 re
503 1813 643 1899 publica,
667 1814 706 1879 de
725 1815 913 1881 exercitibus
934 1813 1069 1880 scribendi

148 1908 317 1993 provinciis
335 1908 477 1973 relatum.

115 2023 128 2068 1
211 2001 370 2066 XXXX.
409 2001 492 2066 Cum
506 2002 651 2067 Africam
664 2024 778 2067 novam
793 2003 987 2088 provinciam
1004 2011 1069 2066 extra

148 2105 211 2160 tem
233 2096 272 2161 P.
293 2094 434 2182 Scipioni
460 2097 610 2162 destinari
635 2097 778 2162 homines
805 2097 892 2162 lama
918 2098 1029 2163 ferrent
1046 2105 1069 2160 et

147 2190 233 2255 nulla
249 2191 313 2256 iam
332 2191 454 2255 modica
471 2190 571 2277 gloria
589 2202 753 2256 contentus
767 2213 830 2256 non
844 2193 885 2256 ad
898 2193 1069 2278 gerendum]

147 2284 279 2364 bellum,
300 2287 355 2351 sed
373 2287 414 2350 ad
431 2286 602 2350 finiendum
620 2287 736 2351 diceret
754 2309 788 2352 se
807 2288 968 2352 consulem
986 2285 1069 2351 declar

114 2399 129 2446 2
148 2403 232 2459 esse,
256 2404 357 2466 neque
376 2381 465 2446 aliter
482 2381 514 2445 id
532 2381 599 2444 fieri
616 2403 710 2466 posse
729 2404 824 2465 quam
843 2383 870 2447 si
892 2383 961 2467 ipse
982 2382 1012 2446 in
1026 2378 1069 2443 lla

148 2477 319 2541 exercitum
333 2485 569 2560 transportaret,
589 2487 730 2540 acturum
745 2500 779 2542 se
792 2477 825 2541 id
838 2499 895 2562 per
908 2476 1046 2564 populum
1055 2495 1069 2554 a

147 2571 255 2649 ferret,
284 2571 312 2635 si
330 2580 457 2635 senatus
477 2570 702 2648 adversaretur,
721 2571 813 2635 -id
832 2572 996 2637 consilium
1013 2565 1069 2634 haul

148 2685 241 2748 quam
261 2664 449 2749 primoribus
467 2674 591 2749 patrum
610 2686 681 2729 cum
698 2665 850 2749 placeret,
874 2668 969 2731 ceteri
985 2683 1069 2752 pern

148 2768 203 2820 aut
225 2756 425 2822 ambitionem
448 2768 638 2836 mussarent‚
665 2758 705 2841 Q.
724 2758 844 2824 Fabius
864 2761 1019 2826 Maximus
1038 2773 1069 2837 rog

114 2872 130 2918 3
150 2851 349 2916 sententiam:
369 2853 449 2917 ‘scio
463 2852 568 2917 multis
587 2863 726 2917 vestrum
744 2854 857 2931 videri,
877 2864 980 2940 patres
997 2867 1069 2917 conse]

149 2966 214 3008 rem
237 2955 337 3010 actam
356 2946 504 3012 hodierno
523 2947 573 3011 die
591 2948 657 3034 agi,
683 2958 714 3012 et
731 2948 848 3013 frustra
865 2949 1034 3014 habiturum
1047 2962 1069 3005 or

148 3061 220 3104 nem
243 3041 296 3124 qui
315 3050 475 3124 tamquam
494 3041 533 3104 de
552 3041 724 3128 integrare
742 3043 781 3107 de
800 3041 913 3107 Africa
930 3037 1063 3129 provincia

114 3135 277 3199 stantiam
299 3134 421 3199 dixerit.
468 3156 527 3221 ego
550 3146 655 3200 autem
678 3137 814 3221 primum
835 3137 915 3201 illud
936 3139 1069 3223 ignorat

148 3229 189 3292 ad
211 3229 340 3293 modum
363 3237 448 3293 certa
465 3230 528 3293 iam
545 3230 708 3319 provincia
724 3231 837 3294 Africa
855 3231 990 3296 consulis
1006 3217 1069 3292 uiril

148 3343 186 3385 ac
209 3323 327 3386 strenui
350 3323 403 3399 sit,
431 3344 525 3406 quam
548 3345 606 3388 nec
625 3334 751 3389 senatus
770 3326 893 3390 censuit
910 3326 943 3389 in
960 3325 1032 3388 hunc
1044 3335 1069 3380 sn

115 3436 130 3481 5
148 3416 342 3499 provinciam
361 3437 432 3480 esse
450 3438 508 3481 nec
526 3417 661 3502 populus
679 3419 780 3483 iussit.
825 3419 953 3497 deiude,
976 3416 1000 3482 si
1016 3420 1060 3484 cst,

149 3508 249 3573 sulem
271 3531 401 3595 peccare
423 3510 563 3589 arbitror,
592 3513 647 3596 qui
665 3513 704 3579 de
721 3536 756 3578 rs
774 3523 933 3579 transacta
950 3498 1069 3578 simulat

147 3602 263 3668 referre
282 3614 425 3668 senatum
443 3604 576 3670 ludibrio
595 3607 702 3685 habet,
721 3632 785 3674 non
804 3620 977 3675 senatorem
994 3599 1069 3670 modu

114 3698 188 3765 cde
209 3718 273 3781 quo
295 3698 468 3763 consulitur
490 3722 547 3764 suo
568 3700 639 3766 loco
661 3701 736 3767 dicit
760 3703 954 3769 sententiam.
996 3710 1067 3781 atque

148 3801 267 3855 certum
298 3791 400 3857 habeo
431 3793 626 3859 dissentienti
658 3797 734 3860 mihi
765 3798 805 3862 ab
832 3798 894 3863 ista
920 3790 1069 3862 festinatior

147 3882 291 3950 Africam
314 3887 475 3953 traiciendi
497 3889 629 3954 duarum
651 3914 756 3956 rerum
780 3893 972 3957 subeundam
993 3879 1069 3973 opinis

115 4001 131 4045 r
149 3997 233 4043 csse:
253 3979 355 4059 unius,
374 3983 485 4048 insitae
498 3984 625 4070 ingenio
639 4008 709 4051 meo
724 3988 938 4064 cunctationis,
952 3991 1069 4068 quammt
