2528 4530
141 237 206 305 450
368 247 487 303 mesa
504 244 660 316 xxvrm,
679 245 704 301 s.
718 245 743 300 a.
764 247 838 314 [aa.
850 244 949 315 ema]

142 407 338 496 giniensibus
356 415 429 492 post
447 404 656 470 defectionem
673 403 713 469 ab
726 404 880 470 Romanis
899 403 1040 483 fuerant,
1056 416 1089 471 ut
1103 431 1154 474 mo

143 503 231 568 dieas
248 501 377 567 iniurias
395 521 459 565 non
476 520 577 583 aequo
595 498 689 563 modo
708 499 813 563 animo
830 499 910 584 pati,
939 500 998 565 sed
1014 522 1105 587 prope
1117 502 1151 567 lu·

110 621 124 666 t
142 597 229 663 benti
246 604 390 683 possent;
411 616 521 659 verum
539 594 622 660 enim
640 615 715 658 vero
733 602 856 658 tantum
867 592 1151 661 PleminiusHant

143 713 247 756 carem
272 688 420 775 praesidii
445 687 659 773 praefectum,
695 696 817 753 tantum
846 688 1033 773 praesidiari
1061 689 1149 755 milites

142 786 278 851 Romani
296 783 422 849 Poenos
449 782 567 848 scelere
592 791 686 868 atque
713 782 844 848 avaritia
869 794 1103 869 superaverunt,
1125 793 1150 849 ut

109 902 207 950 anon
232 880 342 957 armis,
370 879 427 943 sed
452 877 536 942 vitiis
563 876 721 942 videretur
747 877 868 942 certari.
921 877 1001 943 nihil
1026 880 1151 957 omniun,

142 996 224 1061 qnae
241 974 327 1060 inopi
344 974 463 1039 invisas
476 994 553 1058 opes
571 971 754 1058 potentioris
767 970 901 1049 faciunt,
919 974 1153 1059 praetermissum

141 1071 175 1135 in
201 1068 375 1155 oppidanos
407 1076 456 1132 est
486 1066 526 1131 ab
553 1066 632 1131 duce
663 1075 718 1131 aut
743 1066 763 1131 a
788 1066 956 1134 militibus:
970 1069 1026 1133 “in
1047 1090 1155 1155 corpora

142 1166 297 1250 ipsorum,
333 1164 367 1227 in
391 1161 521 1239 liberos,
558 1161 592 1226 in
618 1161 769 1247 coniuges
793 1160 942 1227 infandae
970 1162 1155 1229 contumeliae
1197 1158 1199 1219 ἷ

109 1283 124 1329 s
144 1259 255 1325 editae.
287 1280 361 1322 nam
379 1256 509 1322 avaritia
527 1278 566 1321 ne
585 1276 746 1321 sacrorum
759 1255 886 1340 quidem
900 1256 1086 1342 spoliatione
1100 1255 1159 1323 abs·
1197 1262 1199 1339 ξ

142 1353 248 1430 tinuit,
283 1373 343 1417 nec
369 1351 431 1416 alia
455 1349 550 1416 modo
577 1349 695 1435 templa
720 1349 850 1428 violata,
887 1351 945 1416 sed
966 1350 1157 1438 Proserpinae

144 1449 238 1515 etiam
255 1447 364 1513 intacti
386 1446 472 1512 omni
493 1455 594 1511 aetate
616 1445 791 1523 thensauri,
817 1455 1040 1530 praeterquam
1056 1447 1159 1533 quoda
1196 1450 1199 1521 ξ

142 1541 281 1628 Pyrrho,
309 1541 363 1626 qui
386 1562 458 1606 cum
479 1562 596 1626 magno
617 1539 744 1626 piaculo
765 1540 922 1627 sacrilegii
944 1541 996 1607 sui
1012 1541 1159 1609 manubias

93 1658 125 1706 10
143 1636 280 1714 rettulit,
325 1635 449 1722 spoliati
485 1633 678 1700 dicebantur.
736 1656 811 1721 ergo
847 1635 931 1700 sicut
964 1645 1039 1701 ante
1071 1636 1160 1724 regiae
1196 1674 1199 1711 ε

144 1753 241 1796 naves
259 1730 415 1795 laceratae
435 1728 609 1814 naufragiis
632 1728 710 1793 nibil
731 1729 766 1793 in
782 1738 897 1794 terram
914 1729 1032 1818 integri
1056 1740 1161 1818 praeter
1197 1768 1199 1813 !

145 1848 266 1891 sacram
292 1823 457 1910 pecuniam
484 1824 577 1901 deae,
613 1845 709 1907 quam
734 1823 956 1909 asportabant,
994 1826 1160 1902 extulerant,

95 1941 124 1986 11
145 1930 212 1985 tum
230 1940 355 2003 quoque
377 1918 438 1983 alio
460 1939 575 2004 genere
597 1917 696 1983 cladis
714 1918 825 1983 eadem
846 1918 900 1983 illa
922 1920 1058 2006 pecunia
1079 1921 1161 1986 omni-
1197 1932 1199 1991 ἶ

145 2013 205 2079 bus
228 2013 379 2078 contactis
402 2035 440 2078 ea
461 2013 630 2079 violatione
651 2013 761 2100 templi
782 2013 921 2080 furorem
947 2014 1064 2083 obiecit
1085 2026 1164 2101 atque
1196 2026 1199 2073 ἰ

144 2106 225 2173 inter
242 2129 276 2173 se
295 2107 407 2173 ducem
424 2108 458 2172 in
475 2109 602 2186 ducem,
620 2109 751 2174 militem
768 2109 802 2175 in
818 2109 950 2175 militem
966 2111 1057 2179 rabie
1073 2109 1163 2177 hoet'li

144 2203 246 2268 vertit.

111 2319 123 2366 1
207 2296 319 2362 VIIII.
357 2296 508 2364 Summae
526 2298 572 2362 rei
584 2297 760 2364 Pleminius
776 2309 932 2385 praeerat3
951 2301 1088 2367 militum
1103 2323 1163 2388 pars

144 2391 203 2457 sub
222 2414 273 2469 eo,
293 2413 389 2477 quam
405 2393 474 2478 ipse
492 2392 532 2458 ab
546 2391 648 2477 Regio
667 2391 852 2472 abduxerat,
870 2417 945 2480 pars
964 2395 1026 2461 sub
1044 2396 1162 2463 tribunis

110 2507 124 2554 2
143 2496 218 2551 erat
267 2496 358 2572 rapto
380 2487 494 2572 poculo
516 2496 665 2573 argenteo
688 2509 728 2552 ex
749 2488 898 2574 oppidani
923 2489 1020 2556 domo
1042 2489 1164 2557 Plemini

142 2580 233 2645 miles
259 2580 404 2667 fugiens,
441 2580 644 2665 sequentibus
671 2603 805 2666 quorum
830 2593 914 2662 erat,
951 2584 1068 2651 obvius
1096 2585 1164 2651 forte

109 2695 124 2741 3
145 2672 257 2761 Sergio
280 2686 310 2739 et
331 2675 474 2740 Matieno
497 2675 630 2741 tribunis
652 2676 787 2741 militum
808 2677 882 2757 fuit3
909 2679 962 2743 cui
988 2701 1065 2747 oum
1090 2681 1164 2747 iussn

142 2768 338 2833 tribunorum
364 2770 546 2856 ademptum
571 2770 721 2855 poculum
747 2780 845 2849 esset,
880 2772 1021 2859 iurgium
1048 2776 1119 2841 inde
1141 2782 1164 2839 et

143 2861 275 2939 clamor,
310 2885 417 2950 pugna
442 2874 603 2950 postremo
629 2875 697 2931 orta
722 2865 804 2931 inter
823 2865 962 2933 Plemini
986 2869 1103 2937 milites
1123 2868 1164 2935 bi·

143 2952 375 3040 bonorumque,
394 2968 429 3024 ut
448 2959 514 3025 suis
532 2958 666 3043 quisque
684 2971 878 3046 opportunus
892 2962 1081 3043 advenerat,
1098 2962 1165 3029 md·

108 3069 125 3116 4
143 3048 274 3116 titudine
293 3052 442 3118 simulac
464 3053 600 3119 tumultu
618 3065 786 3121 crescente.
822 3055 899 3121 victi
906 3055 1049 3124 Plemini
1066 3059 1164 3125 milites

143 3165 215 3209 cum
233 3144 273 3209 ad
291 3144 496 3224 Pleminium,
515 3170 658 3214 cruorem
675 3171 713 3215 ac
730 3149 861 3215 vulnera
877 3161 1091 3233 ostentantes,
1115 3175 1164 3219 non

89 3243 93 3249 “
142 3238 210 3302 sine
227 3239 448 3307 vociferatione
462 3252 556 3326 atque
569 3243 783 3329 indignatione
797 3245 1049 3327 concurrissent,
1067 3247 1164 3335 probra

140 3331 174 3395 in
195 3354 268 3397 eum
289 3334 395 3420 ipsum
417 3336 532 3403 iactata
553 3337 586 3402 in
606 3337 718 3425 iurgiis
739 3338 925 3419 referentes,
954 3363 1110 3411 accensus
1128 3342 1164 3407 ira

141 3426 235 3492 domo
254 3452 323 3495 sese
341 3432 502 3518 proripuit.
529 3444 721 3518 vocatosque
735 3434 877 3501 tribunos
890 3436 1007 3504 nudari
1019 3461 1060 3506 ac
1074 3440 1164 3526 virga

107 3542 122 3589 5
140 3522 281 3607 expediri
306 3525 402 3591 iubet.
447 3528 523 3593 dum
550 3529 722 3615 spoliandis
748 3529 832 3595 iis-
847 3532 1075 3618 repugnabant
1095 3532 1164 3601 enin

139 3617 332 3703 militemque
350 3620 602 3707 implorabant-
619 3635 744 3711 tempus
762 3624 885 3704 teritur,
911 3638 1047 3712 repente
1064 3629 1163 3695 milita

139 3710 260 3778 feroces
279 3716 396 3780 recenti
413 3717 543 3783 victoria
565 3741 605 3785 ex
627 3719 774 3785 omnibus
790 3719 884 3799 locis,
913 3722 1003 3787 velut
1026 3725 1163 3791 adversus

106 3825 120 3872 s
138 3805 239 3872 hostis
257 3809 299 3874 ad
316 3833 403 3877 arma
417 3813 645 3879 conclamatum
663 3824 762 3893 esset,
781 3828 1019 3884 concurrerunt.
1056 3830 1162 3885 etcum

138 3900 255 3966 violata
272 3903 335 3968 iam
353 3906 449 3993 virgis
469 3929 600 3993 corpora
616 3910 814 3976 tribunorum
830 3910 1000 3993 vidissent,
1018 3924 1087 3981 tum
1102 3930 1161 3979 vero

138 3993 172 4056 in
197 3995 297 4062 multo
322 3998 562 4084 inpotentiorem
589 4005 694 4071 subito
721 4003 841 4071 rabiem
863 4009 1010 4089 accensi,
1039 4010 1103 4077 sine
1123 4025 1162 4072 re·
