2528 4530
151 226 214 293 158
378 236 497 292 LIBER
515 233 630 304 XXIII,
647 232 690 289 43
704 232 747 289 44,
767 232 951 304 [annana]

143 398 223 463 renti
239 404 389 482 conperta
400 403 476 458 sunt
489 415 586 477 quarn
599 413 681 476 quae
693 415 713 456 a
726 391 839 479 legatis
854 393 1011 458 sociorum
1029 393 1175 458 audierat

111 517 126 563 a
145 491 223 556 nihil
241 491 324 556 enim
332 487 504 555 Marcellus
518 488 562 551 ita
581 495 700 572 egerat,
720 495 755 550 ut
772 494 826 551 aut
839 485 983 551 fortunae
995 495 1054 552 ant
1066 495 1175 553 tomen

143 585 228 652 hosti
254 583 459 650 commissum
487 582 549 646 dici
578 591 700 667 posset:
724 580 889 667 explorato
920 603 994 646 cum
1019 581 1175 667 firmisque

144 679 321 767 praesidiis
336 688 404 742 tuto
430 685 558 762 receptu
580 676 765 762 praedatum
787 675 878 754 ierat,
906 677 1077 761 omniaque
1098 677 1175 743 velut

145 775 297 840 adversus
310 780 508 858 praesentem
516 769 732 836 Hannibalem
741 779 833 835 cauta
841 770 1032 856 provisaque
1045 771 1175 837 fluerunt.

111 879 213 939 stum
238 865 295 931 ubi
321 865 420 931 sensit
445 865 570 929 hostem
596 865 780 940 adventare,
816 864 923 950 copias
947 865 1032 932 intra
1057 865 1175 930 1110111111

144 963 258 1039 tenuit,
285 983 342 1046 per
358 981 465 1024 muros
482 957 677 1023 inambulare
700 969 858 1023 senatores
876 957 1016 1026 Nolanos
1042 959 1175 1026 iussitet

110 1081 125 1128 9
143 1056 250 1121 omnia
272 1055 355 1120 circa
378 1054 540 1139 explorare
564 1072 645 1135 quae
668 1053 754 1138 apud
775 1053 882 1118 hostes
904 1053 1023 1118 fierent.
1069 1076 1110 1120 ex
1128 1054 1175 1121 bis

144 1149 262 1215 Hanno
281 1171 353 1215 oum
371 1149 413 1213 ad
430 1170 556 1212 murum
580 1146 799 1224 successisset,
826 1145 1025 1212 Herennium
1043 1146 1175 1218 Bassum

144 1254 175 1308 et
192 1242 328 1308 Herium
346 1242 485 1307 Pettium
508 1243 549 1307 ad
571 1240 773 1326 conloquium
791 1250 938 1308 evocatos
959 1243 1172 1328 permissuque

61 1408 64 1416 ,
93 1361 126 1410 10
143 1337 289 1403 Marcelli
306 1358 454 1424 egressos
472 1358 530 1421 per
546 1335 747 1420 interpretem
765 1335 953 1420 adloquitur.
990 1335 1168 1404 Hannibalis

143 1433 291 1498 viantem
313 1431 534 1515 fortunamque
557 1430 690 1507 extollit,
717 1430 827 1516 populi
852 1430 989 1495 Romani
1011 1431 1120 1497 obterit
1136 1441 1164 1496 ut

93 1550 124 1598 11
145 1536 361 1592 senescentem
396 1548 468 1590 cum
503 1524 623 1590 viribus
659 1525 865 1590 maiestatem.
918 1547 1000 1610 quae
1031 1527 1060 1592 si
1091 1527 1161 1613 paria

144 1630 263 1699 essent,
284 1631 319 1686 ut
330 1621 491 1705 quondam
505 1619 653 1698 fuissent,
676 1628 783 1684 tamen
797 1620 950 1705 expertis,
973 1642 1070 1705 quam
1083 1641 1158 1707 grave

143 1717 324 1783 Romanum
339 1716 507 1802 imperium
527 1715 630 1792 sociis,
650 1725 768 1800 quanta
784 1715 980 1801 indulgentia
989 1714 1156 1781 Hannibalis

144 1812 239 1877 etiam
255 1811 290 1876 in
308 1811 448 1896 captivos
466 1811 567 1875 omnis
590 1809 693 1875 Italici
714 1809 850 1874 nominis
869 1809 997 1888 fuisset,
1024 1809 1156 1874 Punica

144 1905 307 1971 Romanae
331 1904 513 1970 societatem
535 1913 628 1988 atque
647 1904 817 1969 amicitiam
834 1905 1080 1990 praeoptandam
1094 1922 1154 1969 essa

93 2022 126 2071 12
145 1999 173 2064 si
191 1998 284 2064 ambo
303 1998 449 2064 consules
472 2020 545 2063 cum
569 1999 634 2064 suis
657 1998 846 2064 exercitibus
869 1998 910 2063 ad
930 1997 1046 2064 Nolam
1063 2005 1155 2072 essent,

143 2104 249 2158 tamen
266 2114 330 2157 non
343 2093 446 2179 magis
460 2114 551 2178 pares
561 2091 735 2158 Hannibali
753 2093 875 2158 futuros
888 2116 985 2178 quam
999 2095 1041 2159 ad
1050 2092 1154 2159 canna

144 2187 294 2263 fuissent,
322 2186 437 2251 nedum
460 2197 586 2272 praetor
608 2210 689 2252 unus
713 2210 787 2252 cum
808 2188 918 2273 paucis
941 2200 973 2252 et
989 2188 1079 2254 novis
1095 2183 1155 2251 mili·

94 2305 125 2352 13
145 2281 229 2348 tibus
246 2281 360 2347 Nolam
378 2282 472 2346 tutari
488 2282 598 2368 possit.
643 2283 784 2367 ipsorum
808 2304 903 2366 quam
920 2281 1105 2349 Hannibalis
1123 2280 1155 2344 iu-

144 2387 277 2461 teresse,
295 2387 388 2462 capta
406 2400 447 2442 an
466 2377 579 2442 tradita
590 2374 672 2441 Nola
689 2386 856 2462 poteretur.
893 2377 1066 2462 potiturum
1081 2375 1153 2446 1111111

142 2480 179 2536 ut
197 2469 310 2557 Capua
316 2470 514 2555 Nuceriaque
530 2470 649 2557 potitus
667 2481 766 2551 esset3
786 2472 842 2536 sed
860 2471 936 2556 quid
953 2471 1035 2537 inter
1049 2460 1154 2557 Capuae

143 2586 182 2630 ac
206 2563 360 2630 Nuceriae
388 2564 547 2631 fortunam
573 2564 751 2644 interesset,
778 2566 866 2651 ipsos
892 2587 990 2652 prope
1016 2567 1051 2631 in
1073 2560 1154 2630 media

94 2683 127 2729 11
146 2659 222 2725 sitos
231 2658 370 2725 Nolanos
390 2660 478 2726 scire.
506 2659 589 2725 nolle
602 2661 734 2727 ominari
752 2682 833 2745 quae
851 2670 960 2747 captae
979 2661 1155 2727 urbicam

144 2754 261 2832 forent,
279 2763 311 2818 et
327 2754 431 2839 potius
450 2756 617 2841 spondere,
642 2756 669 2820 si
677 2755 866 2822 Marcellum
879 2777 952 2820 oum
969 2755 1154 2842 praesidioao

144 2845 258 2912 Nolam
284 2848 496 2928 tradidissent,
523 2850 682 2916 neminem
705 2849 802 2914 alium
827 2871 923 2934 quam
948 2851 1038 2935 ipsos
1063 2850 1153 2934 legen

145 2964 209 3024 qua
242 2941 276 3006 in
312 2944 490 3009 societatem
528 2945 760 3030 amicitiamque
795 2944 986 3010 Hannibalis
1027 2944 1153 3013 venunt

147 3036 312 3102 dloturum.

112 3154 125 3200 1
208 3131 435 3200 XXXXIHI.
488 3134 544 3198 Ad
576 3157 613 3198 ea
638 3133 820 3199 Herennius
847 3134 970 3199 Bassus
1005 3127 1153 3222 respondit

143 3227 260 3292 multos
284 3251 382 3294 annos
404 3230 467 3294 iam
487 3229 569 3294 inter
585 3229 765 3295 Romanum
783 3229 1004 3315 Nolanumque
1026 3227 1153 3317 populum

144 3321 313 3388 amicitiam
331 3345 415 3400 esse,
444 3325 532 3389 cuius
550 3334 678 3389 neutros
691 3326 738 3390 ‘ad
756 3347 826 3390 eam
844 3325 928 3390 diem
944 3327 1112 3412 paenitere,
1131 3320 1153 3379 tl

146 3415 219 3495 sibi,
247 3417 276 3482 si
293 3440 365 3484 cum
382 3419 507 3485 fortuna
529 3421 681 3484 mutanda
704 3419 783 3485 fides
801 3420 908 3498 fuerit,
936 3442 1007 3486 sero
1025 3420 1086 3485 iam
1100 3426 1152 3480 cett

110 3519 266 3576 amutare
294 3535 372 3577 eam.
417 3511 488 3600 [an]
514 3513 665 3578 dedituris
694 3536 728 3578 se
746 3513 921 3581 Hannibali
947 3514 1048 3581 fuisse
1072 3522 1153 3577 aocet

145 3604 279 3670 sendum
304 3606 519 3672 Romanorum
543 3609 760 3694 praesidium?
794 3632 867 3674 oum
892 3609 932 3674 iis
959 3609 1014 3694 qui
1040 3608 1079 3674 sd
1100 3612 1151 3670 teti

143 3698 278 3764 tuendos
307 3701 481 3779 venissent,
509 3703 613 3768 omnia
640 3702 700 3768 sibi
726 3714 757 3769 et
783 3725 854 3769 esse
876 3704 1056 3769 consociata
1076 3709 1102 3766 et
1122 3684 1175 3756 tl·

144 3794 291 3859 ultimum
307 3795 386 3861 fore.
1163 3792 1175 3827 ·²

111 3906 127 3951 s
209 3886 283 3954 Hoc
309 3890 509 3976 conloquium
536 3891 664 3958 abstulit
687 3916 775 3979 spem
797 3893 973 3960 Hannibali
995 3876 1150 3981 0111111111-

145 3981 261 4048 tionem
277 3985 474 4072 recipiendae
487 3985 600 4067 Nolae,
619 3988 724 4073 itaque
742 4012 857 4057 corona
875 3991 1027 4076 oppidum
1044 3988 1149 4055 circum*
