2528 4514
142 223 206 292 352
357 234 475 290 LIBER
492 235 618 306 XXVII,
637 235 759 291 22-24.
779 235 968 306 [amam]

141 396 232 461 navis
254 393 349 460 sociis
371 392 535 458 navalibus
557 392 703 478 inpleret,
734 401 771 456 ut
791 393 1024 482 quinquaginta
1044 393 1144 459 naum

143 493 244 558 classe
270 511 357 554 oram
384 487 479 553 maris
505 486 641 551 vicinam
666 484 738 552 urbi
759 486 926 554 Romanae
952 487 1033 553 tueri
1055 498 1145 574 posset

93 603 125 653 tt
144 586 183 653 C.
203 582 392 670 Calpurnius
409 581 526 647 vetitus
544 580 585 646 ab
602 579 730 647 Arretio
750 604 879 648 movere
901 583 1084 661 exeram,
1105 581 1147 647 niti

143 703 215 746 cum
238 699 402 742 successor
422 674 574 754 venisset3
605 674 690 739 idem
712 684 744 740 et
761 674 890 742 Tubulo
911 676 1147 762 imperatum,tt

142 774 216 839 inde
232 770 400 857 praecipue
417 779 554 846 caveret,
573 791 613 833 ne
630 790 694 852 qua
709 791 793 834 nova
811 769 946 836 consilia
963 779 1134 857 caperentur.

111 886 124 933 1
207 864 344 930 XXIH.
391 862 557 928 Praetores
583 862 617 926 in
642 863 819 948 provincias
845 863 999 948 profecti:
1034 863 1145 931 consulet

143 960 253 1047 religio
270 957 410 1035 tenebat,
428 958 514 1041 quod
531 957 683 1044 prodigiis
701 957 820 1042 aliquot
832 959 987 1023 nuntiatis
1004 981 1069 1024 non
1080 956 1145 1023 facilc

110 1072 125 1119 2
144 1054 284 1120 litabant.
330 1062 361 1117 et
386 1073 427 1117 ex
445 1049 621 1136 Campania
645 1052 790 1117 nuntiata
811 1063 916 1130 erant,
946 1051 1075 1139 Capuae
1091 1052 1144 1117 dut!

144 1150 245 1226 aedis,
271 1147 431 1212 Fortunae
453 1155 484 1210 et
500 1144 628 1224 Martis,
657 1154 689 1210 et
705 1145 873 1231 sepulchra
890 1145 1014 1230 aliquot
1034 1147 1071 1211 de
1086 1143 1146 1210 caela

143 1252 240 1320 tacta,
269 1240 380 1307 Cumis
397 1277 424 1287 -
441 1239 520 1304 adeo
545 1239 682 1304 minimis
706 1240 801 1305 etiam
829 1240 927 1306 rebus
949 1263 1048 1327 prava
1065 1237 1149 1329 relgit

143 1336 252 1402 inserit
269 1335 345 1401 deos
362 1372 389 1382 -
406 1356 511 1399 mures
529 1333 563 1399 in
580 1334 658 1399 aede
675 1333 762 1399 Iovis
779 1356 892 1400 aurum
908 1336 1043 1414 rosisse,
1064 1328 1149 1425 card,

108 1449 126 1496 s
144 1453 276 1496 examen
294 1429 401 1516 apium
418 1429 529 1516 ingens
547 1427 580 1493 in
598 1428 666 1494 foro
685 1429 880 1508 consedisse,
899 1438 933 1495 et
944 1424 1035 1496 Ostls
1051 1442 1141 1493 murm

144 1535 328 1610 portamque
350 1524 390 1588 de
412 1522 498 1587 caelo
521 1530 649 1600 tactam,
679 1521 780 1588 Caere
802 1523 976 1588 vulturium
998 1518 1141 1588 volasse'a

110 1619 255 1685 eaedem
273 1617 374 1696 Iovis,
401 1615 543 1683 Vulsinis
562 1617 715 1703 sanguine
736 1617 840 1682 lacum
862 1639 1020 1683 manasse.
1060 1616 1140 1681 hom

143 1712 357 1800 prodigiorum
375 1732 472 1775 causa
488 1709 571 1774 diem
594 1733 692 1774 unum
715 1711 901 1797 supplicatio
923 1711 991 1776 fuit.
1032 1707 1135 1797 pordit!

145 1806 264 1890 aliquot
279 1805 401 1869 hostiae
419 1805 551 1869 maiores
570 1804 637 1869 sine
659 1804 800 1871 litatione
821 1827 947 1884 caesae,
975 1805 1080 1889 diuque
1094 1818 1134 1866 no

144 1901 309 1985 impetrata
325 1921 389 1984 pax
411 1899 515 1963 detim.
559 1898 593 1963 in
614 1898 716 1983 capita
739 1898 903 1965 consulum
925 1921 960 1964 re
980 1894 1132 1985 publicab-

146 1992 261 2058 columi
278 1991 444 2057 exitiabilis
462 1992 676 2080 prodigiorum
695 2002 825 2058 eventus
846 1993 946 2058 vertit.
1123 2028 1127 2037 ·

110 2106 127 2155 5
209 2086 297 2151 Ludi
314 2085 514 2171 Apollinares
538 2085 579 2168 Q.
597 2085 711 2150 Fulvio
732 2085 798 2171 Ap.
818 2085 970 2172 [Claudio
992 2080 1129 2154 consulib!

146 2178 236 2268 aP.]
260 2178 407 2246 Cornelio
431 2178 520 2245 Sulla
541 2189 684 2266 praetore
710 2180 797 2245 urbis
819 2181 956 2266 primum
979 2180 1048 2246 facti
1064 2180 1122 2242 erut

144 2276 218 2341 inde
244 2298 353 2341 omnes
380 2275 526 2359 deinceps
553 2286 711 2360 praetores
738 2274 850 2340 urbani
876 2275 1025 2353 fecerant,
1051 2265 1120 2336 sedit

110 2391 127 2438 o
145 2395 243 2436 unum
261 2393 378 2435 annum
396 2368 553 2434 vovebant
570 2369 683 2453 dieque
699 2370 818 2434 incerto
836 2369 1003 2435 faciebant.
1031 2389 1059 2432 eo
1071 2377 1117 2427 mot
1144 2438 1149 2444 Δ

145 2465 324 2551 pestilentia
340 2463 446 2551 gravis
468 2463 578 2527 incidit
594 2463 627 2527 in
644 2462 754 2528 urbem
772 2486 943 2551 agrosque,
969 2468 1114 2549 quaeum
1147 2477 1149 2482 ·

113 2581 128 2625 r
147 2559 248 2646 magis
262 2558 295 2622 in
311 2557 437 2622 morbos
450 2557 563 2643 longos
577 2579 672 2640 quam
685 2557 718 2622 in
735 2558 946 2642 perniciabilis
962 2557 1054 2623 evasit
1077 2547 1113 2611 tl!

145 2652 340 2738 pestilentiae
363 2673 459 2715 eausa
485 2662 516 2715 et
543 2651 750 2736 supplicatum
772 2674 830 2736 per
851 2653 987 2738 compita
1007 2658 1057 2715 tota
1070 2637 1112 2705 ult

147 2756 194 2810 est
212 2756 243 2810 et
259 2745 297 2809 P.
311 2746 455 2810 Licinius
473 2745 577 2810 Varus
596 2756 719 2830 praetor
735 2745 823 2810 urbis
840 2746 946 2834 legem
963 2746 1035 2810 ferre
1047 2737 1112 2841 ad'pt

146 2839 256 2924 pulum
281 2840 403 2917 iussus,
430 2850 465 2904 ut
491 2840 524 2904 hi
550 2840 617 2904 ludi
637 2841 670 2904 in
692 2850 880 2926 perpetuum
900 2842 933 2904 in
957 2849 1051 2905 statam
1065 2829 1111 2891 (Μ

146 2943 341 2997 voverentur.
368 2935 437 3018 ipse
455 2933 573 3019 primus
592 2935 636 2999 ita
652 2935 748 3010 vovit,
767 2935 905 3018 fecitque
924 2944 993 3001 aute
1009 2927 1111 2996 (ΗΘΜ

147 3027 225 3091 tium
244 3049 344 3092 nonas
363 3027 521 3110 Quintilis.
556 3028 585 3092 is
604 3029 670 3093 dies
689 3028 801 3093 deinde
821 3028 981 3093 sollemnis
998 3023 1100 3092 servtlut·
1143 3038 1149 3100 ᾗ

114 3141 127 3186 1
210 3121 364 3187 XXIIII.
415 3122 469 3187 De
487 3121 642 3195 Arretinis
669 3133 700 3188 et
726 3122 812 3187 fama
841 3123 875 3186 in
900 3124 968 3188 dies
992 3112 1081 3208 gravitr
1094 3104 1111 3163 l
1144 3156 1149 3194 ε

147 3239 221 3281 cura
243 3239 382 3281 crescere
403 3216 554 3303 patribus.
599 3217 704 3300 itaque
728 3215 766 3281 C.
785 3216 925 3283 Hostilio
950 3198 1109 3300 scriptaad
1141 3220 1149 3289 '3

146 3333 186 3374 ne
204 3310 343 3374 differret
361 3309 486 3375 obsides
505 3309 545 3375 ab
562 3309 718 3375 Arretinis
736 3311 893 3395 accipere,
914 3321 955 3389 et,
973 3309 1018 3376 cui
1032 3288 1110 3393 aaa
1147 3374 1149 3382 q

147 3404 282 3468 Romam
309 3404 523 3481 deducendos,
561 3403 598 3470 C.
626 3404 793 3469 Terentius
816 3404 920 3470 Varro
947 3427 1014 3470 eum
1033 3394 1110 3475 impl„

112 3498 272 3564 amissus.
309 3499 362 3583 qui
380 3508 415 3562 ut
432 3499 529 3576 venit,
549 3499 704 3583 extemplo
718 3498 877 3564 Hostilius
895 3490 1110 3586 legionemussffi·
1146 3542 1149 3583 ,3

146 3614 227 3676 quae
253 3602 325 3658 ante
351 3592 460 3658 urbem
487 3604 589 3658 castra
614 3592 765 3670 habebat,
794 3594 886 3679 signa
907 3595 941 3658 in
962 3591 1053 3658 urbem
1066 3571 1110 3637 Μ’
1140 3672 1142 3681 ¹

147 3688 238 3753 iussit
264 3687 481 3773 praesidiaque
506 3688 583 3752 ross
610 3687 730 3752 aroneis
758 3687 928 3773 disposuit,
955 3697 1015 3752 tum
1034 3661 1110 3761 inst?
1144 3706 1149 3733 =

112 3783 249 3850 scitatis
277 3783 472 3848 senatoribus
499 3782 624 3848 obsides
651 3783 826 3867 imperavit.
876 3805 948 3848 cum
972 3780 1070 3847 seuallll
1147 3780 1149 3789 '

147 3876 244 3939 duum
266 3877 306 3940 ad
330 3877 590 3942 considerandum
617 3886 740 3961 tempus
763 3886 896 3962 peteret,
928 3884 980 3942 aut
1001 3873 1064 3957 ipso
1079 3862 1108 3911 α’

148 3969 262 4052 templo
285 3970 358 4035 dare
380 3982 434 4036 aut
455 3993 489 4037 se
511 3981 637 4058 postero
659 3971 710 4036 die
733 3983 913 4038 senatorum
935 3967 1024 4037 omnis
1039 3949 1107 4021 llll*
