2528 4514
141 266 204 332 276
369 277 484 332 LIBER
502 277 616 348 XXVI,
635 277 732 332 10.11.
754 281 791 345 [a.
802 295 829 333 u.
841 276 942 346 asts]

106 459 122 506 6
142 437 244 502 media
266 435 343 500 urbe
365 435 496 499 transim
517 433 678 517 Esquilias
704 434 878 510 iusserunt,
905 433 1012 500 nullos
1039 435 1147 520 aptiores

140 533 221 596 inter
246 529 404 595 convalles
430 538 573 611 tectaque
599 528 759 592 hortorum
789 538 821 591 et
848 527 997 612 sepulcra
1023 539 1054 593 et
1078 551 1169 617 cara

142 624 279 707 undique
297 623 365 686 vias
388 622 428 686 ad
449 622 653 707 pugnandum
675 620 799 686 futuros
820 621 890 685 rati.
938 643 1021 705 quos
1042 644 1107 687 cum
1121 645 1148 687 ex

142 740 212 783 arce
232 716 450 802 Capitolioque
468 716 548 781 clivo
566 714 710 780 Publicio
728 715 762 778 in
779 715 868 798 equis
891 715 1087 782 decurrentis
1101 739 1116 800 q
1131 716 1137 730 '

110 814 217 879 udam
238 812 405 888 vidissent,
433 820 558 895 captum
580 808 775 874 Aventinum
798 809 1084 875 conclamaverunt.
1121 832 1169 887 ca¹

141 930 192 971 res
215 915 336 970 tantum
358 904 526 969 tumultum
549 927 586 968 ac
608 903 718 989 fugam
740 903 897 987 praebuit,
932 913 970 968 ut
991 905 1057 971 nisi
1074 888 1169 971 urba*

141 1000 264 1064 Punica
290 1010 378 1064 extra
404 997 514 1063 urbem
536 998 685 1075 fuissent,
713 997 859 1062 effusura
875 1021 910 1062 se
934 1000 1043 1064 omnis
1063 998 1147 1086 pauida

142 1095 308 1159 multitudo
325 1093 433 1158 fuerit:
452 1105 526 1157 tuno
544 1093 577 1156 iu
594 1094 705 1158 domos
724 1103 817 1176 atque
830 1092 864 1156 in
877 1102 965 1158 tecta
976 1093 1147 1180 refugiebant

142 1210 304 1274 vagosque
330 1189 363 1251 in
393 1188 452 1252 viis
479 1209 555 1252 suos
580 1186 747 1253 hostilibus
777 1185 937 1271 lapidibus
970 1188 1099 1273 telisque
1116 1186 1148 1251 in-

108 1301 125 1348 8
144 1281 318 1346 cessabant.
345 1303 403 1345 neo
421 1281 584 1365 comprimi
597 1280 749 1344 tumultus
763 1279 940 1363 aperirique
955 1303 1046 1347 error
1057 1286 1148 1367 potent

141 1368 264 1440 refertis
282 1374 445 1439 itineribus
468 1373 639 1458 agrestium
662 1375 755 1438 turba
774 1394 1006 1458 pecorumque,
1034 1393 1148 1458 quaerc-

110 1489 124 1535 9
142 1469 288 1554 pentinus
306 1490 405 1553 pavor
426 1468 460 1532 in
482 1467 591 1532 urbem
611 1467 812 1552 compulerat.
857 1478 1009 1550 equestre
1027 1467 1148 1554 proelinn

144 1563 316 1628 secundum
338 1562 398 1626 fuit
425 1561 635 1645 summotique
658 1562 764 1626 hostes
788 1571 871 1626 sunt.
918 1572 951 1626 et
974 1564 1051 1646 quia
1070 1558 1147 1627 mnldt

142 1656 220 1721 locis
239 1656 463 1741 comprimendi
481 1655 633 1721 tumultus
652 1665 753 1732 erant,
777 1655 830 1738 qui
849 1665 968 1722 temere
989 1656 1146 1729 oriebantrr¹

142 1750 260 1834 placuit
278 1772 385 1815 omnes
404 1751 459 1832 qui
476 1750 650 1824 dictatores,
661 1749 805 1814 consules
829 1771 1023 1817 censoresve
1044 1750 1146 1815 fusa

93 1865 125 1912 10
144 1867 216 1907 cum
232 1844 363 1927 imperio
387 1865 472 1920 esse,
501 1844 601 1908 donec
622 1843 804 1908 recessisset
826 1866 846 1908 a
867 1846 968 1910 muris
993 1845 1095 1911 hostis.
1125 1847 1146 1905 ct

144 1936 206 2000 diei
227 1937 312 2019 quod
335 1936 487 2019 reliquum
511 1936 571 2000 fuit
594 1947 624 2002 et
645 1947 736 2002 nocte
754 1937 933 2020 insequenti
951 1939 1046 2004 multi
1061 1949 1145 2003 tenor

144 2032 270 2096 excitati
287 2031 438 2095 tumultus
457 2041 531 2096 sunt
550 2033 792 2116 compressiqne.

112 2145 124 2189 1
207 2124 271 2189 XI.
316 2125 448 2189 Postero
471 2126 521 2190 die
544 2135 758 2211 transgressus
781 2125 941 2190 Anienem
959 2122 1143 2192 Hannibalis

144 2220 242 2284 aciem
260 2221 361 2284 omnis
380 2221 486 2305 copias
505 2221 625 2295 eduxit,
653 2241 711 2284 neo
728 2219 862 2284 Flaccus
882 2222 1086 2305 consulesque
1099 2237 1141 2282 ccr-

109 2333 124 2379 2
144 2325 248 2379 tamen
266 2316 486 2379 detrectavere.
523 2314 682 2379 instructis
697 2314 841 2396 utrinque
856 2311 1139 2381 exercitibusineiu

142 2431 270 2494 pugnae
288 2431 409 2485 casum,
429 2409 467 2471 in
480 2431 543 2490 qua
561 2407 748 2472 urbsRoma
761 2408 872 2472 victori
889 2411 1065 2493 praemium
1075 2412 1136 2477 etttl

143 2502 243 2567 imber
260 2503 372 2588 ingens
391 2502 542 2587 grandine
560 2501 677 2565 mixtus
699 2501 743 2566 ita
764 2510 931 2586 utramque
954 2505 1053 2569 aciem
1067 2497 1137 2566 tut*

143 2598 201 2672 vit,
225 2597 331 2660 utrix
349 2596 443 2660 armis
461 2594 589 2660 retentis
607 2596 640 2659 in
658 2607 759 2661 castra
779 2619 848 2662 sese
866 2599 1043 2683 receperint
1057 2591 1135 2661 nulliut

110 2691 188 2754 srei
214 2690 333 2754 minore
359 2713 454 2772 quam
480 2690 617 2755 hostium
644 2701 739 2755 metu.
784 2701 816 2756 et
840 2702 970 2776 postero
993 2694 1042 2758 die
1060 2687 1133 2756 eotlffl

143 2783 213 2846 loco
232 2783 314 2846 acies
332 2784 499 2848 instructas
519 2785 629 2848 eadem
647 2794 816 2869 tempestas
835 2786 971 2851 diremit.
1017 2786 1065 2851 ubi
1080 2798 1132 2847 rect·
1156 2850 1164 2858 ,

143 2876 264 2958 pissent
291 2899 325 2940 se
351 2877 384 2939 in
410 2887 529 2954 castra,
567 2879 645 2943 mira
672 2879 821 2943 serenitas
854 2902 928 2943 curn
954 2876 1129 2964 tranquillat
1160 2896 1169 2907 '·

111 2969 310 3034 sociebatur.
354 2970 387 3033 in
413 2971 595 3056 religionem
622 2994 730 3036 cares
754 2984 830 3057 aput
852 2973 982 3040 Poenos
1006 2994 1081 3039 versa
1094 2972 1125 3035 ol

145 3063 314 3146 auditaque
339 3086 402 3128 vox
427 3063 616 3129 Hannibalis
643 3066 758 3142 fertur,
794 3068 967 3151 potiundae
999 3067 1054 3133 sibi
1111 3054 1117 3069 ⁵
1151 3064 1169 3125 ἑε

111 3179 126 3227 5
144 3157 266 3221 Romae
284 3158 377 3222 modo
395 3169 532 3222 mentem
550 3182 614 3223 non
629 3160 709 3235 dari,
729 3161 823 3224 modo
837 3160 1009 3226 fortunam.
1035 3158 1123 3224 mium

145 3252 238 3328 etiam
257 3274 346 3336 spem
369 3253 435 3316 eius
459 3263 489 3316 ct
512 3253 603 3331 aliae,
631 3277 728 3338 parva
746 3277 939 3340 magnaque,
966 3278 1030 3321 res:
1053 3260 1122 3332 nug!
1151 3271 1166 3309 t

144 3345 211 3421 illa,
238 3347 336 3428 quod,
365 3369 436 3410 cum
462 3347 529 3431 ipse
557 3349 597 3410 ad
623 3348 747 3412 moenia
773 3349 859 3415 urbis
886 3349 1010 3415 Romae
1034 3346 1123 3413 armti!

146 3438 279 3516 sederet,
308 3440 421 3505 milites
446 3440 504 3505 sub
523 3442 645 3506 vexillis
667 3443 700 3506 in
723 3442 978 3527 supplementum
1000 3443 1054 3509 His
1096 3430 1103 3446 ⁰

112 3532 301 3616 uproseotos
329 3535 440 3612 audiit3
476 3558 574 3619 parva
600 3546 716 3612 autem,
745 3538 830 3618 quod
856 3560 915 3622 per
936 3561 990 3604 eos
1012 3536 1066 3601 dies
1081 3534 1121 3591 ⁰¹

144 3627 224 3691 forte
243 3651 366 3713 agrum,
390 3629 423 3692 in
441 3652 503 3712 quo
521 3630 589 3715 ipse
608 3641 710 3694 castra
727 3630 871 3709 haberet,
896 3633 1019 3698 venisse
1034 3609 1120 3694 nihil&

112 3720 177 3784 rid
195 3722 354 3787 deminuto
376 3724 475 3807 pretio
498 3724 656 3810 cognitum
680 3746 720 3787 ex
738 3726 876 3808 quodam
899 3726 1019 3811 captivo
1034 3728 1078 3786 est
1102 3700 1121 3771 Ι
1161 3739 1169 3747 ·

145 3837 219 3879 vcro
247 3816 324 3880 adeo
353 3818 521 3902 superbum
549 3829 642 3902 atque
668 3818 832 3904 indignum
858 3820 976 3896 visum,
1007 3817 1062 3882 ein
1081 3796 1119 3871 ΝΕ

146 3909 230 3988 quod
247 3910 315 3993 ipse
334 3911 415 3977 bello
433 3924 559 3997 captum
582 3913 756 3998 possideret
778 3914 982 3999 haberetque,
1008 3908 1119 3977 inveun
1157 3928 1169 3965 ,ς

146 3999 265 4067 Romae
284 4016 468 4089 emptorem,
497 4019 530 4072 ut
550 4007 706 4092 extemplo
725 4018 836 4074 vocato
854 4029 1004 4096 praecone
1020 3999 1118 4067 rabenfl
