2528 4530
324 247 441 301 amsa
458 247 581 317 xxm,
600 247 697 302 11.12.
718 251 755 316 [a.
767 247 869 318 cmm]
1048 237 1111 302 337

102 404 168 472 sulas
194 403 333 481 fuerant,
359 403 406 467 M.
435 403 600 469 Cornelius
629 403 805 491 Cethegus,
836 404 875 470 P.
904 403 1110 492 Sempronius

103 498 271 562 Tuditanus.
324 517 468 562 censores
501 507 535 562 ut
566 521 678 584 agrum
709 497 908 584 Campanum
942 498 1143 568 fruendum8

101 591 234 668 locarent,
262 613 301 655 ex
320 591 502 657 auctoritate
524 600 649 677 patrum
669 591 768 658 latum
789 593 827 665 in.
838 592 963 679 plebem
981 603 1029 658 est
1045 593 1112 679 ple-

101 683 200 768 besque
220 684 320 750 scivit.
365 695 490 750 senatus
508 685 674 750 lectionem
696 687 851 751 contentio
868 687 949 752 inter
966 708 1110 751 censores
1129 705 1143 752 9

101 778 128 842 de
141 778 279 864 principe
296 778 429 864 legendo
448 779 554 844 tenuit.
588 777 755 863 Semproni
765 779 857 845 lectio
876 790 956 860 erat3
974 790 1112 846 ceterum

102 868 249 936 Cornelius
267 894 387 936 morem
405 872 551 937 traditum
569 871 710 958 patribus
730 873 924 956 sequendum
942 873 1058 953 aiebat,
1076 883 1112 940 ut
1130 892 1162 940 10

101 965 141 1046 qui
155 966 273 1051 primus
297 987 408 1030 censor
429 988 469 1030 ex
490 966 528 1030 iis
551 967 605 1049 qui
623 966 762 1030 viverent
783 964 910 1045 fuisset,
937 989 1010 1032 eum
1026 968 1112 1053 prin·

102 1059 184 1142 alpem
200 1059 353 1145 legerent:
385 1068 416 1124 et
433 1060 460 1124 is
479 1059 517 1124 T.
536 1058 675 1124 Manlius
695 1059 873 1143 Torquatus
896 1071 962 1125 erat
968 1088 977 1139 3
1021 1059 1112 1127 Sem·
1130 1079 1160 1126 11

101 1152 225 1235 pronius,
253 1152 303 1216 cui
325 1153 357 1218 di
380 1162 495 1219 sortem
515 1153 640 1239 legendi
658 1153 832 1231 dedissent,
859 1162 890 1218 et
910 1152 960 1218 ius
978 1153 1111 1219 liberum

102 1245 210 1310 eosdem
228 1245 353 1311 dedisse
371 1247 463 1312 deos:
491 1269 536 1312 >se
558 1247 591 1310 id
614 1268 671 1311 suo
693 1246 819 1312 arbitrio
836 1247 992 1312 factmum
1013 1247 1112 1312 lectu-

102 1359 213 1422 rumque
233 1337 274 1421 Q.
292 1339 428 1405 Fabium
444 1339 637 1417 Maximum,
661 1362 754 1424 quem
772 1350 839 1405 tum
856 1340 1029 1427 principem
1045 1341 1112 1406 Ro-
1207 1362 1211 1368 ·

102 1452 193 1496 nanae
211 1433 344 1498 civitatis
368 1455 438 1498 esse
460 1433 511 1498 vel
529 1432 709 1499 Hannibale
731 1434 833 1499 iudice
855 1435 994 1500 victurus
1017 1444 1110 1500 esset

103 1543 157 1588 tum
173 1526 227 1591 diu
244 1536 395 1590 certatum
413 1526 518 1592 verbis
537 1537 635 1605 esset,
655 1528 844 1594 concedente
863 1529 994 1615 conlega
1010 1528 1109 1593 lectus
1130 1547 1161 1593 12

102 1616 314 1705 aSemprouio
349 1621 494 1706 princeps
529 1621 561 1685 in
597 1633 708 1686 senatu
735 1620 775 1704 Q.
802 1621 930 1693 Fabius,
947 1621 1109 1697 Maximus

101 1714 201 1778 consul.
246 1715 318 1778 inde
340 1715 420 1779 alius
446 1715 545 1779 lectus
569 1725 697 1780 senatus
724 1726 794 1781 octo
816 1716 1004 1802 praeteritis,
1031 1716 1112 1780 inter

100 1823 161 1886 quos
178 1807 226 1873 M.
247 1806 403 1873 Caecilius
421 1807 570 1874 Metellus
590 1821 669 1886 erat,
696 1808 822 1875 infamis
841 1820 948 1876 auctor
966 1811 1111 1875 deseren-

97 1896 143 1965 dae
158 1901 268 1966 Italiae
285 1911 358 1987 post
377 1900 576 1967 Cannensem
594 1903 724 1968 cladem.
768 1904 802 1967 in
819 1904 1015 1988 equestribus
1034 1925 1112 1988 quo·
1130 1923 1161 1970 13

96 2009 145 2074 que
159 1997 242 2062 notis
261 1997 370 2060 eadem
389 2006 512 2065 serrata
535 2019 644 2076 causa3
672 1999 728 2063 sed
751 2008 838 2063 erant
859 2000 1009 2085 perpauci
1030 2021 1111 2083 quos

92 2104 123 2154 ea
144 2090 275 2155 infamia
300 2090 475 2176 attingeret.
519 2091 580 2155 illis
609 2092 753 2156 omnibus
772 2102 847 2156 -et
867 2095 958 2157 multi
981 2104 1161 2158 erant-14

89 2184 219 2270 adempti
237 2183 322 2267 equi,
342 2185 396 2267 qui
410 2181 624 2250 Cannensium
641 2185 801 2271 legionum
820 2187 940 2269 equites
958 2185 1110 2252 inSicilia

84 2287 177 2343 erant.
222 2277 409 2342 addiderunt
425 2277 586 2343 acerbitati
609 2279 703 2343 etiam
720 2287 859 2362 tempus,
886 2301 925 2344 ne
943 2280 1110 2364 praeterita

82 2371 236 2458 stipendia
253 2372 456 2455 procederent
473 2372 526 2449 iis,
554 2394 634 2456 quae
657 2393 738 2455 equo
760 2370 887 2457 publico
905 2382 1108 2450 emeruerant,

80 2467 137 2532 sed
155 2466 237 2531 dena
256 2465 410 2551 stipendia
428 2466 516 2548 equis
534 2465 664 2550 privatis
677 2466 825 2530 facerent.
853 2488 1003 2551 magnum
1019 2488 1110 2550 prae-
1129 2484 1160 2532 15

80 2565 166 2625 terea
190 2581 356 2623 numerum
387 2581 495 2624 eorum
527 2559 781 2642 conquisiverunt
807 2559 862 2642 qui
892 2581 973 2641 equo
1000 2559 1111 2624 mereri

80 2653 244 2733 deberent3
275 2662 368 2737 atque
395 2675 436 2718 ex
456 2653 510 2731 iis,
538 2654 592 2737 qui
614 2653 766 2739 principio
790 2652 857 2717 eius
879 2652 954 2719 belli
976 2663 1111 2740 septem-

80 2747 182 2814 decim
200 2769 300 2812 annos
318 2746 384 2812 nati
400 2747 525 2813 fuerant
542 2768 644 2830 neque
662 2747 884 2825 militaverant,
904 2747 1005 2813 omnis
1024 2771 1111 2818 aera·¹

80 2845 142 2908 rios
161 2841 312 2905 fecerunt.
339 2841 520 2906 locaverunt
537 2840 610 2904 inde
628 2839 796 2906 reficienda
813 2863 893 2925 quae
912 2841 994 2907 circa
1007 2842 1111 2908 forum
1132 2861 1162 2908 16

80 2935 225 3001 'ncendio
252 2944 438 3020 consumpta
464 2944 565 3011 erant,
594 2944 716 3020 septem
741 2934 901 3013 tabernas,
934 2937 1110 3013 macellum,
1210 2991 1213 2999 .

80 3029 194 3096 atrium
212 3028 344 3114 regium.

143 3121 228 3187 XII.
265 3122 445 3187 Transactis
464 3121 619 3200 omnibus,
639 3144 719 3206 quae
733 3123 854 3187 Romae
873 3123 996 3209 agenda
1013 3131 1110 3199 erant,
1131 3143 1143 3188 1

80 3215 227 3284 mnsules
250 3216 291 3279 ad
312 3214 431 3280 bellum
451 3216 593 3300 profecti.
645 3217 731 3300 prior
752 3215 884 3280 Fulvius
906 3236 1110 3300 praegressus
1129 3235 1144 3296 a

80 3312 243 3397 Capuam3
264 3319 336 3395 post
352 3331 471 3395 paucos
490 3309 557 3375 dies
572 3319 759 3375 consecutus
770 3308 899 3386 Fabius,
918 3309 972 3392 qui
990 3317 1021 3372 et
1038 3330 1112 3373 con-

80 3409 187 3493 legam
213 3425 319 3470 coram
345 3404 518 3470 obtestatus
546 3414 577 3469 et
607 3426 663 3489 per
692 3403 809 3469 litteras
828 3401 1041 3481 Marcellum,
1077 3412 1112 3468 ut

80 3522 177 3584 quam
204 3498 354 3563 acerrimo
379 3497 462 3563 bello
494 3498 646 3564 detineret
670 3495 901 3574 Hannibalem,
938 3497 1014 3560 dum
1042 3497 1111 3581 ipse

80 3594 255 3659 Tarentum
274 3600 483 3677 oppugnaret:
514 3613 552 3656 ea
572 3592 650 3657 urbe
673 3591 818 3676 adempta
835 3589 919 3654 hosti
936 3589 999 3653 iam
1022 3588 1112 3652 undi·
1130 3607 1145 3654 3

80 3708 142 3772 que
160 3684 268 3772 pulso,
295 3706 354 3749 nec
376 3685 431 3750 ubi
449 3685 633 3752 consisteret
654 3708 713 3750 nec
731 3685 806 3769 quid
827 3683 926 3748 fidum
944 3683 1112 3768 respiceret

80 3780 232 3858 babenti,
266 3801 307 3844 ne
336 3780 514 3844 remorandi
545 3781 673 3864 quidem
703 3801 831 3844 causam
856 3780 890 3842 in
916 3777 1008 3842 Italia
1032 3777 1110 3842 fore.

80 3877 220 3962 Regium
247 3874 341 3940 etiarn
370 3874 513 3939 nuntium
543 3875 638 3939 mittit
667 3875 708 3938 ad
734 3872 927 3959 praefectum
954 3870 1146 3958 praesidiit

80 3971 168 4055 quod
189 3969 231 4035 ab
248 3968 392 4034 Laevino
415 3968 542 4033 consule
566 3969 715 4034 adversus
738 3966 879 4033 Bruttios
905 3966 951 4033 ibi
975 3967 1112 4033 locatum

133 4065 283 4114 usuratu.
904 4067 939 4122 22
