<?xml version="1.0" encoding="UTF-8"?>
<!DOCTYPE html PUBLIC "-//W3C//DTD XHTML 1.0 Transitional//EN"
    "http://www.w3.org/TR/xhtml1/DTD/xhtml1-transitional.dtd">
<html xmlns="http://www.w3.org/1999/xhtml" xml:lang="en" lang="en">
 <head>
  <title>
</title>
<meta http-equiv="Content-Type" content="text/html;charset=utf-8" />
  <meta name='ocr-system' content='tesseract 3.04.00' />
  <meta name='ocr-capabilities' content='ocr_page ocr_carea ocr_par ocr_line ocrx_word'/>
</head>
<body>
  <div class='ocr_page' id='page_1' title='image "./titiliviaburbec00weisgoog_0217.png"; bbox 0 0 2528 4514; ppageno 0'>
   <div class='ocr_carea' id='block_1_1' title="bbox 292 218 1082 303">
    <p class='ocr_par' dir='ltr' id='par_1_1' title="bbox 292 218 1082 303">
     <span class='ocr_line' id='line_1_1' title="bbox 292 218 1082 303; baseline -0.004 -17"><span class='ocrx_word' id='word_1_1' title='bbox 292 228 410 286; x_wconf 75' lang='lat' dir='ltr'>amna</span> <span class='ocrx_word' id='word_1_2' title='bbox 426 229 527 297; x_wconf 84' lang='lat' dir='ltr'>xxu,</span> <span class='ocrx_word' id='word_1_3' title='bbox 543 229 667 287; x_wconf 76' lang='lat' dir='ltr'>ss-sr.</span> <span class='ocrx_word' id='word_1_4' title='bbox 686 227 839 303; x_wconf 70' lang='lat' dir='ltr'>[acas]</span> <span class='ocrx_word' id='word_1_5' title='bbox 1039 218 1082 283; x_wconf 78' lang='lat'>9⁷</span> 
     </span>
    </p>
   </div>
   <div class='ocr_carea' id='block_1_2' title="bbox 94 385 1120 3955">
    <p class='ocr_par' dir='ltr' id='par_1_2' title="bbox 94 385 1120 3955">
     <span class='ocr_line' id='line_1_2' title="bbox 113 385 1083 476; baseline 0.002 -24"><span class='ocrx_word' id='word_1_6' title='bbox 113 411 174 460; x_wconf 72' lang='lat' dir='ltr'>sors</span> <span class='ocrx_word' id='word_1_7' title='bbox 201 385 293 452; x_wconf 82' lang='lat' dir='ltr'>eius</span> <span class='ocrx_word' id='word_1_8' title='bbox 318 386 381 453; x_wconf 94' lang='lat' dir='ltr'>diei</span> <span class='ocrx_word' id='word_1_9' title='bbox 405 387 529 472; x_wconf 89' lang='lat' dir='ltr'>imperii</span> <span class='ocrx_word' id='word_1_10' title='bbox 558 399 638 466; x_wconf 91' lang='lat' dir='ltr'>erat,</span> <span class='ocrx_word' id='word_1_11' title='bbox 674 387 753 453; x_wconf 85' lang='lat' dir='ltr'>nihil</span> <span class='ocrx_word' id='word_1_12' title='bbox 782 386 925 454; x_wconf 91' lang='lat' dir='ltr'>oonsulto</span> <span class='ocrx_word' id='word_1_13' title='bbox 950 387 1083 476; x_wconf 87' lang='lat' dir='ltr'>oonlega</span> 
     </span>
     <span class='ocr_line' id='line_1_3' title="bbox 96 480 1081 579; baseline 0.002 -33"><span class='ocrx_word' id='word_1_14' title='bbox 96 507 160 579; x_wconf 68' lang='grc' dir='ltr'>μω</span> <span class='ocrx_word' id='word_1_15' title='bbox 182 481 369 566; x_wconf 77' lang='lat' dir='ltr'><strong>proposuit</strong></span> <span class='ocrx_word' id='word_1_16' title='bbox 392 481 624 568; x_wconf 80' lang='lat' dir='ltr'>instructasque</span> <span class='ocrx_word' id='word_1_17' title='bbox 651 481 759 569; x_wconf 82' lang='lat' dir='ltr'>copias</span> <span class='ocrx_word' id='word_1_18' title='bbox 785 480 904 547; x_wconf 85' lang='lat' dir='ltr'>flumen</span> <span class='ocrx_word' id='word_1_19' title='bbox 934 482 1081 561; x_wconf 78' lang='lat' dir='ltr'>traduxit,</span> 
     </span>
     <span class='ocr_line' id='line_1_4' title="bbox 96 569 1083 669; baseline 0 -28"><span class='ocrx_word' id='word_1_20' title='bbox 96 586 181 669; x_wconf 74' lang='lat' dir='ltr'>qnente</span> <span class='ocrx_word' id='word_1_21' title='bbox 195 569 337 654; x_wconf 83' lang='lat' dir='ltr'>Paulo,</span> <span class='ocrx_word' id='word_1_22' title='bbox 363 575 438 660; x_wconf 90' lang='lat' dir='ltr'>quia</span> <span class='ocrx_word' id='word_1_23' title='bbox 458 576 561 662; x_wconf 89' lang='lat' dir='ltr'>magis</span> <span class='ocrx_word' id='word_1_24' title='bbox 583 597 648 641; x_wconf 93' lang='lat' dir='ltr'>non</span> <span class='ocrx_word' id='word_1_25' title='bbox 668 573 803 663; x_wconf 89' lang='lat' dir='ltr'>probare</span> <span class='ocrx_word' id='word_1_26' title='bbox 823 596 920 660; x_wconf 86' lang='lat' dir='ltr'>quam</span> <span class='ocrx_word' id='word_1_27' title='bbox 941 597 1006 641; x_wconf 92' lang='lat' dir='ltr'>non</span> <span class='ocrx_word' id='word_1_28' title='bbox 1027 575 1083 641; x_wconf 87' lang='lat' dir='ltr'>ad·</span> 
     </span>
     <span class='ocr_line' id='line_1_5' title="bbox 96 666 1116 756; baseline 0.004 -22"><span class='ocrx_word' id='word_1_29' title='bbox 96 693 151 743; x_wconf 67' lang='lat' dir='ltr'>me</span> <span class='ocrx_word' id='word_1_30' title='bbox 163 666 343 734; x_wconf 78' lang='lat' dir='ltr'>eonsilium</span> <span class='ocrx_word' id='word_1_31' title='bbox 359 678 492 755; x_wconf 84' lang='lat' dir='ltr'>poterat.</span> <span class='ocrx_word' id='word_1_32' title='bbox 532 669 722 756; x_wconf 75' lang='lat' dir='ltr'>transgressi</span> <span class='ocrx_word' id='word_1_33' title='bbox 737 668 856 734; x_wconf 88' lang='lat' dir='ltr'>flumen</span> <span class='ocrx_word' id='word_1_34' title='bbox 873 689 928 734; x_wconf 91' lang='lat' dir='ltr'>eas</span> <span class='ocrx_word' id='word_1_35' title='bbox 946 690 1082 755; x_wconf 83' lang='lat' dir='ltr'>quoque,</span> <span class='ocrx_word' id='word_1_36' title='bbox 1101 691 1116 739; x_wconf 83' lang='lat' dir='ltr'>s</span> 
     </span>
     <span class='ocr_line' id='line_1_6' title="bbox 96 761 1085 848; baseline -0.001 -19"><span class='ocrx_word' id='word_1_37' title='bbox 96 790 134 837; x_wconf 71' lang='lat' dir='ltr'>ns</span> <span class='ocrx_word' id='word_1_38' title='bbox 151 762 322 829; x_wconf 64' lang='lat' dir='ltr'>nonnis</span> <span class='ocrx_word' id='word_1_39' title='bbox 344 761 517 829; x_wconf 88' lang='lat' dir='ltr'>minoribus</span> <span class='ocrx_word' id='word_1_40' title='bbox 539 762 729 840; x_wconf 88' lang='lat' dir='ltr'>habuerant,</span> <span class='ocrx_word' id='word_1_41' title='bbox 755 761 863 848; x_wconf 85' lang='lat' dir='ltr'>eopias</span> <span class='ocrx_word' id='word_1_42' title='bbox 885 761 951 828; x_wconf 87' lang='lat' dir='ltr'>suis</span> <span class='ocrx_word' id='word_1_43' title='bbox 972 762 1085 829; x_wconf 87' lang='lat' dir='ltr'>adiun-</span> 
     </span>
     <span class='ocr_line' id='line_1_7' title="bbox 96 855 1084 937; baseline 0.001 -15"><span class='ocrx_word' id='word_1_44' title='bbox 96 869 140 931; x_wconf 62' lang='grc' dir='ltr'>ω</span> <span class='ocrx_word' id='word_1_45' title='bbox 157 864 251 937; x_wconf 78' lang='lat' dir='ltr'>atque</span> <span class='ocrx_word' id='word_1_46' title='bbox 278 855 322 922; x_wconf 83' lang='lat' dir='ltr'>ita</span> <span class='ocrx_word' id='word_1_47' title='bbox 346 856 499 922; x_wconf 84' lang='lat' dir='ltr'>instructa</span> <span class='ocrx_word' id='word_1_48' title='bbox 524 857 592 922; x_wconf 84' lang='lat' dir='ltr'>acie</span> <span class='ocrx_word' id='word_1_49' title='bbox 617 857 652 921; x_wconf 91' lang='lat' dir='ltr'>in</span> <span class='ocrx_word' id='word_1_50' title='bbox 673 857 783 922; x_wconf 81' lang='lat' dir='ltr'>dextm</span> <span class='ocrx_word' id='word_1_51' title='bbox 805 877 903 922; x_wconf 88' lang='lat' dir='ltr'>eornu</span> <span class='ocrx_word' id='word_1_52' title='bbox 918 856 996 922; x_wconf 94' lang='lat' dir='ltr'>-id</span> <span class='ocrx_word' id='word_1_53' title='bbox 1016 867 1084 924; x_wconf 87' lang='lat' dir='ltr'>erat</span> 
     </span>
     <span class='ocr_line' id='line_1_8' title="bbox 96 948 1083 1037; baseline 0.002 -21"><span class='ocrx_word' id='word_1_54' title='bbox 96 948 318 1036; x_wconf 76' lang='lat' dir='ltr'>nmiuiptopius</span> <span class='ocrx_word' id='word_1_55' title='bbox 329 987 358 1000; x_wconf 92' lang='lat'>-</span> <span class='ocrx_word' id='word_1_56' title='bbox 368 949 531 1017; x_wconf 87' lang='lat' dir='ltr'>Romanos</span> <span class='ocrx_word' id='word_1_57' title='bbox 548 951 669 1036; x_wconf 78' lang='lat' dir='ltr'>equites</span> <span class='ocrx_word' id='word_1_58' title='bbox 686 950 805 1028; x_wconf 82' lang='lat' dir='ltr'>locant,</span> <span class='ocrx_word' id='word_1_59' title='bbox 824 949 937 1016; x_wconf 90' lang='lat' dir='ltr'>deinde</span> <span class='ocrx_word' id='word_1_60' title='bbox 950 951 1083 1037; x_wconf 82' lang='lat' dir='ltr'>pedites</span> 
     </span>
     <span class='ocr_line' id='line_1_9' title="bbox 96 1043 1117 1129; baseline 0.008 -24"><span class='ocrx_word' id='word_1_61' title='bbox 96 1059 294 1115; x_wconf 57' lang='lat' dir='ltr'>„nummu</span> <span class='ocrx_word' id='word_1_62' title='bbox 309 1044 442 1110; x_wconf 83' lang='lat' dir='ltr'>extremi</span> <span class='ocrx_word' id='word_1_63' title='bbox 459 1045 580 1129; x_wconf 86' lang='lat' dir='ltr'>equite&#39;s</span> <span class='ocrx_word' id='word_1_64' title='bbox 599 1044 771 1122; x_wconf 82' lang='lat' dir='ltr'>sociorum,</span> <span class='ocrx_word' id='word_1_65' title='bbox 792 1043 876 1109; x_wconf 87' lang='lat' dir='ltr'>intra</span> <span class='ocrx_word' id='word_1_66' title='bbox 896 1044 1019 1129; x_wconf 83' lang='lat' dir='ltr'>pedites</span> <span class='ocrx_word' id='word_1_67' title='bbox 1042 1044 1117 1113; x_wconf 76' lang='lat' dir='ltr'>ads</span> 
     </span>
     <span class='ocr_line' id='line_1_10' title="bbox 96 1130 1083 1225; baseline -0.003 -18"><span class='ocrx_word' id='word_1_68' title='bbox 96 1135 197 1207; x_wconf 63' lang='grc' dir='ltr'>ὼ</span> <span class='ocrx_word' id='word_1_69' title='bbox 206 1130 307 1203; x_wconf 72' lang='lat' dir='ltr'>unet</span> <span class='ocrx_word' id='word_1_70' title='bbox 322 1136 501 1225; x_wconf 83' lang='lat' dir='ltr'>legionibus</span> <span class='ocrx_word' id='word_1_71' title='bbox 514 1137 667 1204; x_wconf 90' lang='lat' dir='ltr'>Romanis</span> <span class='ocrx_word' id='word_1_72' title='bbox 685 1146 861 1202; x_wconf 84' lang='lat' dir='ltr'>tenuerunt.</span> <span class='ocrx_word' id='word_1_73' title='bbox 896 1137 1083 1204; x_wconf 77' lang='lat' dir='ltr'>iaculatores</span> 
     </span>
     <span class='ocr_line' id='line_1_11' title="bbox 102 1226 1082 1319; baseline 0.004 -24"><span class='ocrx_word' id='word_1_74' title='bbox 102 1226 262 1295; x_wconf 65' lang='lat' dir='ltr'>noteris</span> <span class='ocrx_word' id='word_1_75' title='bbox 282 1232 398 1298; x_wconf 85' lang='lat' dir='ltr'>levium</span> <span class='ocrx_word' id='word_1_76' title='bbox 419 1255 579 1298; x_wconf 86' lang='lat' dir='ltr'>armorum</span> <span class='ocrx_word' id='word_1_77' title='bbox 600 1232 724 1298; x_wconf 81' lang='lat' dir='ltr'>auxiliis</span> <span class='ocrx_word' id='word_1_78' title='bbox 749 1231 853 1319; x_wconf 86' lang='lat' dir='ltr'>prima</span> <span class='ocrx_word' id='word_1_79' title='bbox 869 1231 962 1299; x_wconf 86' lang='lat' dir='ltr'>&#39;aoies</span> <span class='ocrx_word' id='word_1_80' title='bbox 988 1232 1082 1299; x_wconf 77' lang='lat' dir='ltr'>faeta</span> 
     </span>
     <span class='ocr_line' id='line_1_12' title="bbox 96 1316 1117 1405; baseline 0.002 -12"><span class='ocrx_word' id='word_1_81' title='bbox 96 1316 210 1393; x_wconf 59' lang='lat' dir='ltr'>aule</span> <span class='ocrx_word' id='word_1_82' title='bbox 233 1343 347 1392; x_wconf 80' lang='lat' dir='ltr'>cornua</span> <span class='ocrx_word' id='word_1_83' title='bbox 371 1337 552 1405; x_wconf 89' lang='lat' dir='ltr'>tenuerunt,</span> <span class='ocrx_word' id='word_1_84' title='bbox 580 1326 747 1392; x_wconf 82' lang='lat' dir='ltr'>Terentius</span> <span class='ocrx_word' id='word_1_85' title='bbox 772 1325 899 1392; x_wconf 83' lang='lat' dir='ltr'>laevum</span> <span class='ocrx_word' id='word_1_86' title='bbox 924 1325 1117 1395; x_wconf 80' lang='lat' dir='ltr'>Aemiliuss</span> 
     </span>
     <span class='ocr_line' id='line_1_13' title="bbox 113 1410 1000 1508; baseline 0.007 -29"><span class='ocrx_word' id='word_1_87' title='bbox 113 1410 223 1489; x_wconf 64' lang='lat' dir='ltr'>hm,</span> <span class='ocrx_word' id='word_1_88' title='bbox 236 1413 367 1487; x_wconf 85' lang='lat' dir='ltr'>Gemino</span> <span class='ocrx_word' id='word_1_89' title='bbox 385 1419 519 1488; x_wconf 82' lang='lat' dir='ltr'>Servilio</span> <span class='ocrx_word' id='word_1_90' title='bbox 537 1420 642 1487; x_wconf 89' lang='lat' dir='ltr'>media</span> <span class='ocrx_word' id='word_1_91' title='bbox 658 1443 766 1508; x_wconf 82' lang='lat' dir='ltr'>pugne</span> <span class='ocrx_word' id='word_1_92' title='bbox 782 1420 901 1486; x_wconf 88' lang='lat' dir='ltr'>tuenda</span> <span class='ocrx_word' id='word_1_93' title='bbox 916 1419 1000 1485; x_wconf 82' lang='lat' dir='ltr'>data.</span> 
     </span>
     <span class='ocr_line' id='line_1_14' title="bbox 114 1502 1117 1601; baseline 0.004 -22"><span class='ocrx_word' id='word_1_94' title='bbox 114 1543 117 1576; x_wconf 75' lang='grc' dir='ltr'>κ</span> <span class='ocrx_word' id='word_1_95' title='bbox 167 1502 323 1580; x_wconf 76' lang='lat' dir='ltr'>leVL</span> <span class='ocrx_word' id='word_1_96' title='bbox 367 1515 530 1583; x_wconf 77' lang='lat' dir='ltr'>Hannibal</span> <span class='ocrx_word' id='word_1_97' title='bbox 552 1516 622 1581; x_wconf 86' lang='lat' dir='ltr'>luce</span> <span class='ocrx_word' id='word_1_98' title='bbox 644 1515 746 1601; x_wconf 87' lang='lat' dir='ltr'>prima</span> <span class='ocrx_word' id='word_1_99' title='bbox 762 1512 942 1581; x_wconf 80' lang='lat' dir='ltr'>Baliaribus</span> <span class='ocrx_word' id='word_1_100' title='bbox 959 1513 1084 1599; x_wconf 84' lang='lat' dir='ltr'>levique</span> <span class='ocrx_word' id='word_1_101' title='bbox 1103 1536 1117 1583; x_wconf 93' lang='lat'>1</span> 
     </span>
     <span class='ocr_line' id='line_1_15' title="bbox 144 1609 1084 1697; baseline -0.001 -23"><span class='ocrx_word' id='word_1_102' title='bbox 144 1625 145 1628; x_wconf 74' lang='grc'>’</span> <span class='ocrx_word' id='word_1_103' title='bbox 182 1614 295 1674; x_wconf 62' lang='lat' dir='ltr'>matura</span> <span class='ocrx_word' id='word_1_104' title='bbox 310 1609 484 1695; x_wconf 84' lang='lat' dir='ltr'>praemissa</span> <span class='ocrx_word' id='word_1_105' title='bbox 500 1621 716 1697; x_wconf 81' lang='lat' dir='ltr'>transgressus</span> <span class='ocrx_word' id='word_1_106' title='bbox 733 1609 867 1687; x_wconf 86' lang='lat' dir='ltr'>flumen,</span> <span class='ocrx_word' id='word_1_107' title='bbox 888 1617 925 1674; x_wconf 87' lang='lat' dir='ltr'>ut</span> <span class='ocrx_word' id='word_1_108' title='bbox 940 1629 1084 1694; x_wconf 89' lang='lat' dir='ltr'>quosque</span> 
     </span>
     <span class='ocr_line' id='line_1_16' title="bbox 139 1699 1118 1789; baseline 0.005 -22"><span class='ocrx_word' id='word_1_109' title='bbox 139 1699 148 1734; x_wconf 69' lang='lat'><em>²</em></span> <span class='ocrx_word' id='word_1_110' title='bbox 168 1720 193 1743; x_wconf 43' lang='lat'>*¹*</span> <span class='ocrx_word' id='word_1_111' title='bbox 207 1727 230 1752; x_wconf 85' lang='lat'>·</span> <span class='ocrx_word' id='word_1_112' title='bbox 248 1701 308 1777; x_wconf 86' lang='lat' dir='ltr'>,ita</span> <span class='ocrx_word' id='word_1_113' title='bbox 319 1705 353 1768; x_wconf 93' lang='lat' dir='ltr'>in</span> <span class='ocrx_word' id='word_1_114' title='bbox 365 1703 433 1769; x_wconf 88' lang='lat' dir='ltr'>aoie</span> <span class='ocrx_word' id='word_1_115' title='bbox 445 1704 583 1771; x_wconf 83' lang='lat' dir='ltr'>loeabat=</span> <span class='ocrx_word' id='word_1_116' title='bbox 603 1701 713 1770; x_wconf 84' lang='lat' dir='ltr'>Gallos</span> <span class='ocrx_word' id='word_1_117' title='bbox 721 1702 949 1789; x_wconf 90' lang='lat' dir='ltr'>Hispanosque</span> <span class='ocrx_word' id='word_1_118' title='bbox 962 1702 1083 1787; x_wconf 89' lang='lat' dir='ltr'>equites</span> <span class='ocrx_word' id='word_1_119' title='bbox 1102 1724 1118 1772; x_wconf 75' lang='lat' dir='ltr'>a</span> 
     </span>
     <span class='ocr_line' id='line_1_17' title="bbox 153 1786 1084 1881; baseline 0 -18"><span class='ocrx_word' id='word_1_120' title='bbox 153 1814 163 1834; x_wconf 55' lang='lat'>¹&#39;</span> <span class='ocrx_word' id='word_1_121' title='bbox 174 1816 176 1837; x_wconf 62' lang='lat'><strong>¹</strong></span> <span class='ocrx_word' id='word_1_122' title='bbox 187 1813 190 1836; x_wconf 83' lang='lat'>²</span> <span class='ocrx_word' id='word_1_123' title='bbox 203 1786 272 1875; x_wconf 61' lang='grc' dir='ltr'>ἥρω</span> <span class='ocrx_word' id='word_1_124' title='bbox 286 1798 374 1865; x_wconf 87' lang='lat' dir='ltr'>laevo</span> <span class='ocrx_word' id='word_1_125' title='bbox 387 1799 421 1863; x_wconf 90' lang='lat' dir='ltr'>in</span> <span class='ocrx_word' id='word_1_126' title='bbox 433 1820 530 1865; x_wconf 88' lang='lat' dir='ltr'>oornu</span> <span class='ocrx_word' id='word_1_127' title='bbox 544 1798 696 1865; x_wconf 86' lang='lat' dir='ltr'>adversus</span> <span class='ocrx_word' id='word_1_128' title='bbox 705 1798 886 1865; x_wconf 88' lang='lat' dir='ltr'>Romanum</span> <span class='ocrx_word' id='word_1_129' title='bbox 899 1797 1084 1881; x_wconf 87' lang='lat' dir='ltr'>equitatum,</span> 
     </span>
     <span class='ocr_line' id='line_1_18' title="bbox 135 1891 1118 1978; baseline 0.001 -22"><span class='ocrx_word' id='word_1_130' title='bbox 135 1939 138 1956; x_wconf 54' lang='lat'><em>2</em></span> <span class='ocrx_word' id='word_1_131' title='bbox 197 1906 219 1936; x_wconf 78' lang='lat'>¹¹¹·</span> <span class='ocrx_word' id='word_1_132' title='bbox 235 1907 313 1956; x_wconf 77' lang='lat' dir='ltr'>ternu</span> <span class='ocrx_word' id='word_1_133' title='bbox 325 1891 470 1958; x_wconf 88' lang='lat' dir='ltr'>Numidis</span> <span class='ocrx_word' id='word_1_134' title='bbox 489 1891 646 1977; x_wconf 89' lang='lat' dir='ltr'>equitibus</span> <span class='ocrx_word' id='word_1_135' title='bbox 664 1893 774 1957; x_wconf 88' lang='lat' dir='ltr'>datum</span> <span class='ocrx_word' id='word_1_136' title='bbox 791 1892 896 1958; x_wconf 89' lang='lat' dir='ltr'>media</span> <span class='ocrx_word' id='word_1_137' title='bbox 912 1891 980 1957; x_wconf 79' lang='lat' dir='ltr'>acie</span> <span class='ocrx_word' id='word_1_138' title='bbox 996 1891 1085 1978; x_wconf 90' lang='lat' dir='ltr'>pedi-</span> <span class='ocrx_word' id='word_1_139' title='bbox 1103 1910 1118 1957; x_wconf 82' lang='lat'>3</span> 
     </span>
     <span class='ocr_line' id='line_1_19' title="bbox 130 1970 1085 2071; baseline 0.001 -23"><span class='ocrx_word' id='word_1_140' title='bbox 130 2023 134 2032; x_wconf 87' lang='lat'><em>·</em></span> <span class='ocrx_word' id='word_1_141' title='bbox 173 2002 174 2013; x_wconf 70' lang='grc'>’</span> <span class='ocrx_word' id='word_1_142' title='bbox 199 1970 293 2064; x_wconf 69' lang='lat' dir='ltr'>firma,</span> <span class='ocrx_word' id='word_1_143' title='bbox 314 1987 358 2052; x_wconf 91' lang='lat' dir='ltr'>ita</span> <span class='ocrx_word' id='word_1_144' title='bbox 375 1997 410 2051; x_wconf 88' lang='lat' dir='ltr'>ut</span> <span class='ocrx_word' id='word_1_145' title='bbox 426 1986 580 2052; x_wconf 84' lang='lat' dir='ltr'>Afrorum</span> <span class='ocrx_word' id='word_1_146' title='bbox 597 1999 729 2071; x_wconf 88' lang='lat' dir='ltr'>utraque</span> <span class='ocrx_word' id='word_1_147' title='bbox 752 2008 869 2052; x_wconf 85' lang='lat' dir='ltr'>cornua</span> <span class='ocrx_word' id='word_1_148' title='bbox 890 1996 1010 2064; x_wconf 88' lang='lat' dir='ltr'>essent,</span> <span class='ocrx_word' id='word_1_149' title='bbox 1037 1986 1085 2050; x_wconf 92' lang='lat' dir='ltr'>in-</span> 
     </span>
     <span class='ocr_line' id='line_1_20' title="bbox 100 2077 1120 2166; baseline -0.001 -22"><span class='ocrx_word' id='word_1_150' title='bbox 100 2126 102 2135; x_wconf 48' lang='lat'>1</span> <span class='ocrx_word' id='word_1_151' title='bbox 129 2089 150 2136; x_wconf 48' lang='lat'>¹7</span> <span class='ocrx_word' id='word_1_152' title='bbox 229 2085 290 2144; x_wconf 62' lang='lat' dir='ltr'>atur</span> <span class='ocrx_word' id='word_1_153' title='bbox 304 2080 354 2144; x_wconf 92' lang='lat' dir='ltr'>his</span> <span class='ocrx_word' id='word_1_154' title='bbox 377 2081 473 2145; x_wconf 93' lang='lat' dir='ltr'>medii</span> <span class='ocrx_word' id='word_1_155' title='bbox 491 2077 577 2146; x_wconf 88' lang='lat' dir='ltr'>Galli</span> <span class='ocrx_word' id='word_1_156' title='bbox 598 2089 693 2164; x_wconf 88' lang='lat' dir='ltr'>atque</span> <span class='ocrx_word' id='word_1_157' title='bbox 709 2080 857 2166; x_wconf 84' lang='lat' dir='ltr'>Hispani.</span> <span class='ocrx_word' id='word_1_158' title='bbox 902 2078 1001 2145; x_wconf 84' lang='lat' dir='ltr'>Afros</span> <span class='ocrx_word' id='word_1_159' title='bbox 1019 2079 1085 2145; x_wconf 89' lang='lat' dir='ltr'>Ro-</span> <span class='ocrx_word' id='word_1_160' title='bbox 1103 2100 1120 2143; x_wconf 81' lang='grc'>4</span> 
     </span>
     <span class='ocr_line' id='line_1_21' title="bbox 140 2173 1085 2259; baseline -0.002 -20"><span class='ocrx_word' id='word_1_161' title='bbox 140 2237 158 2251; x_wconf 69' lang='grc'>,,</span> <span class='ocrx_word' id='word_1_162' title='bbox 172 2183 180 2201; x_wconf 70' lang='grc'><strong><em>“</em></strong></span> <span class='ocrx_word' id='word_1_163' title='bbox 209 2186 312 2259; x_wconf 66' lang='lat' dir='ltr'>dogna</span> <span class='ocrx_word' id='word_1_164' title='bbox 330 2196 370 2239; x_wconf 85' lang='lat' dir='ltr'>ex</span> <span class='ocrx_word' id='word_1_165' title='bbox 386 2185 475 2259; x_wconf 89' lang='lat' dir='ltr'>parte</span> <span class='ocrx_word' id='word_1_166' title='bbox 493 2175 637 2239; x_wconf 82' lang='lat' dir='ltr'>crederes</span> <span class='ocrx_word' id='word_1_167' title='bbox 655 2174 771 2238; x_wconf 74' lang='lat' dir='ltr'>aoiemz</span> <span class='ocrx_word' id='word_1_168' title='bbox 797 2174 842 2238; x_wconf 87' lang='lat' dir='ltr'>ita</span> <span class='ocrx_word' id='word_1_169' title='bbox 864 2173 976 2238; x_wconf 85' lang='lat' dir='ltr'>armati</span> <span class='ocrx_word' id='word_1_170' title='bbox 997 2183 1085 2237; x_wconf 86' lang='lat' dir='ltr'>erant</span> 
     </span>
     <span class='ocr_line' id='line_1_22' title="bbox 98 2264 1085 2354; baseline -0.005 -19"><span class='ocrx_word' id='word_1_171' title='bbox 98 2304 106 2325; x_wconf 63' lang='grc' dir='ltr'><em>ε</em></span> <span class='ocrx_word' id='word_1_172' title='bbox 131 2281 166 2338; x_wconf 69' lang='grc' dir='ltr'>ε’</span> <span class='ocrx_word' id='word_1_173' title='bbox 209 2264 433 2346; x_wconf 73' lang='lat' dir='ltr'>lltd&#39;l&#39;rebiam,</span> <span class='ocrx_word' id='word_1_174' title='bbox 452 2279 590 2333; x_wconf 88' lang='lat' dir='ltr'>ceterum</span> <span class='ocrx_word' id='word_1_175' title='bbox 608 2291 725 2354; x_wconf 89' lang='lat' dir='ltr'>magna</span> <span class='ocrx_word' id='word_1_176' title='bbox 742 2289 783 2332; x_wconf 88' lang='lat' dir='ltr'>ex</span> <span class='ocrx_word' id='word_1_177' title='bbox 800 2276 889 2352; x_wconf 88' lang='lat' dir='ltr'>parte</span> <span class='ocrx_word' id='word_1_178' title='bbox 907 2266 949 2331; x_wconf 89' lang='lat' dir='ltr'>ad</span> <span class='ocrx_word' id='word_1_179' title='bbox 966 2266 1085 2330; x_wconf 87' lang='lat' dir='ltr'>Trasu-</span> 
     </span>
     <span class='ocr_line' id='line_1_23' title="bbox 131 2359 1118 2448; baseline -0.006 -19"><span class='ocrx_word' id='word_1_180' title='bbox 131 2360 308 2446; x_wconf 54' lang='lat' dir='ltr'>vtis.</span> <span class='ocrx_word' id='word_1_181' title='bbox 346 2359 448 2427; x_wconf 87' lang='lat' dir='ltr'>Gallis</span> <span class='ocrx_word' id='word_1_182' title='bbox 461 2361 678 2448; x_wconf 89' lang='lat' dir='ltr'>Hispanisque</span> <span class='ocrx_word' id='word_1_183' title='bbox 697 2372 788 2426; x_wconf 84' lang='lat' dir='ltr'>scuta</span> <span class='ocrx_word' id='word_1_184' title='bbox 805 2360 946 2424; x_wconf 92' lang='lat' dir='ltr'>eiusdem</span> <span class='ocrx_word' id='word_1_185' title='bbox 963 2359 1084 2424; x_wconf 82' lang='lat' dir='ltr'>formae</span> <span class='ocrx_word' id='word_1_186' title='bbox 1102 2388 1118 2434; x_wconf 80' lang='lat'><strong>5</strong></span> 
     </span>
     <span class='ocr_line' id='line_1_24' title="bbox 101 2450 1084 2545; baseline 0.002 -29"><span class='ocrx_word' id='word_1_187' title='bbox 101 2487 103 2491; x_wconf 88' lang='lat'><em>·</em></span> <span class='ocrx_word' id='word_1_188' title='bbox 139 2471 156 2477; x_wconf 69' lang='grc'><strong>”</strong></span> <span class='ocrx_word' id='word_1_189' title='bbox 173 2458 248 2545; x_wconf 55' lang='grc' dir='ltr'>μί,</span> <span class='ocrx_word' id='word_1_190' title='bbox 264 2456 404 2542; x_wconf 89' lang='lat' dir='ltr'>dispares</span> <span class='ocrx_word' id='word_1_191' title='bbox 422 2478 460 2521; x_wconf 84' lang='lat' dir='ltr'>ao</span> <span class='ocrx_word' id='word_1_192' title='bbox 477 2456 646 2522; x_wconf 85' lang='lat' dir='ltr'>dissimiles</span> <span class='ocrx_word' id='word_1_193' title='bbox 664 2455 777 2541; x_wconf 87' lang='lat' dir='ltr'>gladii,</span> <span class='ocrx_word' id='word_1_194' title='bbox 802 2450 904 2520; x_wconf 89' lang='lat' dir='ltr'>Gallis</span> <span class='ocrx_word' id='word_1_195' title='bbox 921 2452 1084 2539; x_wconf 83' lang='lat' dir='ltr'>praelongi</span> 
     </span>
     <span class='ocr_line' id='line_1_25' title="bbox 102 2547 1085 2636; baseline -0.01 -15"><span class='ocrx_word' id='word_1_196' title='bbox 102 2547 108 2559; x_wconf 78' lang='grc'>’</span> <span class='ocrx_word' id='word_1_197' title='bbox 139 2548 411 2629; x_wconf 57' lang='lat' dir='ltr'>umbonibus,</span> <span class='ocrx_word' id='word_1_198' title='bbox 428 2549 589 2636; x_wconf 88' lang='lat' dir='ltr'>Hispano,</span> <span class='ocrx_word' id='word_1_199' title='bbox 611 2549 753 2636; x_wconf 92' lang='lat' dir='ltr'>punotim</span> <span class='ocrx_word' id='word_1_200' title='bbox 770 2549 873 2636; x_wconf 88' lang='lat' dir='ltr'>magis</span> <span class='ocrx_word' id='word_1_201' title='bbox 897 2569 993 2632; x_wconf 91' lang='lat' dir='ltr'>quam</span> <span class='ocrx_word' id='word_1_202' title='bbox 1014 2568 1085 2612; x_wconf 88' lang='lat' dir='ltr'>eae-</span> 
     </span>
     <span class='ocr_line' id='line_1_26' title="bbox 106 2628 1086 2730; baseline -0.006 -20"><span class='ocrx_word' id='word_1_203' title='bbox 106 2667 108 2674; x_wconf 54' lang='lat'>‘</span> <span class='ocrx_word' id='word_1_204' title='bbox 133 2705 134 2710; x_wconf 74' lang='grc'>,</span> <span class='ocrx_word' id='word_1_205' title='bbox 172 2628 264 2709; x_wconf 64' lang='lat' dir='ltr'>doato</span> <span class='ocrx_word' id='word_1_206' title='bbox 279 2653 386 2730; x_wconf 87' lang='lat' dir='ltr'>petere</span> <span class='ocrx_word' id='word_1_207' title='bbox 403 2644 540 2722; x_wconf 91' lang='lat' dir='ltr'>bostem,</span> <span class='ocrx_word' id='word_1_208' title='bbox 562 2642 715 2709; x_wconf 87' lang='lat' dir='ltr'>brevitate</span> <span class='ocrx_word' id='word_1_209' title='bbox 732 2642 854 2709; x_wconf 87' lang='lat' dir='ltr'>habiles</span> <span class='ocrx_word' id='word_1_210' title='bbox 873 2653 996 2708; x_wconf 86' lang='lat' dir='ltr'>etcum</span> <span class='ocrx_word' id='word_1_211' title='bbox 1016 2661 1086 2705; x_wconf 92' lang='lat' dir='ltr'>mu·</span> 
     </span>
     <span class='ocr_line' id='line_1_27' title="bbox 95 2736 1084 2825; baseline 0 -24"><span class='ocrx_word' id='word_1_212' title='bbox 95 2794 96 2801; x_wconf 74' lang='grc'>,</span> <span class='ocrx_word' id='word_1_213' title='bbox 146 2747 154 2764; x_wconf 70' lang='grc'><em>”</em></span> <span class='ocrx_word' id='word_1_214' title='bbox 255 2759 331 2803; x_wconf 87' lang='lat' dir='ltr'>sane</span> <span class='ocrx_word' id='word_1_215' title='bbox 363 2746 394 2803; x_wconf 89' lang='lat' dir='ltr'>et</span> <span class='ocrx_word' id='word_1_216' title='bbox 423 2737 504 2804; x_wconf 89' lang='lat' dir='ltr'>alius</span> <span class='ocrx_word' id='word_1_217' title='bbox 534 2736 661 2803; x_wconf 91' lang='lat' dir='ltr'>babitus</span> <span class='ocrx_word' id='word_1_218' title='bbox 692 2737 835 2825; x_wconf 88' lang='lat' dir='ltr'>gentium</span> <span class='ocrx_word' id='word_1_219' title='bbox 865 2736 977 2802; x_wconf 87' lang='lat' dir='ltr'>harum</span> <span class='ocrx_word' id='word_1_220' title='bbox 1012 2757 1084 2801; x_wconf 85' lang='lat' dir='ltr'>cum</span> 
     </span>
     <span class='ocr_line' id='line_1_28' title="bbox 160 2827 1118 2918; baseline -0.001 -22"><span class='ocrx_word' id='word_1_221' title='bbox 160 2852 269 2896; x_wconf 45' lang='lat' dir='ltr'>frume</span> <span class='ocrx_word' id='word_1_222' title='bbox 294 2853 460 2918; x_wconf 85' lang='lat' dir='ltr'>corporum</span> <span class='ocrx_word' id='word_1_223' title='bbox 485 2842 553 2897; x_wconf 90' lang='lat' dir='ltr'>tum</span> <span class='ocrx_word' id='word_1_224' title='bbox 579 2832 684 2918; x_wconf 88' lang='lat' dir='ltr'>speeie</span> <span class='ocrx_word' id='word_1_225' title='bbox 711 2831 856 2897; x_wconf 85' lang='lat' dir='ltr'>terribilis</span> <span class='ocrx_word' id='word_1_226' title='bbox 879 2841 955 2897; x_wconf 87' lang='lat' dir='ltr'>erat.</span> <span class='ocrx_word' id='word_1_227' title='bbox 1000 2827 1118 2896; x_wconf 82' lang='lat' dir='ltr'>Gallio</span> 
     </span>
     <span class='ocr_line' id='line_1_29' title="bbox 189 2923 1083 3012; baseline -0.003 -22.197"><span class='ocrx_word' id='word_1_228' title='bbox 189 2923 360 2992; x_wconf 84' lang='lat' dir='ltr'>unbilieum</span> <span class='ocrx_word' id='word_1_229' title='bbox 385 2937 473 2992; x_wconf 89' lang='lat' dir='ltr'>erant</span> <span class='ocrx_word' id='word_1_230' title='bbox 498 2927 590 3005; x_wconf 92' lang='lat' dir='ltr'>nudi,</span> <span class='ocrx_word' id='word_1_231' title='bbox 615 2926 755 3012; x_wconf 86' lang='lat' dir='ltr'>Hispani</span> <span class='ocrx_word' id='word_1_232' title='bbox 780 2926 884 2992; x_wconf 89' lang='lat' dir='ltr'>linteis</span> <span class='ocrx_word' id='word_1_233' title='bbox 914 2924 1083 3011; x_wconf 87' lang='lat' dir='ltr'>praetextis</span> 
     </span>
     <span class='ocr_line' id='line_1_30' title="bbox 223 3018 1083 3106; baseline -0.003 -22.223"><span class='ocrx_word' id='word_1_234' title='bbox 223 3020 336 3085; x_wconf 81' lang='lat' dir='ltr'>tunicis</span> <span class='ocrx_word' id='word_1_235' title='bbox 363 3021 498 3086; x_wconf 83' lang='lat' dir='ltr'>candore</span> <span class='ocrx_word' id='word_1_236' title='bbox 527 3021 607 3086; x_wconf 88' lang='lat' dir='ltr'>miro</span> <span class='ocrx_word' id='word_1_237' title='bbox 641 3019 837 3106; x_wconf 83' lang='lat' dir='ltr'>fulgentibus</span> <span class='ocrx_word' id='word_1_238' title='bbox 872 3018 1083 3085; x_wconf 82' lang='lat' dir='ltr'>constiterant</span> 
     </span>
     <span class='ocr_line' id='line_1_31' title="bbox 116 3111 1084 3200; baseline -0.004 -22"><span class='ocrx_word' id='word_1_239' title='bbox 116 3183 117 3186; x_wconf 48' lang='lat'>,</span> <span class='ocrx_word' id='word_1_240' title='bbox 148 3135 168 3160; x_wconf 49' lang='lat' dir='ltr'>s</span> <span class='ocrx_word' id='word_1_241' title='bbox 183 3138 201 3167; x_wconf 78' lang='lat'>¹:</span> <span class='ocrx_word' id='word_1_242' title='bbox 229 3114 372 3178; x_wconf 91' lang='lat' dir='ltr'>omnium</span> <span class='ocrx_word' id='word_1_243' title='bbox 401 3115 556 3200; x_wconf 90' lang='lat' dir='ltr'>peditum,</span> <span class='ocrx_word' id='word_1_244' title='bbox 592 3114 647 3198; x_wconf 92' lang='lat' dir='ltr'>qui</span> <span class='ocrx_word' id='word_1_245' title='bbox 677 3124 745 3178; x_wconf 90' lang='lat' dir='ltr'>tum</span> <span class='ocrx_word' id='word_1_246' title='bbox 771 3122 924 3178; x_wconf 88' lang='lat' dir='ltr'>steterunt</span> <span class='ocrx_word' id='word_1_247' title='bbox 948 3111 983 3175; x_wconf 90' lang='lat' dir='ltr'>in</span> <span class='ocrx_word' id='word_1_248' title='bbox 1008 3111 1084 3187; x_wconf 86' lang='lat' dir='ltr'>acie,</span> 
     </span>
     <span class='ocr_line' id='line_1_32' title="bbox 104 3203 1119 3293; baseline -0.008 -17"><span class='ocrx_word' id='word_1_249' title='bbox 104 3247 109 3276; x_wconf 64' lang='lat' dir='ltr'>s</span> <span class='ocrx_word' id='word_1_250' title='bbox 138 3228 175 3257; x_wconf 62' lang='lat' dir='ltr'>‘to</span> <span class='ocrx_word' id='word_1_251' title='bbox 195 3205 253 3271; x_wconf 84' lang='lat' dir='ltr'>fuit</span> <span class='ocrx_word' id='word_1_252' title='bbox 270 3207 493 3293; x_wconf 88' lang='lat' dir='ltr'>quadraginta,</span> <span class='ocrx_word' id='word_1_253' title='bbox 513 3209 622 3273; x_wconf 88' lang='lat' dir='ltr'>deoem</span> <span class='ocrx_word' id='word_1_254' title='bbox 641 3208 791 3292; x_wconf 88' lang='lat' dir='ltr'>equitum.</span> <span class='ocrx_word' id='word_1_255' title='bbox 823 3206 919 3271; x_wconf 81' lang='lat' dir='ltr'>duces</span> <span class='ocrx_word' id='word_1_256' title='bbox 938 3203 1119 3270; x_wconf 78' lang='lat' dir='ltr'>cornibusr</span> 
     </span>
     <span class='ocr_line' id='line_1_33' title="bbox 155 3299 1086 3381; baseline -0.002 -15.068"><span class='ocrx_word' id='word_1_257' title='bbox 155 3341 157 3349; x_wconf 69' lang='lat'>,</span> <span class='ocrx_word' id='word_1_258' title='bbox 176 3312 231 3366; x_wconf 65' lang='lat' dir='ltr'>sut.</span> <span class='ocrx_word' id='word_1_259' title='bbox 254 3302 382 3367; x_wconf 86' lang='lat' dir='ltr'>sinistro</span> <span class='ocrx_word' id='word_1_260' title='bbox 399 3301 598 3381; x_wconf 87' lang='lat' dir='ltr'>Hasdrubal,</span> <span class='ocrx_word' id='word_1_261' title='bbox 617 3303 727 3368; x_wconf 81' lang='lat' dir='ltr'>dextm</span> <span class='ocrx_word' id='word_1_262' title='bbox 743 3300 927 3378; x_wconf 82' lang='lat' dir='ltr'>Maharba13</span> <span class='ocrx_word' id='word_1_263' title='bbox 949 3299 1086 3365; x_wconf 86' lang='lat' dir='ltr'>mediam</span> 
     </span>
     <span class='ocr_line' id='line_1_34' title="bbox 114 3394 1118 3483; baseline -0.005 -21"><span class='ocrx_word' id='word_1_264' title='bbox 114 3423 155 3445; x_wconf 47' lang='lat' dir='ltr'>*a</span> <span class='ocrx_word' id='word_1_265' title='bbox 174 3394 336 3462; x_wconf 88' lang='lat' dir='ltr'>Hannibal</span> <span class='ocrx_word' id='word_1_266' title='bbox 353 3397 421 3483; x_wconf 89' lang='lat' dir='ltr'>ipse</span> <span class='ocrx_word' id='word_1_267' title='bbox 440 3398 625 3463; x_wconf 88' lang='lat' dir='ltr'>cumfratre</span> <span class='ocrx_word' id='word_1_268' title='bbox 642 3397 783 3483; x_wconf 84' lang='lat' dir='ltr'>Magone</span> <span class='ocrx_word' id='word_1_269' title='bbox 800 3395 909 3462; x_wconf 87' lang='lat' dir='ltr'>tenuit.</span> <span class='ocrx_word' id='word_1_270' title='bbox 945 3394 1008 3472; x_wconf 90' lang='lat' dir='ltr'>sol,</span> <span class='ocrx_word' id='word_1_271' title='bbox 1027 3417 1084 3460; x_wconf 91' lang='lat' dir='ltr'>seu</span> <span class='ocrx_word' id='word_1_272' title='bbox 1102 3408 1118 3457; x_wconf 85' lang='lat'>8</span> 
     </span>
     <span class='ocr_line' id='line_1_35' title="bbox 94 3470 1087 3576; baseline 0.002 -25"><span class='ocrx_word' id='word_1_273' title='bbox 94 3470 268 3556; x_wconf 74' lang='lat' dir='ltr'>bndntria</span> <span class='ocrx_word' id='word_1_274' title='bbox 283 3492 329 3556; x_wconf 88' lang='lat' dir='ltr'>ita</span> <span class='ocrx_word' id='word_1_275' title='bbox 346 3490 455 3556; x_wconf 88' lang='lat' dir='ltr'>loeatis</span> <span class='ocrx_word' id='word_1_276' title='bbox 474 3515 531 3557; x_wconf 91' lang='lat' dir='ltr'>seu</span> <span class='ocrx_word' id='word_1_277' title='bbox 548 3492 633 3576; x_wconf 90' lang='lat' dir='ltr'>quod</span> <span class='ocrx_word' id='word_1_278' title='bbox 654 3492 736 3557; x_wconf 85' lang='lat' dir='ltr'>forte</span> <span class='ocrx_word' id='word_1_279' title='bbox 757 3491 802 3556; x_wconf 89' lang='lat' dir='ltr'>ita</span> <span class='ocrx_word' id='word_1_280' title='bbox 824 3500 952 3569; x_wconf 87' lang='lat' dir='ltr'>stetere,</span> <span class='ocrx_word' id='word_1_281' title='bbox 974 3511 1087 3574; x_wconf 88' lang='lat' dir='ltr'>perop-</span> 
     </span>
     <span class='ocr_line' id='line_1_36' title="bbox 94 3582 1084 3672; baseline -0.003 -23"><span class='ocrx_word' id='word_1_282' title='bbox 94 3582 187 3650; x_wconf 66' lang='lat' dir='ltr'>ltlune</span> <span class='ocrx_word' id='word_1_283' title='bbox 203 3585 328 3669; x_wconf 88' lang='lat' dir='ltr'>utrique</span> <span class='ocrx_word' id='word_1_284' title='bbox 345 3586 427 3672; x_wconf 87' lang='lat' dir='ltr'>parti</span> <span class='ocrx_word' id='word_1_285' title='bbox 445 3586 589 3671; x_wconf 91' lang='lat' dir='ltr'>obliquus</span> <span class='ocrx_word' id='word_1_286' title='bbox 608 3596 683 3666; x_wconf 84' lang='lat' dir='ltr'>erat,</span> <span class='ocrx_word' id='word_1_287' title='bbox 702 3586 854 3651; x_wconf 86' lang='lat' dir='ltr'>Romanis</span> <span class='ocrx_word' id='word_1_288' title='bbox 866 3585 901 3648; x_wconf 91' lang='lat' dir='ltr'>in</span> <span class='ocrx_word' id='word_1_289' title='bbox 913 3583 1084 3659; x_wconf 89' lang='lat' dir='ltr'>meridiem,</span> 
     </span>
     <span class='ocr_line' id='line_1_37' title="bbox 94 3666 1120 3765; baseline -0.005 -20"><span class='ocrx_word' id='word_1_290' title='bbox 94 3666 171 3745; x_wconf 77' lang='lat' dir='ltr'>bois</span> <span class='ocrx_word' id='word_1_291' title='bbox 187 3679 222 3744; x_wconf 93' lang='lat' dir='ltr'>in</span> <span class='ocrx_word' id='word_1_292' title='bbox 240 3680 497 3765; x_wconf 87' lang='lat' dir='ltr'>septemtrionem</span> <span class='ocrx_word' id='word_1_293' title='bbox 515 3680 625 3746; x_wconf 88' lang='lat' dir='ltr'>versis.</span> <span class='ocrx_word' id='word_1_294' title='bbox 670 3689 782 3747; x_wconf 90' lang='lat' dir='ltr'>ventus</span> <span class='ocrx_word' id='word_1_295' title='bbox 795 3678 1020 3745; x_wconf 87' lang='lat' dir='ltr'>-Volturnum</span> <span class='ocrx_word' id='word_1_296' title='bbox 1037 3697 1087 3741; x_wconf 90' lang='lat' dir='ltr'>re-</span> <span class='ocrx_word' id='word_1_297' title='bbox 1105 3690 1120 3740; x_wconf 82' lang='grc'><strong>9</strong></span> 
     </span>
     <span class='ocr_line' id='line_1_38' title="bbox 94 3765 1087 3840; baseline -0.001 -3"><span class='ocrx_word' id='word_1_298' title='bbox 94 3765 156 3837; x_wconf 83' lang='lat' dir='ltr'>bnis</span> <span class='ocrx_word' id='word_1_299' title='bbox 176 3773 301 3840; x_wconf 83' lang='lat' dir='ltr'>incolae</span> <span class='ocrx_word' id='word_1_300' title='bbox 323 3784 438 3840; x_wconf 82' lang='lat' dir='ltr'>vocant</span> <span class='ocrx_word' id='word_1_301' title='bbox 454 3812 482 3824; x_wconf 89' lang='lat'><em>-</em></span> <span class='ocrx_word' id='word_1_302' title='bbox 498 3776 651 3840; x_wconf 85' lang='lat' dir='ltr'>adversus</span> <span class='ocrx_word' id='word_1_303' title='bbox 669 3774 822 3840; x_wconf 86' lang='lat' dir='ltr'>Romanis</span> <span class='ocrx_word' id='word_1_304' title='bbox 845 3781 968 3838; x_wconf 83' lang='lat' dir='ltr'>coortus</span> <span class='ocrx_word' id='word_1_305' title='bbox 988 3769 1087 3836; x_wconf 91' lang='lat' dir='ltr'>multo</span> 
     </span>
     <span class='ocr_line' id='line_1_39' title="bbox 94 3862 926 3955; baseline -0.001 -23"><span class='ocrx_word' id='word_1_306' title='bbox 94 3862 180 3933; x_wconf 79' lang='lat' dir='ltr'>lvere</span> <span class='ocrx_word' id='word_1_307' title='bbox 197 3866 321 3953; x_wconf 80' lang='lat' dir='ltr'>inipso</span> <span class='ocrx_word' id='word_1_308' title='bbox 338 3890 394 3934; x_wconf 88' lang='lat' dir='ltr'>ora</span> <span class='ocrx_word' id='word_1_309' title='bbox 411 3868 565 3935; x_wconf 86' lang='lat' dir='ltr'>volvendo</span> <span class='ocrx_word' id='word_1_310' title='bbox 581 3878 784 3955; x_wconf 84' lang='lat' dir='ltr'>prospectum</span> <span class='ocrx_word' id='word_1_311' title='bbox 801 3866 926 3933; x_wconf 87' lang='lat' dir='ltr'>ademit.</span> 
     </span>
    </p>
   </div>
   <div class='ocr_carea' id='block_1_3' title="bbox 99 3960 1121 4117">
    <p class='ocr_par' dir='ltr' id='par_1_3' title="bbox 99 3960 1121 4117">
     <span class='ocr_line' id='line_1_40' title="bbox 99 3960 1121 4117; baseline -0.01 -86"><span class='ocrx_word' id='word_1_312' title='bbox 99 3960 348 4108; x_wconf 29' lang='grc' dir='ltr'>ιΧΙΞΙὊΧΙΞΠῘΙΙ.</span> <span class='ocrx_word' id='word_1_313' title='bbox 384 3961 531 4030; x_wconf 87' lang='lat' dir='ltr'>Clamore</span> <span class='ocrx_word' id='word_1_314' title='bbox 553 3964 677 4030; x_wconf 88' lang='lat' dir='ltr'>sublato</span> <span class='ocrx_word' id='word_1_315' title='bbox 699 3985 884 4049; x_wconf 85' lang='lat' dir='ltr'>procursum</span> <span class='ocrx_word' id='word_1_316' title='bbox 898 3961 942 4117; x_wconf 65' lang='lat' dir='ltr'>7ab</span> <span class='ocrx_word' id='word_1_317' title='bbox 961 3960 1085 4027; x_wconf 82' lang='lat' dir='ltr'>auxiliis</span> <span class='ocrx_word' id='word_1_318' title='bbox 1109 3977 1121 4021; x_wconf 94' lang='lat'>1</span> 
     </span>
     <span class='ocr_line' id='line_1_41' title="bbox 117 4065 176 4109; baseline 0.034 -2"><span class='ocrx_word' id='word_1_319' title='bbox 117 4065 149 4108; x_wconf 71' lang='lat' dir='ltr'>se·</span> <span class='ocrx_word' id='word_1_320' title='bbox 162 4077 176 4109; x_wconf 74' lang='grc' dir='ltr'>ι</span> 
     </span>
    </p>
   </div>
   <div class='ocr_carea' id='block_1_4' title="bbox 0 0 1273 4514">
    <p class='ocr_par' dir='ltr' id='par_1_4' title="bbox 0 0 1273 4514">
     <span class='ocr_line' id='line_1_42' title="bbox 0 0 1273 4514; baseline 0 0"><span class='ocrx_word' id='word_1_321' title='bbox 0 0 1273 4514; x_wconf 95' lang='lat' dir='ltr'> </span> 
     </span>
    </p>
   </div>
  </div>
 </body>
</html>
