2528 4530
329 241 447 297 mana
464 241 648 313 xxv,s.a
667 240 821 312 [acam]
1029 229 1095 297 223

80 402 123 467 ‚de
150 411 335 479 sanxerunt,
369 397 484 465 liberos
512 398 700 467 Tarentinos
730 398 818 487 leges
845 422 965 484 suaque
991 401 1097 469 omnia

80 495 223 562 abituros
249 516 352 579 neque
379 493 479 559 ullum
505 492 641 580 vectigal
662 493 772 559 Poeno
798 515 952 578 pensuros
977 493 1097 580 praesi-
1197 482 1202 495 ⁴

80 591 188 655 liumve
205 588 321 655 invitos
337 598 517 673 recepturos
522 612 532 664 3
550 587 675 672 prodita
688 586 845 673 praesidia
855 584 1096 673 Carthaginien-

80 684 144 749 ium
161 683 239 749 fore.
284 682 363 747 haec
380 681 436 746 ubi
453 690 680 758 convenerunt,
707 690 783 745 tune
800 703 875 747 vero
891 679 1096 747 Philemenus
1114 705 1130 753 a

80 777 320 842 cosuetudinem
333 785 425 840 noete
439 773 624 860 egrediundi
637 772 851 857 redeundique
864 774 899 839 in
911 774 1021 839 urbem
1034 774 1097 841 fre-

80 870 254 955 quentiorem
264 869 378 934 facere.
398 878 429 933 et
442 878 509 933 erat
521 867 658 933 venandi
667 867 771 933 studio
780 868 928 955 insignis,
938 890 1096 953 canesque

80 975 99 1029 et
110 965 185 1029 alius
195 973 364 1051 apparatus
383 961 582 1047 sequebatur,
602 973 791 1048 captumque
800 961 899 1027 ferme
913 962 1032 1046 aliquid
1041 974 1096 1029 aut
1114 985 1148 1034 10

80 1057 214 1125 abhoste
237 1080 278 1123 ex
299 1066 484 1142 praeparato
511 1056 652 1121 adlatum
673 1055 862 1140 reportando
883 1055 1021 1122 donabat
1041 1066 1096 1121 aut

82 1151 220 1237 praefecto
230 1161 285 1216 aut
293 1150 476 1216 custodibus
486 1158 657 1235 portarum.
672 1158 764 1215 nocte
774 1149 910 1215 maxime
919 1171 1096 1217 commeare

83 1257 187 1330 propter
204 1255 325 1311 metum
341 1244 481 1309 hostium
499 1242 677 1309 credebant.
718 1242 774 1309 ubi
790 1242 854 1309 iam
872 1265 910 1309 eo
928 1252 1096 1309 consuetu·
1115 1269 1146 1319 11

87 1338 145 1403 linis
161 1340 299 1405 adducta
316 1361 365 1404 res
385 1347 442 1415 est,
460 1347 495 1401 ut
513 1358 711 1422 quocumque
729 1337 831 1403 noctis
849 1347 989 1422 tempore
1003 1337 1096 1405 sibilo

88 1430 198 1498 dedisset
207 1433 348 1520 signum,
361 1441 453 1519 porta
461 1432 643 1517 aperiretur,
661 1445 785 1517 tempus
795 1431 936 1519 agendae
949 1430 996 1496 rei
1004 1429 1096 1497 Han·

91 1523 269 1593 uibalivisum
279 1535 336 1591 est
368 1524 462 1590 tridui
470 1526 554 1591 viam
564 1525 685 1605 aberat;
702 1525 772 1603 ubi,
786 1548 850 1610 quo
863 1525 967 1591 minus
980 1526 1096 1589 mirum
1114 1548 1147 1597 12

91 1630 146 1684 esset
164 1642 230 1686 uno
258 1621 432 1705 eodemque
457 1618 528 1685 loeo
556 1621 669 1685 stativa
696 1641 768 1685 eum
795 1628 859 1683 tam
887 1618 942 1683 diu
967 1617 1093 1697 habere,

88 1732 190 1799 aegrum
205 1713 383 1779 simulabat
410 1712 563 1781 Romanis
582 1734 723 1798 quoque,
742 1713 797 1797 qui
814 1713 848 1777 in
863 1712 1021 1800 praesidio
1031 1712 1096 1779 Ta-
1114 1738 1146 1787 ra

87 1807 255 1886 antistant,
276 1818 422 1894 suspecta
440 1830 510 1873 esse
527 1808 591 1873 iam
610 1809 716 1896 segnis
735 1831 823 1875 mora
840 1809 909 1875 eiua
928 1809 1072 1875 desierat

128 1901 236 1967 VIIII.
284 1901 432 1969 Ceterum
458 1912 626 1988 postquam
654 1903 827 1968 Tarentum
853 1903 898 1969 ire
924 1903 1128 1982 constituitl

87 1992 169 2061 larem
196 1997 324 2063 milibus
349 1998 491 2084 peditum
515 2007 609 2082 atque
632 1998 787 2082 equitum,
811 2020 890 2083 quos
912 1998 945 2063 in
968 1997 1097 2084 expedi-

86 2086 143 2155 t'one
159 2091 325 2157 velocitate
343 2114 508 2177 corporum
526 2114 563 2156 ac
584 2092 711 2157 levitate
733 2115 891 2159 armorum
913 2093 1094 2179 aptissimos

86 2200 133 2248 tuse
151 2194 239 2251 ratus
262 2194 323 2263 est,
351 2185 471 2262 electis,
500 2197 612 2269 quarta
634 2185 743 2273 vigilia
762 2188 865 2253 noctis
888 2186 980 2275 signa
997 2187 1095 2252 movit

82 2279 305 2362 praemissisque
324 2280 483 2366 octoginta
500 2280 566 2345 fere
583 2278 729 2344 Numidis
753 2279 910 2363 equitibus
932 2280 1093 2366 praecipit,
1116 2300 1134 2349 2

82 2373 326 2439 utdisourrerent
349 2374 432 2438 circa
454 2374 521 2439 vias
543 2373 829 2460 perlustrarentque
855 2374 961 2438 omnia
983 2373 1093 2451 oeulis,

80 2480 107 2529 ae
119 2467 187 2551 quis
206 2467 379 2554 agrestium
396 2467 505 2553 procul
525 2477 681 2554 spectator
698 2468 833 2554 agminis
848 2467 985 2533 falleret:
1002 2488 1093 2552 prae-
1113 2486 1129 2532 a

80 2577 186 2643 gressus
212 2560 424 2640 retraherent,
460 2562 570 2628 obvios
602 2561 799 2640 occiderent,
834 2572 870 2627 ut
899 2561 1094 2648 praedonum

80 2654 160 2742 mags
178 2677 275 2742 quam
294 2656 448 2721 exercitus
472 2656 587 2722 accolis
611 2655 733 2741 species
756 2666 850 2722 esset.
894 2655 963 2742 ipse
980 2654 1096 2742 raptim

80 2749 183 2833 quine
211 2761 282 2815 acto
308 2750 487 2835 quindecim
513 2751 612 2816 ferme
642 2750 765 2817 milium
795 2750 898 2839 spatio
924 2760 1029 2817 eastra
1054 2748 1094 2815 ab

80 2836 196 2911 laento
213 2844 320 2930 posuit
338 2854 369 2909 et
387 2868 426 2911 ne
444 2845 488 2911 ibi
506 2845 634 2930 quidem
652 2845 809 2925 nuntiato,
837 2868 900 2931 quo
917 2856 1093 2934 pergerent,
1112 2864 1131 2911 4

80 2942 180 3005 butum
207 2949 396 3006 convocatos
423 2939 537 3005 milites
565 2941 700 3019 monuit,
727 2941 780 3007 via
802 2963 911 3008 omnes
933 2942 1014 3009 irent
1035 2963 1095 3007 neo

80 3030 178 3099 teverti
196 3054 387 3119 quemquam
405 3044 460 3100 aut
477 3035 628 3101 excedere
647 3034 789 3101 ordinem
802 3036 937 3122 agminis
951 3045 1096 3121 pateren-

80 3132 116 3191 Νι
128 3137 158 3194 et
174 3130 208 3194 in
224 3130 334 3216 primis
357 3130 467 3195 intenti
490 3132 531 3196 ad
552 3130 684 3217 imperia
705 3131 887 3217 accipienda
908 3140 1014 3196 essent
1031 3152 1095 3195 neu

81 3220 138 3301 thl
151 3223 214 3289 nisi
233 3224 350 3289 ducum
371 3225 461 3290 iussu
483 3226 636 3290 facerent:
665 3248 699 3291 se
721 3226 915 3310 intempore
938 3223 1096 3289 editurum

84 3330 145 3395 qma
156 3318 254 3384 vellet
271 3319 332 3406 agi.
370 3320 480 3385 eadem
498 3319 597 3385 ferme
614 3319 692 3385 hora
709 3320 884 3385 Tarentum
901 3318 987 3385 fama
1003 3338 1095 3403 prae-
1112 3336 1129 3384 5

82 3422 188 3479 meat
203 3411 359 3478 Numidas
377 3414 498 3498 equites
516 3436 636 3500 paucos
652 3413 797 3501 populari
814 3435 908 3501 agros
930 3422 1095 3479 terrorem·

80 3518 126 3583 que
139 3504 201 3573 late
219 3507 396 3594 agrestibus
414 3507 569 3574 iniecisse.
598 3509 639 3575 ad
656 3531 751 3595 quem
763 3509 909 3575 nuntium
921 3507 999 3573 nihil
1012 3506 1095 3573 ultra
1112 3525 1129 3573 e

80 3606 164 3667 metm
190 3601 368 3687 praefectus
395 3602 578 3680 Romanus,
615 3625 712 3687 quam
741 3613 776 3667 ut
805 3612 926 3688 partem
953 3601 1095 3685 equitum

80 3702 187 3775 postero
204 3697 256 3763 die
272 3697 342 3763 luce
359 3696 461 3785 prima
477 3695 599 3763 iuberet
617 3699 701 3763 exire
719 3698 760 3762 ad
777 3698 947 3763 arcendum
963 3694 1096 3783 popula-

80 3780 197 3857 b'nnibus
218 3791 357 3871 hostem;
384 3792 418 3857 in
440 3802 543 3858 cetera
566 3793 644 3859 adeo
667 3791 746 3857 nihil
767 3791 807 3857 ab
827 3814 864 3858 eo
881 3791 1001 3857 intenta
1017 3810 1127 3857 curat

80 3889 127 3960 tet,
143 3895 177 3951 ut
194 3895 303 3953 contra
319 3910 376 3974 pro
394 3896 580 3976 argumento
598 3887 693 3953 suerit
708 3885 763 3952 illa
779 3885 975 3973 procursatio
983 3883 1095 3951 Numi-

81 3968 186 4061 laum,
215 3979 431 4049 Hannibalem
457 3983 691 4067 exercitumque
718 3981 828 4047 castris
855 4003 920 4047 non
944 3979 1094 4049 movisse.
