2528 4514
338 221 458 277 arana
475 222 560 293 xxr,
580 223 622 279 ao.
636 224 679 279 31.
699 227 737 293 [a.
749 222 853 295 cara]
1075 214 1119 280 25

67 380 115 469 r'id
133 381 281 469 longum,
310 370 384 446 eum
406 380 446 447 ab
469 403 585 448 occasu
610 382 686 448 solis
709 381 750 447 ad
773 391 900 448 exortus
923 384 1120 452 intenderent

67 474 161 561 l'iter:
191 499 290 556 nuno,
328 486 498 564 postquam
532 477 630 543 multo
661 477 812 543 maiorem
842 487 964 565 partem
998 479 1155 550 itineriso

67 566 240 651 l,emensam
264 581 408 651 cernant,
435 571 636 659 Pyrenaeum
661 573 776 638 saltum
798 573 880 638 inter
905 572 1119 640 ferocissimas

149 676 191 732 tes
209 676 407 752 supemtum‚
430 665 621 732 Rhodanum
639 675 761 732 tantum
780 689 905 732 amnem
923 677 969 734 tot
991 667 1119 735 milibus

82 688 245 829 ‘ffiorum
268 761 509 848 prohibentibus
533 763 652 828 domita
675 763 770 827 etiam
795 762 895 849 ipsius
922 763 1061 828 fluminis
1086 764 1120 829 vi

92 856 258 935 ,’ἰθοῐωη,
286 857 320 920 in
342 866 514 942 conspeetu
531 856 626 944 Alpis
650 856 801 935 habeant,
830 879 962 942 quarum
986 858 1120 924 alterum

91 959 110 998 ἑ»
136 972 164 1014 ιο
188 950 300 1015 Italiae
328 950 383 1029 sit,
414 951 448 1015 in
474 952 552 1036 ipsis
578 952 676 1037 portis
703 951 842 1017 hostium
868 952 1017 1039 fatigatos
1045 951 1121 1018 sub-

147 1076 153 1084 ·
180 1074 185 1083 ·
208 1081 252 1092 —
270 1045 347 1129 quid
364 1043 459 1130 Alpis
478 1045 565 1110 aliud
583 1067 653 1112 esse
671 1046 834 1111 credentes
853 1068 948 1129 quam
966 1047 1119 1112 montium
1138 1069 1157 1117 c

94 1138 108 1236 ὶΓ
120 1139 282 1205 t'tudines?
305 1139 461 1225 fingerent
479 1139 603 1204 altiores
623 1139 780 1226 Pyrenaei
797 1140 891 1227 iugis.
927 1141 1029 1205 nullas
1048 1163 1120 1227 pro-
1139 1165 1155 1210 a

96 1243 166 1299 «ecto
178 1243 279 1299 terras
293 1233 416 1298 eaelum
431 1233 613 1320 contingere
626 1255 685 1300 nec
698 1234 967 1321 inexsuperabiles
981 1236 1120 1301 humano

98 1341 188 1406 {aen
209 1350 297 1406 esse,
320 1326 415 1413 Alpis
440 1328 567 1412 quidem
593 1328 743 1407 habitari,
771 1330 844 1406 ooli,
872 1328 1003 1415 gignere
1026 1338 1122 1413 atque

97 1479 98 1486 ,
120 1453 159 1478 a·
186 1424 376 1488 animantes:
403 1423 527 1508 pervias
550 1424 660 1509 paucis
684 1446 770 1501 esse,
800 1422 885 1510 [esse
908 1421 953 1510 et]
978 1423 1122 1489 exerciti·

97 1531 154 1600 3⁵²¹*
185 1539 241 1583 eos
256 1518 358 1603 ipsos,
378 1539 457 1601 quos
477 1529 620 1597 cernant,
639 1519 760 1605 legatos
779 1541 842 1583 non
861 1519 965 1604 pinnis
986 1518 1118 1584 sublime
1138 1537 1174 1586 8.

96 1619 136 1704 .ῑ ἶ
152 1636 180 1678 ιε
196 1611 292 1699 Alpis
312 1622 535 1699 transgressos.
572 1636 612 1678 ne
634 1615 769 1679 maiores
792 1615 919 1697 quidem
943 1637 1050 1680 eorum
1072 1616 1120 1678 in-

97 1711 151 1784 2711‘
165 1729 226 1785 as,
252 1707 308 1771 sed
327 1707 466 1772 advenas
484 1707 595 1773 Italiae
614 1708 749 1774 cultores
768 1709 826 1774 has
848 1709 936 1796 ipsas
954 1708 1049 1794 Alpis
1072 1710 1119 1774 in-

98 1800 227 1894 321t1bus
253 1823 348 1887 saepe
373 1801 551 1887 agminibus
575 1825 647 1868 cum
669 1803 776 1870 liberis
800 1826 837 1869 ac
855 1803 1042 1891 coniugibus
1060 1803 1120 1868 mi-

100 1919 101 1923 ’
134 1907 238 1960 atrum
264 1896 360 1961 modo
384 1905 451 1961 tuto
478 1898 700 1964 transmisisse.
737 1898 828 1963 militi
850 1899 977 1983 quidem
1000 1909 1119 1964 armato
1138 1917 1156 1965 9

97 2019 110 2043 n
133 2020 137 2047 ι
178 2012 283 2056 secum
301 1999 427 2076 praeter
444 1992 650 2058 instrumenta
668 1992 743 2058 belli
760 1995 897 2080 portanti
910 1994 987 2077 quid
999 1994 1119 2059 invium

98 2103 126 2137 «ἰ
164 2084 415 2172 inexsuperabile
441 2087 532 2152 esse?
577 2085 755 2174 Saguntum
782 2099 817 2152 ut
843 2098 1015 2174 caperetur,
1044 2088 1121 2173 quid

111 2209 136 2236 ω
169 2189 234 2245 octo
256 2203 384 2246 menses
406 2181 551 2266 periculi,
580 2183 655 2267 quid
678 2182 795 2249 laboris
819 2183 1007 2248 exhaustum
1030 2182 1120 2248 esse?

83 2268 231 2353 ‘Romam
248 2285 346 2361 caput
365 2276 450 2341 orbis
469 2286 635 2355 terrarum,
654 2276 833 2363 petentibus
852 2277 1021 2361 quiequam
1040 2277 1119 2342 adeo
1139 2295 1175 2344 1c

69 2372 227 2452 {luparum
253 2379 350 2454 atque
376 2371 508 2435 arduum
531 2372 645 2450 videri,
673 2370 758 2455 quod
780 2370 941 2456 inceptum
963 2371 1120 2435 moretur?
1200 2388 1201 2393 ’

81 2461 204 2547 &apae
233 2465 393 2549 quondam
424 2463 535 2532 Gallos
568 2489 618 2547 ea,
652 2487 733 2551 qnae
765 2464 843 2529 adiri
870 2485 965 2551 posse
990 2464 1119 2529 Poenus
1139 2486 1171 2532 11

110 2585 112 2607 l
125 2586 141 2611 a:
153 2588 159 2615 ι
171 2567 235 2624 ret.
276 2559 408 2644 proinde
427 2570 481 2625 aut
498 2561 645 2626 cederent
663 2561 768 2625 animo
787 2569 881 2643 atque
899 2558 1015 2624 virtute
1032 2558 1120 2646 genti

97 2651 134 2705 ἰν»
159 2672 211 2718 eos
228 2653 296 2717 dies
317 2653 431 2720 totiens
451 2654 491 2721 ab
511 2676 545 2720 se
563 2655 665 2720 uictae
684 2664 737 2719 aut
750 2653 869 2719 itineris
883 2653 979 2718 finem
994 2662 1120 2740 sperent

94 2742 228 2832 ‚campum
246 2747 483 2814 interiacentem
502 2748 610 2815 Tiberi
629 2771 667 2814 ac
684 2748 850 2814 moenibus
867 2748 1032 2815 Romanis.

82 2888 97 2910 .-
150 2840 284 2906 XXXI.
325 2841 389 2907 His
408 2843 678 2909 adhortationibus
697 2843 842 2909 incitatos
862 2866 993 2929 corpora
1011 2864 1120 2909 curare
1140 2865 1153 2911 1

87 2938 179 3021 ..utque
195 2937 235 3000 ad
252 2937 312 3001 iter
331 2959 366 3001 se
388 2959 499 3022 parare
521 2937 617 3003 iubet.
658 2947 785 3023 postero
808 2938 859 3002 die
880 2938 1042 3024 profectus
1065 2938 1156 3004 ade

84 3115 85 3118 Ἴ
114 3056 135 3080 ’ν
149 3052 177 3094 :a
192 3031 260 3116 ripa
277 3030 427 3097 Rhodani
444 3032 673 3098 mediterranea
694 3029 817 3098 Galliae
841 3032 933 3117 petit,
960 3054 1024 3096 non
1047 3032 1122 3114 quia

79 3161 80 3164 =
98 3123 197 3189 'nabor
213 3126 253 3190 ad
266 3124 361 3211 Alpis
380 3127 432 3190 via
450 3140 548 3205 esset,
569 3127 625 3192 sed
639 3136 790 3212 quantum
804 3150 823 3192 a
836 3126 915 3191 mari
927 3125 1120 3202 recessisset,

105 3214 188 3282 minua
214 3219 344 3285 obvium
370 3219 439 3285 fore
460 3220 640 3286 Romanum
664 3222 810 3298 credens,
838 3243 910 3286 cum
933 3240 995 3302 qno
1017 3217 1157 3303 prius-3

98 3314 180 3391 'quam
196 3314 229 3379 in
246 3314 373 3380 Italiam
396 3326 525 3381 ventum
548 3316 631 3381 soret
652 3337 716 3382 non
740 3316 859 3381 eratin
882 3313 987 3379 animo
1009 3335 1121 3378 manus

96 3408 256 3475 'conserere
293 3411 414 3494 quartis
435 3411 545 3476 castris
565 3411 606 3475 ad
623 3410 764 3476 Insulam
782 3409 933 3495 pervenit.
970 3408 1014 3473 ibi
1032 3408 1158 3474 Isara4

74 3581 82 3588 q
101 3494 322 3589 Rhodanusque
341 3529 450 3571 amnes
470 3505 602 3571 diversis
621 3529 661 3570 ex
675 3505 813 3591 Alpibus
833 3505 1032 3569 decurrentes
1053 3502 1122 3586 agri

101 3589 278 3679 aliquantum
305 3600 444 3686 amplexi
472 3600 634 3665 confluunt
659 3600 691 3664 in
718 3621 831 3676 unum3
862 3597 973 3662 mediis
1001 3595 1120 3679 campis
1187 3628 1190 3632 ·

97 3684 211 3758 Insulae
227 3717 346 3759 nomen
365 3695 508 3760 inditum.
545 3695 687 3761 incolunt
704 3716 802 3779 prope
816 3692 1022 3777 Allobroges,
1041 3710 1120 3775 gens
1140 3710 1157 3758 5

72 3781 147 3852 :iam
168 3789 241 3855 inde
265 3790 354 3855 nulla
378 3788 502 3856 Gallica
529 3800 623 3878 gente
651 3789 763 3875 opibus
792 3797 846 3854 aut
872 3787 958 3852 sama
983 3785 1120 3851 inferior.

67 3887 149 3989 r''tnm
176 3883 299 3950 discors
327 3895 409 3963 erat,
442 3886 532 3972 regni
558 3885 728 3951 certamine
760 3882 963 3968 ambigebant
993 3880 1159 3959 fratres36

67 3978 180 4044 ''maior
199 3989 231 4044 ct
249 3979 304 4065 qui
325 3980 412 4066 prius
425 3979 643 4066 imperitarat,
666 3978 811 4044 Braneus
834 3978 973 4058 nomine,
1001 3976 1121 4041 minore
