2528 4514
309 255 426 310 niusa
445 256 559 326 xxvr,
578 257 672 312 acer.
693 261 731 326 [a.
743 257 845 327 caro]
1028 247 1091 310 317

83 415 207 497 »risque
234 412 350 498 pariter
373 411 504 498 refringi
529 424 653 499 coepta3
685 425 717 479 et
741 437 817 479 mox
838 416 997 480 caedendo
1022 438 1097 481 con·

84 508 153 572 otis
174 529 216 571 ac
233 506 403 584 distractis,
422 529 461 571 ne
479 507 537 571 iter
554 507 758 593 inpediretur,
776 508 896 575 foribus
915 510 1025 575 armati
1037 510 1097 574 im·

83 611 171 666 etum
187 601 340 666 fecerunt.
371 624 487 687 magna
500 601 666 667 multitudo
680 612 711 667 et
724 626 831 669 muros
845 602 1093 681 transcendebat,
1114 626 1129 671 r

83 697 112 760 d
138 694 306 779 iipassim
327 695 368 758 ad
390 696 519 760 caedem
541 695 768 781 oppidanorum
789 697 886 776 versi3
921 698 989 775 illa,
1015 719 1096 781 quae

83 801 189 856 artam
208 789 352 876 ingressa
369 799 448 867 erat,
474 790 558 854 iusta
579 791 661 855 acies
685 813 756 856 cum
778 791 926 870 ducibus,
953 815 1026 879 cum
1047 815 1100 863 or-¹

83 885 193 949 nibus
214 884 317 949 media
334 882 411 948 urbe
429 884 462 947 in
479 882 582 948 forum
601 885 762 968 processit.
798 886 872 951 inde
886 909 958 952 cum
972 886 1096 952 duobus
1115 906 1130 954 8

83 978 231 1044 'metibus
258 977 407 1064 fugientis
430 979 553 1042 ‘videret
579 978 691 1056 hostis,
720 979 797 1044 alios
824 981 865 1045 ad
887 982 1042 1046 tumulum
1064 982 1098 1046 in

83 1075 222 1138 rientem
248 1085 396 1149 versum,
426 1073 480 1156 qui
506 1072 671 1137 tenebatur
696 1074 938 1160 quingentorum
963 1075 1097 1139 militum

83 1168 239 1243 raesidio,
267 1167 344 1232 alios
371 1167 404 1230 in
430 1189 548 1245 arcem,
575 1167 608 1231 in
634 1189 730 1251 quam
757 1179 788 1234 et
813 1169 881 1254 ipse
902 1168 1003 1255 Mago
1025 1191 1098 1234 cum

83 1262 215 1327 mnibus
238 1261 304 1326 fere
327 1261 452 1327 armatis
475 1262 529 1344 qui
550 1262 649 1329 muris
671 1263 755 1347 pulsi
780 1262 905 1328 fuerant
927 1263 1096 1349 refugerat,

83 1357 180 1420 artim
199 1356 357 1439 copiarum
376 1356 417 1419 ad
430 1355 584 1427 tumulum
600 1358 843 1442 expugnandum
858 1357 964 1434 mittit,
982 1357 1097 1442 partim

83 1473 133 1534 rse
152 1450 195 1513 ad
215 1472 317 1514 arcem
335 1449 429 1514 ducit.
465 1459 497 1513 et
514 1451 652 1516 tumulus
671 1452 771 1537 primo
789 1452 909 1537 impetu
923 1461 972 1516 est
985 1460 1096 1536 captus
1216 1530 1220 1537 ⁵

83 1555 94 1605 t
112 1543 231 1628 Mago,
259 1565 362 1612 arcem
384 1553 513 1608 conatus
532 1544 715 1623 defendere,
743 1569 815 1610 cum
832 1545 938 1611 omnia
959 1545 1129 1610 hostiumr

83 1637 161 1702 lena
187 1636 307 1702 videret
331 1659 433 1720 neque
459 1659 549 1722 spem
574 1638 671 1702 ullam
699 1661 784 1715 esse,
812 1661 847 1704 sc
873 1660 1039 1723 arcemque
1064 1648 1097 1705 et

83 1731 261 1796 raesidium
287 1732 413 1796 dedidit.
458 1732 563 1816 quoad
589 1733 694 1797 dedita
720 1757 777 1798 arx
802 1743 864 1812 est,
892 1734 1005 1799 caedes
1032 1742 1097 1798 tota
1117 1748 1148 1796 10

83 1825 145 1891 rbe
168 1825 288 1911 passim
310 1825 426 1902 factae,
461 1847 521 1890 nec
543 1825 598 1889 ulli
624 1826 792 1911 puberum,
819 1829 874 1911 qui
896 1827 1008 1893 obvius
1027 1827 1096 1904 fuit,

83 1918 269 1997 *arcebatur3
287 1930 352 1983 tum
372 1920 462 2006 signo
481 1920 554 1985 dato
573 1920 721 1986 caedibus
736 1922 807 1987 finis
823 1923 936 2000 factus,
955 1924 996 1987 ad
1009 1943 1099 2007 prae·

83 2007 143 2077 lam
159 2013 293 2078 victores
311 2013 408 2090 versi,
427 2034 507 2097 quae
524 2014 635 2100 ingens
654 2017 755 2080 omnis
773 2017 898 2102 generis
916 2016 985 2081 fuit.

133 2105 358 2172 XXXXVII.
412 2107 601 2172 Liberorum
636 2110 773 2194 capitum
808 2111 897 2174 virile
932 2132 1024 2174 secus
1057 2108 1129 2174 adr

83 2197 176 2266 {ecem
203 2202 290 2266 milia
315 2211 415 2287 capta.
468 2202 540 2266 inde
571 2203 626 2286 qui
651 2204 736 2267 cives
767 2225 868 2267 novae
896 2201 1097 2288 Carthaginis

83 2307 156 2360 rant
178 2296 310 2373 dimisit,
336 2295 508 2379 urbemque
530 2306 562 2361 et
583 2319 641 2360 sua
663 2297 782 2373 omnia,
808 2318 889 2380 quae
911 2296 1030 2378 reliqua
1052 2296 1097 2359 eis

83 2389 185 2454 *ellum
205 2389 335 2466 fecerat,
359 2390 501 2454 restituit.
547 2390 676 2475 opifices
694 2391 814 2454 adduc
832 2389 919 2454 milia
936 2389 1098 2453 hominum
1116 2409 1131 2454 2
1214 2463 1216 2466 Α

83 2496 169 2550 rant:
207 2506 261 2549 eoa
283 2483 425 2568 publicos
448 2484 515 2548 fore
541 2484 650 2569 populi
670 2483 806 2548 Romani
828 2483 926 2547 edixit
946 2504 1019 2546 cum
1042 2503 1099 2567 spe

83 2578 244 2664 »ropinqua
266 2577 430 2655 libertatis,
459 2578 486 2642 si
508 2579 549 2641 ad
570 2578 742 2642 ministeria
763 2577 838 2642 belli
859 2576 950 2641 enixe
971 2597 1098 2661 operam
1181 2642 1185 2648 ,

83 2681 249 2737 lavassent.
294 2681 428 2735 ceteram
450 2670 681 2735 multitudinem
703 2671 876 2736 incolarum
893 2671 1043 2735 iuvenum
1061 2687 1132 2734 ac3
1225 2747 1227 2751 y

83 2765 245 2831 *alidorum
277 2788 438 2830 servorum
467 2767 499 2829 in
531 2766 665 2830 classem
695 2766 736 2829 ad
767 2765 1020 2852 supplementum
1050 2787 1100 2830 re-

83 2859 191 2946 nigum
214 2859 314 2938 dedit3
341 2868 373 2923 et
394 2868 524 2923 auxerat
544 2858 678 2924 navibus
701 2868 772 2924 octo
794 2859 926 2945 captivis
953 2860 1098 2925 classem.

83 2963 158 3018 xtra
175 2953 257 3017 hanc
273 2953 503 3020 multitudinem
521 2953 738 3039 Hispanorum
756 2953 882 3019 obsides
901 2963 1002 3031 erant,
1021 2975 1099 3036 quo·
1117 2972 1133 3018 4

83 3069 138 3113 um
164 3048 295 3133 perinde
323 3070 360 3112 ac
387 3048 413 3112 si
445 3048 600 3112 sociorum
630 3047 720 3112 liberi
751 3060 856 3113 essent
882 3063 955 3112 cura
982 3047 1098 3112 habita.

83 3152 180 3229 aptus
210 3151 241 3205 et
271 3151 438 3226 apparatus
469 3142 581 3228 ingens
611 3140 703 3208 belli:
739 3141 913 3226 catapultae
942 3141 1133 3205 mammaea

83 3237 191 3301 *ormae
214 3246 340 3300 centum
360 3235 485 3321 viginti,
513 3236 648 3300 minores
671 3237 823 3300 ducentae
847 3235 1005 3319 octoginta
1025 3255 1098 3310 una,

83 3329 214 3394 ›allistae
231 3329 365 3394 maiores
383 3329 495 3414 viginti
513 3339 591 3406 tres,
610 3329 745 3394 minores
764 3327 990 3412 quinquaginta
1007 3327 1098 3403 duae,
1118 3345 1135 3393 6

83 3423 272 3508 corpionum
294 3423 447 3487 maiorum
477 3424 695 3507 minorumque
718 3433 748 3486 et
774 3444 931 3486 armorum
953 3421 1100 3485 telorum-

83 3538 131 3600 [ue
144 3517 259 3602 ingens
276 3539 440 3595 numems,
460 3518 550 3603 signa
568 3517 713 3581 militaria
730 3516 928 3601 septuaginta
942 3523 1097 3598 quattuor.

83 3622 99 3675 t
129 3610 201 3674 auri
232 3612 414 3696 argentique
443 3611 541 3676 relata
572 3612 613 3675 ad
637 3611 855 3695 imperatorem
885 3632 1001 3694 magna
1030 3608 1132 3673 visu

83 3714 199 3770 raterae
222 3727 334 3770 aureae
356 3705 482 3770 fuerunt
508 3707 660 3770 ducentae
682 3705 881 3790 septuaginta
907 3725 977 3779 sex,
1003 3701 1098 3766 libras

83 3821 169 3865 erme
193 3821 302 3864 omnes
323 3801 444 3885 pond03
472 3801 593 3886 argenti
618 3799 725 3864 infecti
744 3799 919 3885 signatique
942 3799 1100 3863 decernet

84 3904 140 3958 cto
162 3893 250 3957 milia
272 3902 304 3958 et
325 3903 463 3959 trecenta
488 3895 607 3979 pondo,
630 3915 777 3958 vasorum
799 3903 1016 3979 argenteorum
1033 3915 1100 3956 ma·

83 4010 153 4067 pus
181 4011 341 4054 numerus.
394 3988 599 4054 haecomnia
622 3985 660 4053 C.
678 3987 834 4053 Flaminio
864 3986 1022 4071 quaestori
1044 3986 1133 4052 aad-8
1185 4069 1187 4073 y
