2528 4514
323 261 441 316 maxa
459 261 599 331 xxvur,
617 263 660 315 31.
670 262 712 316 32.
732 265 769 331 [a
781 262 885 333 caca]
1053 256 1120 321 419

95 418 212 483 civilem
229 418 264 482 in
287 419 398 483 castris
416 417 585 495 Romanis,
615 418 708 482 simul
731 419 940 487 defectionem
962 424 1120 491 sociorum

95 512 118 576 in
134 513 239 578 maius
254 513 360 578 verbis
374 512 561 577 extollentes
575 512 748 590 hortentur,
767 526 803 578 ut
817 515 934 582 auxilia
949 519 1117 599 mitterent,

95 607 200 689 quibus
229 607 379 672 nuditum
405 629 424 670 a
449 606 592 692 patribus
618 607 786 693 imperium
811 609 988 697 Hispaniae
1017 616 1119 702 repeti

95 711 205 782 posset.

147 793 345 859 Mandonius
364 806 397 859 et
404 794 550 859 Indibilis
567 794 601 858 in
614 795 687 859 finis
700 796 839 882 regressi
852 799 1022 885 paulisper,
1042 801 1117 866 dum
1136 825 1151 871 5

97 888 238 970 quidnam
255 889 295 954 de
319 887 472 954 seditione
491 899 680 954 statueretur
702 889 833 969 scirent,
862 895 1009 979 suspensi
1030 896 1120 980 quie-

98 995 212 1061 verunt,
234 983 261 1049 si
279 982 395 1047 civium
413 984 510 1049 errori
527 983 758 1070 ignosceretur,
776 1007 840 1050 non
859 986 1038 1054 diffidentes
1057 991 1118 1055 sibi

97 1095 210 1162 quoque
237 1077 361 1164 ignosci
386 1099 491 1163 posse.
540 1088 710 1164 postquam
735 1078 866 1165 vulgata
891 1090 941 1144 est
967 1083 1116 1149 atrocitas
1137 1101 1152 1149 6

97 1171 247 1259 supplicii,
279 1192 370 1237 snam
397 1192 522 1254 quoque
548 1193 665 1237 noxam
695 1171 765 1257 pari
789 1194 893 1258 poena
919 1173 1117 1241 aestimatam
1146 1250 1153 1265 .

95 1266 156 1344 ati,
184 1265 307 1331 vocatis
333 1287 443 1330 rursus
471 1265 512 1329 ad
540 1288 628 1330 arma
653 1265 858 1352 popularibus
886 1269 1149 1354 contractisquer

95 1377 165 1442 quae
192 1370 267 1425 ante
294 1359 471 1425 habuerant
492 1359 617 1424 auxiliis
639 1360 672 1424 in
691 1357 886 1425 Sedetanum
909 1384 1034 1447 agrum,
1061 1364 1117 1428 nbi

95 1454 240 1541 principio
259 1453 444 1519 defectionis
463 1453 579 1519 stativa
596 1454 785 1531 habuerant,
812 1475 885 1519 cum
907 1455 1018 1542 viginti
1035 1457 1117 1521 mili-

95 1569 144 1615 sus
161 1548 320 1636 peditum,
340 1548 480 1632 equitum
499 1549 622 1613 duobus
639 1546 766 1612 milibus
785 1559 816 1613 et
834 1548 1013 1633 quingentis
1031 1561 1117 1616 tran·

95 1644 287 1710 mandarunt.

148 1737 308 1801 XXXII.
355 1734 478 1822 Scipio,
501 1757 574 1800 cum
590 1735 653 1799 fide
673 1735 816 1801 solvendi
833 1736 951 1823 pariter
968 1738 1114 1805 omnibus
1135 1764 1148 1809 1

95 1832 188 1897 noxiis
206 1832 395 1914 innoxlsque
410 1830 555 1915 stipendi,
575 1840 642 1894 tum
655 1829 745 1895 vultu
759 1852 796 1895 ac
810 1853 954 1896 sermone
966 1831 1000 1896 in
1013 1835 1116 1900 omnis

95 1925 209 2007 tlacato
237 1924 330 1990 facile
359 1923 568 1990 reconciliatis
599 1924 733 1988 militum
764 1924 896 2004 animis,
930 1927 1116 2012 priusquam

95 2031 190 2085 anaba
206 2021 248 2084 ab
267 2017 462 2106 Carthagine
479 2028 635 2096 moveret,
662 2017 808 2084 contione
831 2020 986 2086 advocata
1006 2022 1114 2088 multis
1132 2046 1147 2093 2

95 2114 190 2181 rabis
207 2114 243 2178 in
259 2114 425 2200 perfidiam
441 2112 661 2179 rebellantium
678 2113 860 2198 regulorum
877 2114 1031 2193 invectus,
1057 2140 1114 2181 ne-
1133 2138 1148 2186 a

95 2228 243 2294 quaquam
261 2208 374 2274 eodem
392 2207 497 2274 animo
520 2230 555 2273 se
576 2207 622 2272 ire
639 2208 805 2293 professus
827 2217 877 2272 est
894 2209 935 2272 ad
953 2209 1115 2274 vindican-
1150 2268 1153 2273 .

95 2298 161 2371 lum
178 2304 212 2368 id
231 2304 348 2381 scelus,
368 2325 430 2388 quo
448 2298 573 2369 civilem
587 2324 725 2368 errorem
737 2325 838 2388 nuper
856 2303 1028 2368 sanaverit:
1046 2314 1114 2368 tum
1131 2327 1148 2372 4

95 2420 136 2478 ra,
162 2400 250 2465 haud
268 2421 360 2464 secus
378 2421 475 2483 quam
492 2398 615 2463 viscera
633 2409 793 2463 secantem
808 2420 879 2474 sua,
905 2418 977 2461 cum
994 2399 1115 2483 gemitu

95 2492 272 2559 rtlacrimis
290 2492 420 2579 triginta
440 2491 603 2559 hominum
624 2490 779 2577 capitibus
803 2491 948 2578 expiasse
966 2502 1038 2558 octo
1055 2492 1115 2555 mi-

95 2584 163 2653 ium
181 2610 238 2654 seu
255 2586 489 2672 inprudentiam
511 2607 568 2650 seu
590 2607 722 2663 noxam3
748 2606 834 2650 nunc
855 2585 938 2651 laeto
960 2594 993 2649 et
1009 2595 1114 2650 erecto

95 2683 190 2751 mimo
218 2683 260 2747 ad
281 2682 411 2747 caedem
432 2681 606 2767 Ilergetum
631 2680 686 2746 ire.
731 2704 795 2746 non
821 2681 905 2746 enim
930 2703 985 2747 eos
1011 2700 1148 2765 aeques

95 2787 177 2845 latos
203 2777 239 2842 in
264 2777 376 2842 eadem
404 2785 487 2841 terra
512 2796 572 2839 nec
597 2774 662 2839 ulla
685 2796 793 2840 secum
815 2774 965 2841 societate
990 2774 1114 2841 iunctos

95 2887 172 2950 κως
199 2893 284 2948 eam,
307 2891 389 2954 quae
408 2869 477 2937 sola
494 2868 604 2946 fuerit,
625 2866 700 2932 fidei
718 2879 812 2952 atque
832 2869 1000 2948 amicitiae,
1026 2868 1114 2956 ipsos

95 2983 143 3045 >er
160 2965 264 3031 scelus
281 2965 415 3052 rupisse.
442 2963 476 3028 in
494 2961 633 3028 exercitu
652 2984 710 3027 suo
727 2985 776 3039 se,
794 2964 1115 3049 praeterquamquod
1133 2983 1148 3028 c

95 3059 188 3125 mnis
211 3059 297 3124 cives
321 3069 376 3124 aut
397 3057 500 3124 socios
518 3054 691 3138 Latinique
713 3057 849 3121 nominis
872 3056 991 3133 videat,
1019 3056 1114 3120 etiam

95 3168 127 3219 to
141 3154 277 3232 moveri,
303 3153 390 3238 quod
410 3175 504 3219 nemo
527 3152 594 3217 fere
617 3150 657 3215 sit
679 3151 785 3227 miles,
812 3152 866 3233 qui
883 3174 947 3215 non
965 3172 1004 3215 ex
1021 3149 1115 3214 Italia

95 3258 143 3315 tut
154 3273 174 3315 a
184 3259 297 3336 patruo
313 3271 371 3313 suo
381 3245 441 3314 Cn.
453 3245 614 3332 Scipione,
633 3245 685 3328 qui
700 3245 819 3330 primus
828 3244 966 3310 Romani
978 3242 1113 3308 nominis

95 3366 122 3409 u
136 3366 207 3411 eam
225 3341 420 3430 provinciam
437 3341 571 3418 venerit,
598 3351 653 3404 aut
671 3363 690 3404 a
706 3349 795 3426 patre
819 3337 947 3403 consule
970 3347 1024 3401 aut
1042 3360 1061 3400 a
1079 3359 1114 3402 se

95 3438 192 3522 sit(ex
199 3437 308 3522 Italia)
319 3437 485 3502 advectus:
507 3434 691 3521 Scipionum
705 3431 833 3511 nomini,
849 3431 996 3518 auspiciis
1012 3431 1113 3498 omnis
1134 3451 1148 3496 r

95 3534 251 3612 adsuetos,
275 3555 355 3618 quos
375 3553 482 3597 secum
498 3531 532 3596 in
549 3529 683 3616 patriam
701 3529 742 3592 ad
758 3528 905 3592 meritum
923 3525 1115 3610 triumphum

95 3627 243 3695 &ducere
260 3626 346 3703 velit,
365 3648 444 3711 quos
462 3626 660 3691 consulatum
678 3622 811 3708 petenti,
830 3622 916 3687 velut
930 3620 958 3684 si
975 3618 1115 3685 omnium

95 3722 263 3789 communis
281 3731 394 3808 agatur
411 3721 528 3796 honos,
556 3718 720 3783 adfuturos
739 3727 853 3802 speret
899 3714 983 3799 quod
1001 3713 1041 3777 ad
1060 3733 1114 3776 ex·
1133 3731 1148 3778 8

95 3818 280 3905 peditionem
298 3814 442 3894 attineat,
461 3836 543 3899 quae
560 3813 670 3890 instet,
688 3811 903 3878 immemorem
921 3831 992 3875 esse
1009 3829 1116 3872 rerum
1150 3870 1153 3878 ,

95 3934 218 3979 marum
235 3921 399 3998 gestarum
417 3909 470 3994 qui
488 3909 522 3975 id
538 3908 658 3975 bellum
676 3907 778 3972 ducat.
818 3903 969 3990 Magonis
989 3901 1116 3966 hercule

95 4007 161 4084 sibi,
190 4006 245 4090 qui
267 4015 359 4071 extra
380 4005 489 4070 orbem
511 4015 664 4069 terrarum
686 3999 719 4063 in
742 3999 964 4065 circurnfusam
984 3995 1116 4062 Oceano

888 4099 921 4152 27
932 4100 944 4126 ⁸
