2528 4530
183 216 247 282 496
449 224 567 281 amna
585 223 682 294 xxx,
702 223 742 278 ra.
763 226 803 292 [a.
813 240 840 277 u.
852 239 875 278 ο.
885 221 951 292 551]

183 396 321 476 poterat,
347 381 558 469 magnitudini
586 379 759 467 Syphacis,
787 381 892 445 famae
919 377 1026 466 gentis
1053 378 1191 445 victoriam

149 505 166 552 a
186 505 276 548 suam
294 478 440 566 augendo
459 476 610 542 addebat:
637 476 726 541 illum
748 497 820 568 esse
836 497 963 560 regem,
985 472 1077 541 cruos
1094 485 1191 539 tantun

184 574 342 641 maiestati
360 572 423 637 duo
440 569 652 657 potentissimi
669 570 702 635 in
720 569 811 635 terris
830 568 997 634 tribuerint
1014 567 1129 656 populi,
1144 568 1192 635 llo

151 691 298 739 amanus
318 663 669 751 Carthaginiensisque,
695 675 731 728 ut
753 661 861 750 Scipio
883 662 1057 749 imperator
1078 661 1193 729 suusad

186 763 357 829 amicitiam
374 760 442 825 eius
459 758 644 845 petendam,
670 757 780 823 relicta
800 757 965 845 provincia
981 757 1138 845 Hispania
1154 781 1193 823 ex·

187 857 363 940 ercituque‚
391 854 514 918 duabus
533 852 812 936 quinqueremibus
835 852 869 916 in
886 851 1035 918 Africam
1051 853 1191 940 navigant

151 972 169 1019 5
186 949 372 1016 Hasdrubal
388 948 571 1013 Poenorum
591 946 761 1033 imperator
782 970 847 1012 non
872 945 943 1033 ipse
964 948 1061 1013 modo
1083 948 1123 1013 ad
1140 970 1193 1013 em

187 1047 221 1111 in
241 1066 377 1132 regnum
399 1041 534 1120 venerit,
563 1041 621 1106 sed
642 1041 738 1108 etiam
758 1041 856 1107 filiam
878 1041 908 1108 ei
928 1052 1066 1129 nuptum
1086 1041 1193 1108 dederit

187 1139 338 1205 habuisse
355 1160 429 1203 eum
445 1159 509 1201 uno
527 1145 668 1223 tempore
685 1136 719 1200 in
735 1146 892 1222 potestate
906 1136 988 1202 duos
1001 1136 1193 1225 imperatores,

152 1234 332 1303 sPoenum
354 1232 607 1314 Romanumque.
652 1229 735 1295 sicut
756 1231 797 1295 ab
820 1231 869 1295 dis
890 1230 1119 1297 immortalibus
1138 1251 1193 1317 pars

187 1341 321 1412 utraque
355 1324 467 1391 hostiis
502 1324 678 1389 mactandis
708 1346 821 1412 pacem
850 1325 1000 1411 petisset,
1034 1327 1081 1391 ita
1107 1327 1144 1391 ab
1166 1346 1194 1389 cc

154 1445 168 1490 s
188 1423 344 1506 utrimque
361 1419 479 1507 pariter
496 1419 665 1485 amicitiam
682 1421 823 1508 petitam.
862 1419 928 1484 iam
945 1431 1051 1487 tantas
1069 1418 1193 1486 habuisse

189 1539 281 1603 opes,
307 1527 343 1580 ut
358 1512 568 1578 Masinissam
584 1536 683 1600 regno
700 1515 829 1601 pulsum
846 1536 884 1581 eo
900 1515 1076 1602 redegerit,
1100 1524 1134 1578 ut
1146 1512 1193 1577 vita
1230 1586 1232 1601 ι

188 1612 257 1676 eius
275 1611 361 1676 fama
378 1608 488 1673 mortis
507 1618 539 1673 et
555 1608 699 1687 latebris,
718 1609 857 1675 ferarum
870 1610 966 1675 modo
979 1610 1014 1674 in
1027 1609 1114 1676 silvis
1125 1617 1192 1694 rapto

152 1704 339 1781 revirentis,
366 1713 535 1789 tegeretur.
578 1702 628 1768 his
656 1704 854 1770 sermonibus
876 1704 1141 1771 circumstantium
1157 1722 1193 1766 cs·

188 1801 328 1866 lebratus
350 1820 409 1862 rex
429 1796 463 1860 in
488 1797 682 1882 praetorium
703 1798 745 1862 ad
763 1795 946 1885 Scipionem
966 1810 1019 1865 est
1038 1799 1192 1886 perductus.

188 1893 289 1958 movit
310 1903 342 1958 et
360 1889 544 1976 Scipionem
566 1913 640 1956 cum
661 1892 789 1958 fortuna
814 1893 949 1980 pristina
975 1894 1036 1958 viri
1061 1887 1192 1981 praesenti

189 1989 333 2052 fortunae
350 1985 488 2063 conlata,
517 1996 584 2050 tum
605 1984 781 2053 recordatio
802 1987 932 2073 hospitii
952 1987 1140 2073 dextraeque
1153 1985 1192 2050 de

152 2093 240 2150 atae
267 2091 300 2146 et
321 2079 458 2146 foederis
481 2079 608 2165 publice
631 2103 669 2146 ac
689 2081 837 2168 privatim
857 2082 965 2148 iuncti.
1011 2083 1122 2149 eadem
1135 2082 1193 2145 baec

188 2190 222 2245 et
248 2174 389 2265 Syphaci
426 2176 564 2242 animum
600 2177 754 2243 dederunt
789 2177 822 2242 in
857 2178 1059 2262 adloquendo
1091 2179 1193 2247 victore

188 2298 264 2339 nam
290 2295 363 2338 cum
381 2270 490 2359 Scipio
517 2272 593 2356 quid
615 2273 677 2337 sibi
698 2273 851 2339 voluisset
872 2285 1055 2357 quaereret,
1081 2275 1195 2359 quinon

190 2370 374 2436 societatem
392 2367 495 2433 solum
517 2367 680 2433 abnuisset
696 2367 889 2446 Romanam,
917 2368 975 2433 sed
996 2369 1081 2436 ultro
1102 2368 1197 2435 bellum

139 2481 171 2528 10
189 2463 362 2541 intulisset,
389 2473 457 2526 tum
474 2460 527 2526 ille
544 2482 696 2548 peccasse
713 2461 841 2545 quidem
859 2484 930 2527 sese
949 2472 1047 2547 atque
1064 2461 1198 2530 insanisse

188 2560 361 2635 fatebatur,
384 2556 442 2621 sed
458 2578 523 2620 non
541 2567 609 2620 tum
627 2555 768 2636 demum,
795 2578 868 2620 cum
885 2579 975 2622 arma
991 2557 1144 2625 adversus
1157 2578 1199 2645 pe

187 2652 298 2737 pulum
327 2651 509 2716 Romanum
539 2649 695 2736 cepisset:
735 2650 856 2716 exitum
885 2650 935 2715 sui
965 2651 1085 2719 furoris
1111 2652 1200 2726 fiisse,

137 2764 168 2811 11
188 2769 252 2811 non
273 2744 476 2832 principium
504 2753 570 2808 tum
592 2767 628 2810 se
649 2744 821 2823 insanisse,
847 2754 915 2810 tum
936 2744 1079 2832 hospitia
1099 2747 1202 2834 privata

188 2850 221 2904 et
245 2838 373 2925 publica
394 2838 524 2903 foedera
546 2838 653 2904 omnia
675 2862 715 2905 ex
737 2839 842 2905 animo
869 2839 1017 2919 eiecisse,
1046 2864 1120 2907 cum
1139 2839 1202 2907 Car·

137 2953 168 3002 12
188 2931 419 3019 thaginiensem
440 2943 617 2998 matronam
639 2933 769 2999 domum
790 2934 956 3021 acceperit.
1010 2935 1076 3002 illis
1097 2936 1203 3023 nuptia·

187 3026 271 3092 libus
298 3025 421 3093 facibus
446 3026 567 3112 regiam
598 3028 812 3115 conflagrasse
843 3051 953 3106 suam,
989 3029 1081 3097 illam
1107 3030 1202 3097 firnata

187 3134 374 3209 pestemque
402 3123 549 3188 omnibus
581 3123 800 3189 delenimentis
832 3124 973 3189 animum
1005 3148 1103 3191 suum
1131 3147 1202 3191 aver·

187 3217 266 3283 tisse
293 3227 386 3302 atque
413 3218 569 3284 alienasse
591 3240 652 3284 nec
673 3219 874 3302 conquiesse,
900 3219 1006 3284 donec
1026 3220 1102 3307 ipsa
1120 3217 1203 3285 mani·

186 3311 247 3376 bus
278 3311 345 3377 suis
377 3312 499 3378 nefaria
531 3312 592 3378 sibi
622 3336 711 3378 arma
740 3313 893 3378 adversus
928 3312 1092 3400 hospitem
1126 3326 1202 3398 atque

135 3421 168 3469 13
186 3405 323 3470 amicum
339 3405 493 3472 indueret
536 3407 661 3493 perdito
681 3418 789 3473 tamen
811 3418 906 3492 atque
928 3408 1059 3475 adflicto
1083 3409 1142 3476 sibi
1155 3409 1202 3472 hoc

185 3499 219 3563 in
240 3498 375 3566 miseriis
398 3501 508 3566 solacii
531 3524 616 3578 esse,
644 3503 730 3587 qued
750 3503 784 3567 in
806 3501 947 3568 omnium
973 3502 1138 3573 hominnm
1156 3500 1203 3567 ini·

185 3592 349 3658 micissimi
371 3594 431 3660 sibi
454 3596 584 3662 domum
601 3618 639 3661 ac
656 3608 789 3684 penates
811 3597 946 3662 eandem
968 3609 1097 3685 pestem
1114 3619 1148 3666 ac
1163 3595 1203 3661 fu·

136 3705 167 3751 ra
184 3687 264 3753 riam
286 3689 439 3756 transisse
465 3692 582 3758 videat
625 3715 729 3777 neque
753 3693 992 3780 prudentiorem
1013 3717 1117 3780 neque
1142 3715 1203 3758 oon·

185 3782 369 3850 stantiorem
402 3785 610 3852 Masinissam
644 3810 740 3872 quam
775 3785 959 3876 Syphacem
994 3811 1088 3868 esse,
1122 3787 1202 3855 etiam

184 3876 313 3943 iuventa
338 3880 562 3962 incautiorem
598 3895 682 3949 certe
709 3883 835 3949 stultius
865 3884 956 3950 illum
983 3896 1081 3970 atque
1106 3885 1203 3950 intem·

183 3972 345 4054 perantius
364 3997 435 4041 eam
452 3997 548 4061 quam
566 4000 601 4043 se
619 3978 758 4045 duxisse.

72 4208 176 4240 A
