2528 4514
307 279 423 334 umus
440 278 551 348 xxvr,
570 279 611 333 aa
626 279 668 332 40.
690 282 728 347 [a.
739 279 768 333 e.
778 279 841 348 210]
1033 267 1096 332 309

85 449 182 516 ntur,
211 437 341 514 Livius,
369 435 423 519 qui
450 435 513 500 arci
538 435 757 520 praesidioque
774 436 920 501 Romano
942 447 1093 522 praeerat,
1113 457 1145 505 21

85 543 201 599 tentus
221 533 254 596 in
272 530 373 596 omnis
392 529 572 594 occasiones
591 531 747 616 gerendae
764 531 810 595 rei
829 528 866 597 O.
885 531 1031 597 Persium
1048 531 1096 595 in·
1143 546 1149 586 ι’

85 649 188 714 grum
208 626 311 689 virum
329 646 401 690 oum
414 622 536 689 duobus
550 623 676 688 milibus
691 633 721 689 et
737 621 947 712 [quingentis]
962 633 1097 690 armato-

85 745 123 784 im
145 742 191 784 ex
210 740 283 800 arce
300 718 416 795 emisit,
435 717 490 800 qui
507 740 587 803 vage
602 718 719 783 effusos
737 740 794 804 per
806 742 899 806 agros
911 720 1095 807 palatosque
1114 739 1147 788 aa

85 815 192 879 lortus
212 834 284 878 cum
303 812 357 876 diu
374 812 492 897 passim
511 812 688 889 cecidisset,
715 833 834 897 paucos
853 834 892 877 ex
910 813 1017 878 multis
1035 824 1097 878 tre-

85 909 131 972 ‚da
144 907 232 992 suga
243 906 409 970 incidentis
424 905 618 990 semiapertis
632 914 791 991 portarum
805 905 925 973 foribus
938 907 972 972 in
985 907 1095 973 urbem

85 1001 231 1087 ›mpulit,
249 1022 290 1064 ne
308 1000 383 1065 urbs
402 999 512 1064 eodem
529 1001 650 1084 impetu
668 1009 839 1084 caperetur.
882 1001 926 1066 ita
944 1009 1095 1086 aequatae
1114 1019 1147 1068 23

85 1117 108 1160 ts
131 1095 178 1160 ad
201 1094 388 1170 Tarentum,
416 1092 568 1159 Romanis
590 1092 761 1159 victoribus
780 1089 894 1180 [terra,
918 1094 1095 1159 Tarentinis

85 1185 252 1274 latoribus]
281 1189 368 1252 mari.
413 1187 563 1252 frumenti
589 1210 676 1272 spes,
704 1209 786 1271 quae
807 1189 841 1251 in
862 1187 961 1253 oculis
984 1187 1095 1264 fuerat,

85 1291 215 1365 trosque
235 1281 384 1346 frustrata
400 1282 525 1366 pariter.

124 1374 288 1441 XXXX.
333 1374 398 1439 Per
422 1375 506 1439 idem
529 1384 657 1460 tempus
682 1375 846 1440 Laevinus
873 1376 997 1454 consul,
1033 1376 1095 1440 iam
1116 1396 1129 1441 1

85 1493 181 1558 mgna
197 1480 287 1554 parte
305 1470 379 1534 anni
391 1469 594 1546 circumacta,
612 1469 646 1533 in
656 1465 797 1534 Siciliam
814 1470 972 1535 veteribus
990 1470 1097 1535 novis-
1146 1515 1149 1520 ·

85 1585 121 1630 ue
137 1565 235 1630 sociis
250 1572 432 1649 expectatus
447 1585 519 1628 oum
532 1563 683 1640 venisset,
698 1564 834 1649 primum
847 1586 885 1628 ac
897 1564 1097 1650 potissimum

85 1659 205 1724 mnium
223 1669 310 1722 ratus
330 1656 498 1742 Syracusis
514 1680 598 1721 nova
615 1679 693 1742 pace
710 1658 886 1723 inconditas
910 1678 1096 1743 componere

85 1771 121 1818 ts.
169 1751 383 1839 Agrigentum
401 1751 487 1828 inde,
515 1751 600 1834 quod
621 1749 696 1816 belli
712 1750 867 1835 reliquum
886 1761 952 1816 erat
969 1749 1096 1816 teneba
1115 1771 1149 1818 av

85 1866 178 1932 uque
192 1870 212 1911 a
222 1845 530 1931 Carthaginiensium
543 1845 647 1909 valido
661 1845 827 1930 praesidio,
842 1846 932 1910 duxit
945 1844 1096 1932 legiones.

85 1940 215 2006 :adfuit
233 1940 359 2004 fortuna
376 1939 509 2024 incepto.
555 1938 674 2004 Hanno
693 1950 758 2005 erat
774 1940 945 2026 imperator
963 1938 1095 2005 Cartha·
1115 1961 1129 2008 e

85 2030 270 2111 iniensium,
293 2034 351 2098 sed
368 2055 493 2098 omnem
510 2032 544 2097 in
560 2033 698 2097 Muttine
715 2033 923 2118 Numidisque
942 2056 1031 2120 spem
1048 2056 1097 2098 re·
1145 2042 1150 2050 “

85 2131 200 2196 ositam
231 2129 398 2196 habebant.
451 2151 508 2216 per
537 2140 635 2196 totam
662 2129 803 2196 Siciliam
829 2153 931 2218 vagus
962 2132 1131 2218 praedast

85 2225 181 2308 gebat
207 2247 247 2289 ex
273 2224 366 2289 sociis
384 2224 599 2290 Romanorum
625 2247 727 2308 neque
752 2225 917 2290 intercludi
942 2224 982 2290 ab
1000 2223 1098 2310 Agri-

85 2331 159 2384 anto
185 2319 219 2382 vi
245 2329 299 2383 aut
325 2327 391 2382 arte
417 2317 482 2382 ulla
506 2340 579 2396 nec,
607 2319 683 2401 quin
710 2327 885 2403 erumperet
910 2316 967 2382 ubi
991 2317 1095 2394 vellet,

85 2412 224 2480 rohtberi
244 2422 376 2497 poterat.
420 2412 500 2477 haec
522 2412 589 2477 eius
607 2412 707 2498 gloria
725 2413 798 2496 quia
819 2412 883 2476 iam
900 2411 1095 2495 imperatoris
1115 2429 1132 2476 5
1236 2423 1245 2429 “

85 2523 190 2591 uoque
212 2506 316 2570 famae
335 2505 506 2582 officiebat,
533 2514 692 2590 postremo
710 2506 742 2569 in
759 2504 910 2569 invidiam
929 2504 1033 2580 vertit,
1060 2516 1097 2567 ut

85 2601 203 2667 ebene
222 2609 330 2686 gestae
349 2599 477 2682 quidem
493 2621 544 2664 res
562 2599 625 2662 iam
634 2598 785 2664 Hannoni
797 2607 925 2683 propter
937 2606 1097 2662 auctorem

85 2695 141 2760 atis
158 2695 260 2759 laetae
279 2702 393 2758 essent.
434 2691 587 2778 (propter)
605 2701 764 2776 postremo
780 2690 1010 2778 praefecturam
1028 2690 1095 2755 eius
1115 2711 1130 2758 o

85 2783 130 2854 lio
147 2811 205 2854 suo
225 2786 324 2865 dedit,
342 2797 439 2864 ratus,
454 2809 527 2851 cum
543 2785 674 2870 imperio
692 2786 908 2851 auctoritatem
925 2807 1050 2871 quoque
1068 2786 1098 2851 ei

85 2893 145 2949 tter
161 2881 317 2948 Numidas
335 2891 523 2966 erepturum.
577 2879 662 2963 qnod
678 2879 773 2966 longe
791 2880 880 2945 aliter
897 2881 995 2945 venit:
1022 2903 1096 2944 nam
1115 2890 1151 2946 τί

85 2989 203 3045 starem
217 2977 359 3042 favorem
373 2975 440 3039 eius
459 2998 517 3038 sua
529 2975 658 3060 insuper
674 2974 791 3039 invidia
805 2975 906 3051 auxit,
925 2996 1027 3056 neque
1044 2974 1097 3038 ille

85 3073 284 3160 tdiguitatem
301 3069 433 3134 iniun'ae
450 3069 521 3133 tulit
538 3068 765 3152 confestimque
788 3069 829 3133 ad
846 3069 1026 3132 Laevinum
1044 3088 1097 3131 oc-

85 3168 166 3233 ultos
184 3164 312 3230 nuntios
330 3163 416 3227 misit
433 3163 472 3228 de
490 3163 641 3228 tradendo
658 3160 845 3250 Agrigento.
889 3183 947 3246 per
963 3183 1043 3244 quos
1061 3170 1097 3223 ut
1115 3178 1130 3227 8

85 3272 111 3326 st
128 3260 218 3325 facta
235 3258 314 3323 fides
333 3256 586 3341 compositusque
598 3257 645 3321 rei
657 3256 813 3342 gerendae
827 3257 955 3330 modus,
973 3262 1097 3338 portam

85 3355 103 3421 d
120 3376 212 3420 mare
231 3352 383 3417 ferentem
400 3351 556 3415 Numidae
578 3372 651 3414 oum
672 3356 881 3434 occupassent
901 3347 1001 3434 pulsis
1023 3347 1097 3411 inde

85 3447 250 3516 nstodibus
277 3456 332 3510 ant
355 3445 469 3522 caesis,
496 3444 658 3510 Romanos
681 3445 722 3510 ad
747 3444 780 3508 id
800 3443 906 3528 ipsum
927 3442 1042 3507 missos
1064 3442 1098 3506 in

85 3544 177 3610 rbem
195 3550 393 3626 acceperunt.
421 3549 453 3604 et
470 3561 542 3604 oum
559 3539 684 3625 agmine
702 3540 764 3603 iam
782 3538 816 3600 in
833 3536 937 3601 media
954 3535 1041 3600 urbis
1059 3557 1096 3600 ac
1116 3555 1130 3602 9

85 3660 171 3705 trum
198 3656 316 3721 magno
343 3633 478 3698 tumultu
504 3633 613 3711 iretur,
644 3642 731 3698 ratus
758 3631 890 3707 Hanno,
923 3652 986 3694 uon
1012 3628 1098 3693 aliud

85 3755 164 3799 nam
191 3729 361 3794 tumultum
387 3750 424 3793 ao
451 3729 676 3806 secessionem,
706 3727 740 3791 id
762 3726 848 3810 quod
870 3734 901 3789 et
923 3734 995 3789 ante
1017 3724 1099 3788 acci·
1134 3768 1136 3774 -

85 3837 169 3903 erat,
207 3823 415 3888 Numidarum
441 3845 525 3901 esse,
561 3824 602 3888 ad
632 3820 887 3908 conprimendam
914 3818 1098 3884 seditionem

85 3918 232 3988 rooessit.
277 3928 371 4002 atque
387 3918 453 3995 ille,
482 3940 554 3982 cum
572 3918 602 3982 ei
618 3916 785 3982 multitudo
803 3915 901 3980 maior
919 3935 1014 3998 quam
1031 3913 1098 3978 Nu·
1118 3933 1149 3982 10

85 4017 223 4081 ridarum
244 4011 355 4098 procul
376 4011 447 4077 visa
473 4020 504 4076 et
526 4011 643 4076 clamor
664 4010 827 4076 Romanus
854 4007 1098 4093 haudquaquam
