2528 4530
294 244 414 301 amna
430 245 562 319 xxuu,
579 246 679 303 usa
698 246 853 319 [acaia]
1028 238 1094 307 209

78 444 84 468 ι
101 426 200 489 pace,
227 402 327 470 libera
343 403 384 469 de
401 426 526 489 quoque
544 404 672 471 arbitria
688 428 782 493 agere
800 406 917 486 aiebat,
944 419 993 488 ut,
1021 432 1094 477 cum
1113 438 1128 483 5

78 500 133 564 lud
151 498 259 585 potius
276 498 436 585 agendum
453 510 548 584 atque
566 499 769 586 cogitandum
786 501 840 579 sit,
868 502 897 568 si
913 525 976 588 quo
998 505 1094 572 modo

79 594 120 658 eri
138 592 257 679 possit,
283 593 396 677 nequi
414 593 480 658 soci
497 615 517 658 a
534 591 651 679 populo
673 593 819 660 Romano
841 596 1033 676 desciscant,
1060 600 1095 666 id

79 711 118 753 on
137 688 293 774 cogitent,
321 687 545 752 documentum
566 698 672 752 autem
690 688 811 753 dicatur
829 692 924 755 statui
941 704 1094 778 oportere,

79 784 169 866 iquis
183 783 347 867 resipiscat
361 792 393 846 et
406 783 567 866 antiquam
582 784 763 850 societatem
781 786 937 872 respiciat.
963 792 1049 873 quod
1067 792 1096 859 si
1113 813 1128 860 c

79 876 141 941 bire
152 876 192 941 ab
203 876 355 942 Romanis
365 875 471 954 liceat,
481 877 581 941 redire
591 879 632 941 ad
642 900 696 943 eos
710 901 774 944 non
782 879 888 958 liceat,
899 883 953 966 qui
962 883 1094 950 dubium

79 994 137 1048 ase,
153 972 230 1054 quin
242 970 331 1036 brevi
345 970 521 1036 desiderata
534 970 574 1035 ab
588 973 681 1037 sociis
690 972 835 1038 Romana
849 996 900 1040 res
912 975 1093 1045 foederibus

79 1064 186 1131 lunicis
210 1065 318 1131 omnia
339 1065 371 1129 in
389 1064 482 1129 Italia
504 1064 611 1130 iuncta
633 1067 740 1131 visura
762 1067 821 1132 sit?
855 1090 891 1134 sc
908 1081 1013 1137 tamen
1030 1095 1127 1139 nona

79 1182 131 1225 tum
148 1182 232 1237 esse,
261 1160 316 1243 qui
333 1159 455 1224 Altinio
473 1159 548 1224 fidei
570 1161 739 1244 quicquam
757 1174 885 1229 censeat
901 1163 1092 1245 habendum,

79 1256 119 1319 sed
141 1255 276 1319 mediam
303 1253 573 1339 (con)seouturum
601 1255 723 1320 consilii
749 1255 842 1321 viam.
887 1280 989 1343 neque
1020 1282 1127 1331 eume

79 1368 121 1432 pro
140 1348 228 1414 hoste
255 1369 357 1431 neque
382 1370 440 1433 pro
468 1348 552 1414 socio
578 1348 611 1412 in
632 1350 810 1434 praesentia
831 1350 974 1417 habitum
995 1354 1095 1420 libera

83 1444 197 1509 custodia
219 1443 296 1507 hant
318 1442 427 1528 procul
445 1466 465 1507 a
481 1443 592 1508 castris
614 1443 738 1529 placere
759 1445 793 1509 in
810 1445 915 1530 aliqua
936 1447 1000 1512 fida
1018 1447 1094 1513 civi-

87 1543 133 1600 tate
144 1536 239 1621 (cum)
258 1536 377 1602 servari
393 1558 451 1622 per
468 1535 542 1602 belli
559 1546 698 1622 tempus3
724 1549 902 1624 perpetrato
924 1540 1007 1607 bello
1025 1553 1093 1606 tum

87 1631 312 1708 comultandum,
330 1640 436 1695 utrum
449 1631 534 1716 prior
546 1631 681 1697 defectio
698 1633 770 1717 plus
784 1634 895 1699 merita
913 1635 953 1700 sit
971 1658 1092 1721 poenae

86 1742 112 1787 u
123 1723 166 1790 hic
181 1725 303 1790 reditus
322 1726 443 1791 veniae.

126 1818 220 1885 Fabio
247 1820 418 1885 adsensum
444 1832 506 1897 est,
545 1819 735 1905 Calenisque
761 1822 874 1910 legatis
901 1825 1033 1890 traditus
1060 1835 1124 1890 eta

85 1907 129 1994 lpse
139 1926 167 1979 et
180 1915 327 1992 comites,
346 1924 377 1979 et
394 1915 462 1980 anri
476 1915 551 1980 satis
565 1939 716 2002 magnum
728 1917 866 2002 pondus,
886 1921 970 2002 quod
984 1941 1093 1986 secum

84 2007 213 2087 stalera,
242 2010 271 2073 ei
298 2009 416 2074 servari
441 2010 573 2076 iussum.
620 2009 752 2077 Calibus
780 2034 852 2077 eum
878 2014 1014 2079 interdiu
1041 2030 1143 2080 so-10

83 2094 155 2168 lutum
173 2104 321 2169 custodes
345 2103 569 2188 sequebantur,
597 2120 688 2168 nocte
711 2105 853 2170 clausum
872 2108 1091 2173 adservabant.

82 2190 153 2283 trpis
170 2199 259 2264 domi
275 2199 411 2284 primum
424 2198 595 2263 desiderari
608 2199 779 2282 quaerique
792 2212 841 2265 est
854 2212 998 2287 coeptus,
1018 2204 1092 2269 dein
1111 2223 1141 2267 11

80 2283 141 2358 fana
152 2316 211 2379 per
223 2302 321 2358 totam
335 2292 445 2358 urbem
459 2293 586 2379 volgata
599 2293 769 2358 tumultum
781 2305 816 2357 ut
824 2294 964 2379 principe
974 2297 1092 2362 amisso

80 2376 129 2451 lecit
145 2398 295 2470 metuque
312 2410 417 2451 rerum
434 2409 586 2453 novarum
605 2386 762 2471 extemplo
779 2388 880 2451 nuntii
898 2389 995 2453 missi.
1023 2390 1093 2473 qui·
1112 2408 1143 2455 12

80 2469 117 2546 lus
132 2502 333 2566 nequaquam
355 2480 495 2546 offensus
518 2480 662 2558 Poenus,
690 2481 764 2564 quia
787 2491 818 2546 ct
839 2480 945 2566 ipsum
968 2493 1002 2547 ut
1026 2505 1093 2548 am-

80 2569 168 2662 lguae
186 2574 262 2640 fidei
278 2575 381 2640 virum
400 2585 582 2661 suspectum
598 2575 662 2640 iam
679 2576 801 2660 pridem
819 2574 956 2640 habebat
974 2587 1005 2641 et
1018 2599 1093 2642 cau·

81 2687 127 2733 em
140 2681 254 2735 nactus
279 2678 345 2733 erat
366 2680 432 2734 tam
454 2669 528 2734 ditis
548 2669 685 2734 hominis
707 2669 791 2735 bona
811 2670 995 2756 possidendi
1016 2692 1093 2737 ven-

80 2756 226 2849 lendique3
259 2772 396 2828 cetarum
423 2773 459 2827 ut
484 2763 549 2827 irae
574 2763 676 2850 magis
695 2786 789 2848 quam
812 2765 960 2831 avaritiae
983 2766 1091 2831 datum
1112 2786 1142 2833 1³

80 2857 216 2924 rederent
234 2856 392 2936 homines,
419 2856 635 2923 crudelitatem
661 2880 786 2943 quoque
808 2860 954 2945 pravitati
972 2860 1092 2926 addidit

80 2953 285 3040 oningemque
302 2953 370 3017 eius
388 2974 427 3017 ac
443 2951 559 3017 liberos
576 2952 611 3017 in
628 2962 732 3018 castra
748 2954 881 3032 accitos,
908 2956 1092 3040 quaestione
1112 2975 1143 3019 14

81 3047 140 3112 rins
156 3046 267 3112 habita
284 3057 316 3112 et
332 3047 469 3132 primum
487 3047 526 3111 de
544 3046 621 3133 fuga
634 3046 745 3124 Altini,
764 3048 837 3114 dein
854 3059 1006 3132 quantum
1024 3051 1092 3114 auri

81 3142 239 3226 rgentique
264 3140 350 3205 domi
375 3140 519 3205 relictum
546 3151 643 3219 esset,
681 3142 757 3207 satis
784 3143 918 3228 cognitis
945 3142 1091 3207 omnibus

81 3231 146 3301 rivos
160 3234 348 3301 combussit.

126 3324 326 3395 XXXXVI.
379 3329 498 3396 Fabius
530 3330 570 3396 ab
603 3329 758 3397 Suessula
792 3328 952 3415 profectus
983 3329 1125 3415 Arposr

81 3418 189 3488 trimum
215 3423 329 3488 institit
355 3446 547 3510 oppugnare.
590 3424 647 3490 ubi
674 3448 746 3490 cum
772 3448 792 3490 a
818 3423 998 3510 quingentis
1025 3423 1092 3489 fere

81 3515 201 3584 assibus
234 3529 338 3583 eastra
366 3519 543 3603 posuisset,
583 3520 813 3606 contemplatus
844 3541 885 3583 ex
914 3518 1091 3604 propinquo

81 3605 152 3675 itum
168 3611 257 3678 urbis
275 3613 472 3696 moeniaque,
483 3635 647 3700 quaepars
661 3613 817 3679 tutissima
829 3612 996 3679 moenibus
1014 3621 1090 3690 erat,

81 3700 133 3781 {uia
159 3705 295 3772 maxime
327 3706 503 3794 neglectam
534 3708 677 3774 custodia
702 3707 793 3787 vidit,
829 3730 867 3772 ea
892 3705 1092 3792 potissimum

81 3793 188 3881 daedi
205 3801 322 3865 statuit.
367 3801 555 3888 comparatis
573 3802 734 3878 omnibus,
761 3822 843 3886 quae
861 3802 902 3866 ad
923 3800 1017 3867 urbes
1036 3820 1125 3887 ope

81 3893 243 3973 lugnandas
261 3895 333 3961 usui
350 3906 437 3975 sunt,
457 3897 676 3964 centurionum
688 3896 802 3962 robora
819 3918 859 3961 ex
872 3905 937 3961 toto
952 3896 1093 3961 exercitu

82 3974 176 4125 lelqgit
199 3987 403 4075 tribunosque
430 3991 514 4058 viros
540 3990 638 4058 fortes
665 3990 711 4057 eis
736 3990 889 4078 praefecit
919 4000 950 4056 et
976 3990 1092 4057 milites

137 4085 164 4128 aa
177 4089 218 4133 ar.
230 4089 257 4134 ιι.
887 4092 923 4147 14
