<?xml version="1.0" encoding="UTF-8"?>
<!DOCTYPE html PUBLIC "-//W3C//DTD XHTML 1.0 Transitional//EN"
    "http://www.w3.org/TR/xhtml1/DTD/xhtml1-transitional.dtd">
<html xmlns="http://www.w3.org/1999/xhtml" xml:lang="en" lang="en">
 <head>
  <title>
</title>
<meta http-equiv="Content-Type" content="text/html;charset=utf-8" />
  <meta name='ocr-system' content='tesseract 3.04.00' />
  <meta name='ocr-capabilities' content='ocr_page ocr_carea ocr_par ocr_line ocrx_word'/>
</head>
<body>
  <div class='ocr_page' id='page_1' title='image "./titiliviaburbec00weisgoog_0309.png"; bbox 0 0 2528 4530; ppageno 0'>
   <div class='ocr_carea' id='block_1_1' title="bbox 271 231 1072 315">
    <p class='ocr_par' dir='ltr' id='par_1_1' title="bbox 271 231 1072 315">
     <span class='ocr_line' id='line_1_1' title="bbox 271 231 1072 315; baseline 0.001 -16"><span class='ocrx_word' id='word_1_1' title='bbox 271 242 390 299; x_wconf 74' lang='lat' dir='ltr'>amna</span> <span class='ocrx_word' id='word_1_2' title='bbox 406 240 538 313; x_wconf 83' lang='lat' dir='ltr'>xxnu,</span> <span class='ocrx_word' id='word_1_3' title='bbox 555 241 599 298; x_wconf 77' lang='lat'>24.</span> <span class='ocrx_word' id='word_1_4' title='bbox 612 241 656 299; x_wconf 81' lang='lat' dir='ltr'>eo.</span> <span class='ocrx_word' id='word_1_5' title='bbox 677 244 830 315; x_wconf 64' lang='lat' dir='ltr'>[scau]</span> <span class='ocrx_word' id='word_1_6' title='bbox 1007 231 1072 300; x_wconf 83' lang='lat'>189</span> 
     </span>
    </p>
   </div>
   <div class='ocr_carea' id='block_1_2' title="bbox 10 398 1206 4064">
    <p class='ocr_par' dir='ltr' id='par_1_2' title="bbox 40 398 1104 1238">
     <span class='ocr_line' id='line_1_2' title="bbox 40 398 1071 489; baseline 0.001 -21"><span class='ocrx_word' id='word_1_7' title='bbox 40 400 188 469; x_wconf 85' lang='lat' dir='ltr'>tumultus</span> <span class='ocrx_word' id='word_1_8' title='bbox 208 398 252 468; x_wconf 82' lang='lat' dir='ltr'>ab</span> <span class='ocrx_word' id='word_1_9' title='bbox 272 421 307 465; x_wconf 92' lang='lat' dir='ltr'>re</span> <span class='ocrx_word' id='word_1_10' title='bbox 327 398 362 465; x_wconf 90' lang='lat' dir='ltr'>iu</span> <span class='ocrx_word' id='word_1_11' title='bbox 384 400 522 485; x_wconf 89' lang='lat' dir='ltr'>speciem</span> <span class='ocrx_word' id='word_1_12' title='bbox 543 400 710 479; x_wconf 80' lang='lat' dir='ltr'><strong>atrociore,</strong></span> <span class='ocrx_word' id='word_1_13' title='bbox 737 422 867 467; x_wconf 85' lang='lat' dir='ltr'>causam</span> <span class='ocrx_word' id='word_1_14' title='bbox 888 402 958 469; x_wconf 79' lang='lat' dir='ltr'>aliis</span> <span class='ocrx_word' id='word_1_15' title='bbox 979 402 1071 489; x_wconf 76' lang='lat' dir='ltr'>igno-</span> 
     </span>
     <span class='ocr_line' id='line_1_3' title="bbox 42 493 1071 574; baseline 0 -11"><span class='ocrx_word' id='word_1_16' title='bbox 42 496 190 574; x_wconf 80' lang='lat' dir='ltr'>rantibus,</span> <span class='ocrx_word' id='word_1_17' title='bbox 222 503 311 561; x_wconf 80' lang='lat' dir='ltr'>ortus</span> <span class='ocrx_word' id='word_1_18' title='bbox 336 503 436 573; x_wconf 86' lang='lat' dir='ltr'>esset,</span> <span class='ocrx_word' id='word_1_19' title='bbox 468 493 592 560; x_wconf 82' lang='lat' dir='ltr'>silentio</span> <span class='ocrx_word' id='word_1_20' title='bbox 618 494 746 561; x_wconf 86' lang='lat' dir='ltr'>tandem</span> <span class='ocrx_word' id='word_1_21' title='bbox 771 494 858 563; x_wconf 78' lang='lat' dir='ltr'>facto</span> <span class='ocrx_word' id='word_1_22' title='bbox 878 496 1014 563; x_wconf 90' lang='lat' dir='ltr'>iudicem</span> <span class='ocrx_word' id='word_1_23' title='bbox 1036 497 1071 563; x_wconf 90' lang='lat' dir='ltr'>iu</span> 
     </span>
     <span class='ocr_line' id='line_1_4' title="bbox 44 588 1104 672; baseline 0.003 -14"><span class='ocrx_word' id='word_1_24' title='bbox 44 591 152 658; x_wconf 87' lang='lat' dir='ltr'>curiam</span> <span class='ocrx_word' id='word_1_25' title='bbox 168 588 419 655; x_wconf 80' lang='lat' dir='ltr'>introduxerunt.</span> <span class='ocrx_word' id='word_1_26' title='bbox 464 588 520 672; x_wconf 89' lang='lat' dir='ltr'>qui</span> <span class='ocrx_word' id='word_1_27' title='bbox 537 610 611 654; x_wconf 89' lang='lat' dir='ltr'>cum</span> <span class='ocrx_word' id='word_1_28' title='bbox 628 588 737 655; x_wconf 80' lang='lat' dir='ltr'>ordine</span> <span class='ocrx_word' id='word_1_29' title='bbox 754 589 861 655; x_wconf 76' lang='lat' dir='ltr'>omnia</span> <span class='ocrx_word' id='word_1_30' title='bbox 882 590 1069 669; x_wconf 82' lang='lat' dir='ltr'>edocuisset,</span> <span class='ocrx_word' id='word_1_31' title='bbox 1087 610 1104 661; x_wconf 75' lang='lat' dir='ltr'>e</span> 
     </span>
     <span class='ocr_line' id='line_1_5' title="bbox 46 680 1070 772; baseline 0 -21"><span class='ocrx_word' id='word_1_32' title='bbox 46 695 68 751; x_wconf 82' lang='lat' dir='ltr'>et</span> <span class='ocrx_word' id='word_1_33' title='bbox 81 683 271 772; x_wconf 89' lang='lat' dir='ltr'>principium</span> <span class='ocrx_word' id='word_1_34' title='bbox 289 681 511 749; x_wconf 82' lang='lat' dir='ltr'>coniurationis</span> <span class='ocrx_word' id='word_1_35' title='bbox 529 681 650 747; x_wconf 80' lang='lat' dir='ltr'>lactum</span> <span class='ocrx_word' id='word_1_36' title='bbox 666 681 708 749; x_wconf 91' lang='lat' dir='ltr'>ab</span> <span class='ocrx_word' id='word_1_37' title='bbox 724 680 921 751; x_wconf 79' lang='lat' dir='ltr'>Harmoniae</span> <span class='ocrx_word' id='word_1_38' title='bbox 938 681 1070 751; x_wconf 85' lang='lat' dir='ltr'>Gelonis</span> 
     </span>
     <span class='ocr_line' id='line_1_6' title="bbox 47 775 1102 864; baseline 0 -19"><span class='ocrx_word' id='word_1_39' title='bbox 47 778 115 845; x_wconf 85' lang='lat' dir='ltr'>iliae</span> <span class='ocrx_word' id='word_1_40' title='bbox 140 775 277 864; x_wconf 84' lang='lat' dir='ltr'>nuptiis,</span> <span class='ocrx_word' id='word_1_41' title='bbox 311 775 427 861; x_wconf 87' lang='lat' dir='ltr'>quihus</span> <span class='ocrx_word' id='word_1_42' title='bbox 454 775 620 842; x_wconf 81' lang='lat' dir='ltr'>Themisto</span> <span class='ocrx_word' id='word_1_43' title='bbox 646 775 755 843; x_wconf 78' lang='lat' dir='ltr'>iuncta</span> <span class='ocrx_word' id='word_1_44' title='bbox 780 787 878 856; x_wconf 85' lang='lat' dir='ltr'>esset,</span> <span class='ocrx_word' id='word_1_45' title='bbox 914 777 1102 846; x_wconf 64' lang='lat' dir='ltr'>Afrorum?</span> 
     </span>
     <span class='ocr_line' id='line_1_7' title="bbox 48 869 1069 960; baseline 0 -22"><span class='ocrx_word' id='word_1_46' title='bbox 48 871 314 960; x_wconf 78' lang='lat' dir='ltr'>lhspanorumque</span> <span class='ocrx_word' id='word_1_47' title='bbox 345 869 512 937; x_wconf 75' lang='lat' dir='ltr'>auxiliares</span> <span class='ocrx_word' id='word_1_48' title='bbox 542 870 712 936; x_wconf 84' lang='lat' dir='ltr'>instructos</span> <span class='ocrx_word' id='word_1_49' title='bbox 743 869 785 935; x_wconf 86' lang='lat' dir='ltr'>ad</span> <span class='ocrx_word' id='word_1_50' title='bbox 814 871 944 939; x_wconf 81' lang='lat' dir='ltr'>caedem</span> <span class='ocrx_word' id='word_1_51' title='bbox 977 894 1069 959; x_wconf 89' lang='lat' dir='ltr'>prae-</span> 
     </span>
     <span class='ocr_line' id='line_1_8' title="bbox 52 962 1071 1053; baseline -0.001 -21"><span class='ocrx_word' id='word_1_52' title='bbox 52 975 137 1032; x_wconf 84' lang='lat' dir='ltr'>torum</span> <span class='ocrx_word' id='word_1_53' title='bbox 152 964 395 1051; x_wconf 84' lang='lat' dir='ltr'>principumque</span> <span class='ocrx_word' id='word_1_54' title='bbox 417 963 551 1029; x_wconf 85' lang='lat' dir='ltr'>aliorum</span> <span class='ocrx_word' id='word_1_55' title='bbox 572 962 719 1049; x_wconf 78' lang='lat' dir='ltr'>bonaque</span> <span class='ocrx_word' id='word_1_56' title='bbox 736 986 845 1031; x_wconf 76' lang='lat' dir='ltr'>eorum</span> <span class='ocrx_word' id='word_1_57' title='bbox 866 966 1003 1053; x_wconf 83' lang='lat' dir='ltr'>praedae</span> <span class='ocrx_word' id='word_1_58' title='bbox 1019 965 1071 1031; x_wconf 80' lang='lat' dir='ltr'>lu·</span> 
     </span>
     <span class='ocr_line' id='line_1_9' title="bbox 53 1056 1103 1143; baseline 0.004 -18"><span class='ocrx_word' id='word_1_59' title='bbox 53 1068 107 1125; x_wconf 82' lang='lat' dir='ltr'>tura</span> <span class='ocrx_word' id='word_1_60' title='bbox 128 1056 382 1125; x_wconf 83' lang='lat' dir='ltr'>interlectoribus</span> <span class='ocrx_word' id='word_1_61' title='bbox 408 1058 659 1143; x_wconf 86' lang='lat' dir='ltr'>pronuntiatum,</span> <span class='ocrx_word' id='word_1_62' title='bbox 693 1057 758 1123; x_wconf 90' lang='lat' dir='ltr'>iam</span> <span class='ocrx_word' id='word_1_63' title='bbox 783 1059 1103 1131; x_wconf 84' lang='lat' dir='ltr'>mercennariorums</span> 
     </span>
     <span class='ocr_line' id='line_1_10' title="bbox 55 1150 1071 1238; baseline 0 -19"><span class='ocrx_word' id='word_1_64' title='bbox 55 1175 161 1219; x_wconf 88' lang='lat' dir='ltr'>uanum</span> <span class='ocrx_word' id='word_1_65' title='bbox 184 1152 350 1219; x_wconf 85' lang='lat' dir='ltr'>adsuetam</span> <span class='ocrx_word' id='word_1_66' title='bbox 366 1151 506 1237; x_wconf 83' lang='lat' dir='ltr'>imperiis</span> <span class='ocrx_word' id='word_1_67' title='bbox 527 1150 730 1219; x_wconf 78' lang='lat' dir='ltr'>Adranodori</span> <span class='ocrx_word' id='word_1_68' title='bbox 746 1162 890 1238; x_wconf 81' lang='lat' dir='ltr'>paratam</span> <span class='ocrx_word' id='word_1_69' title='bbox 911 1152 1011 1219; x_wconf 84' lang='lat' dir='ltr'>fuisse</span> <span class='ocrx_word' id='word_1_70' title='bbox 1029 1153 1071 1219; x_wconf 87' lang='lat' dir='ltr'>ad</span> 
     </span>
    </p>

    <p class='ocr_par' dir='ltr' id='par_1_3' title="bbox 10 1245 1071 1427">
     <span class='ocr_line' id='line_1_11' title="bbox 10 1245 1071 1334; baseline 0.001 -22"><span class='ocrx_word' id='word_1_71' title='bbox 10 1318 12 1332; x_wconf 17' lang='lat' dir='ltr'>p</span> <span class='ocrx_word' id='word_1_72' title='bbox 56 1245 168 1313; x_wconf 85' lang='lat' dir='ltr'>insulam</span> <span class='ocrx_word' id='word_1_73' title='bbox 193 1268 304 1313; x_wconf 89' lang='lat' dir='ltr'>rursus</span> <span class='ocrx_word' id='word_1_74' title='bbox 332 1245 567 1331; x_wconf 86' lang='lat' dir='ltr'>occupandam,</span> <span class='ocrx_word' id='word_1_75' title='bbox 604 1245 730 1334; x_wconf 80' lang='lat' dir='ltr'>singula</span> <span class='ocrx_word' id='word_1_76' title='bbox 758 1246 873 1312; x_wconf 85' lang='lat' dir='ltr'>deinde</span> <span class='ocrx_word' id='word_1_77' title='bbox 901 1268 984 1331; x_wconf 84' lang='lat' dir='ltr'>quae</span> <span class='ocrx_word' id='word_1_78' title='bbox 1013 1268 1071 1333; x_wconf 86' lang='lat' dir='ltr'>per</span> 
     </span>
     <span class='ocr_line' id='line_1_12' title="bbox 59 1340 1070 1427; baseline -0.001 -21"><span class='ocrx_word' id='word_1_79' title='bbox 59 1361 177 1427; x_wconf 86' lang='lat' dir='ltr'>quosque</span> <span class='ocrx_word' id='word_1_80' title='bbox 204 1348 374 1427; x_wconf 79' lang='lat' dir='ltr'>agerentur</span> <span class='ocrx_word' id='word_1_81' title='bbox 402 1348 563 1424; x_wconf 85' lang='lat' dir='ltr'>totamque</span> <span class='ocrx_word' id='word_1_82' title='bbox 594 1340 670 1405; x_wconf 85' lang='lat' dir='ltr'>viris</span> <span class='ocrx_word' id='word_1_83' title='bbox 701 1340 860 1425; x_wconf 89' lang='lat' dir='ltr'>armisque</span> <span class='ocrx_word' id='word_1_84' title='bbox 884 1341 1070 1406; x_wconf 73' lang='lat' dir='ltr'>insuuotam</span> 
     </span>
    </p>

    <p class='ocr_par' dir='ltr' id='par_1_4' title="bbox 10 1433 1102 1708">
     <span class='ocr_line' id='line_1_13' title="bbox 10 1433 1069 1520; baseline -0.002 -19"><span class='ocrx_word' id='word_1_85' title='bbox 10 1496 13 1509; x_wconf 82' lang='lat'><em>,</em></span> <span class='ocrx_word' id='word_1_86' title='bbox 61 1435 279 1501; x_wconf 69' lang='lat' dir='ltr'>sanationem</span> <span class='ocrx_word' id='word_1_87' title='bbox 297 1442 369 1501; x_wconf 87' lang='lat' dir='ltr'>ante</span> <span class='ocrx_word' id='word_1_88' title='bbox 387 1433 496 1500; x_wconf 88' lang='lat' dir='ltr'>oculos</span> <span class='ocrx_word' id='word_1_89' title='bbox 513 1433 628 1520; x_wconf 83' lang='lat' dir='ltr'>posuit.</span> <span class='ocrx_word' id='word_1_90' title='bbox 665 1444 696 1500; x_wconf 94' lang='lat' dir='ltr'>et</span> <span class='ocrx_word' id='word_1_91' title='bbox 714 1434 837 1501; x_wconf 77' lang='lat' dir='ltr'>senatui</span> <span class='ocrx_word' id='word_1_92' title='bbox 859 1434 988 1519; x_wconf 88' lang='lat' dir='ltr'>quidem</span> <span class='ocrx_word' id='word_1_93' title='bbox 1004 1444 1069 1499; x_wconf 82' lang='lat' dir='ltr'>lam</span> 
     </span>
     <span class='ocr_line' id='line_1_14' title="bbox 63 1524 1102 1613; baseline 0.002 -22"><span class='ocrx_word' id='word_1_94' title='bbox 63 1524 107 1595; x_wconf 82' lang='lat' dir='ltr'>ino</span> <span class='ocrx_word' id='word_1_95' title='bbox 115 1528 198 1595; x_wconf 84' lang='lat' dir='ltr'>caesi</span> <span class='ocrx_word' id='word_1_96' title='bbox 210 1526 528 1613; x_wconf 87' lang='lat' dir='ltr'>quamHieronymus</span> <span class='ocrx_word' id='word_1_97' title='bbox 538 1526 735 1606; x_wconf 87' lang='lat' dir='ltr'>videbantur,</span> <span class='ocrx_word' id='word_1_98' title='bbox 750 1538 822 1594; x_wconf 80' lang='lat' dir='ltr'>ante</span> <span class='ocrx_word' id='word_1_99' title='bbox 836 1527 1069 1593; x_wconf 85' lang='lat' dir='ltr'>curiamvariae</span> <span class='ocrx_word' id='word_1_100' title='bbox 1088 1553 1102 1600; x_wconf 82' lang='lat' dir='ltr'>o</span> 
     </span>
     <span class='ocr_line' id='line_1_15' title="bbox 10 1620 1070 1708; baseline 0.001 -21"><span class='ocrx_word' id='word_1_101' title='bbox 10 1669 16 1708; x_wconf 60' lang='lat'>2</span> <span class='ocrx_word' id='word_1_102' title='bbox 61 1629 127 1705; x_wconf 63' lang='lat' dir='ltr'>ehoe</span> <span class='ocrx_word' id='word_1_103' title='bbox 142 1623 282 1688; x_wconf 80' lang='lat' dir='ltr'>incertae</span> <span class='ocrx_word' id='word_1_104' title='bbox 298 1643 405 1687; x_wconf 90' lang='lat' dir='ltr'>rerum</span> <span class='ocrx_word' id='word_1_105' title='bbox 421 1620 630 1688; x_wconf 79' lang='lat' dir='ltr'>multitudinis</span> <span class='ocrx_word' id='word_1_106' title='bbox 649 1621 767 1688; x_wconf 89' lang='lat' dir='ltr'>clamor</span> <span class='ocrx_word' id='word_1_107' title='bbox 784 1632 860 1688; x_wconf 90' lang='lat' dir='ltr'>erat.</span> <span class='ocrx_word' id='word_1_108' title='bbox 904 1642 1001 1706; x_wconf 83' lang='lat' dir='ltr'>quam</span> <span class='ocrx_word' id='word_1_109' title='bbox 1022 1620 1070 1689; x_wconf 81' lang='lat' dir='ltr'>le·</span> 
     </span>
    </p>

    <p class='ocr_par' dir='ltr' id='par_1_5' title="bbox 10 1714 1070 1803">
     <span class='ocr_line' id='line_1_16' title="bbox 10 1714 1070 1803; baseline 0.002 -24"><span class='ocrx_word' id='word_1_110' title='bbox 10 1764 17 1802; x_wconf 46' lang='lat'>5</span> <span class='ocrx_word' id='word_1_111' title='bbox 60 1714 146 1782; x_wconf 83' lang='lat' dir='ltr'>rociter</span> <span class='ocrx_word' id='word_1_112' title='bbox 162 1715 361 1781; x_wconf 76' lang='lat' dir='ltr'>minitantem</span> <span class='ocrx_word' id='word_1_113' title='bbox 382 1714 416 1779; x_wconf 91' lang='lat' dir='ltr'>in</span> <span class='ocrx_word' id='word_1_114' title='bbox 438 1714 595 1781; x_wconf 81' lang='lat' dir='ltr'>vestibulo</span> <span class='ocrx_word' id='word_1_115' title='bbox 616 1716 721 1782; x_wconf 87' lang='lat' dir='ltr'>curiae</span> <span class='ocrx_word' id='word_1_116' title='bbox 744 1737 877 1803; x_wconf 87' lang='lat' dir='ltr'>corpora</span> <span class='ocrx_word' id='word_1_117' title='bbox 893 1716 1070 1782; x_wconf 83' lang='lat' dir='ltr'>coniurato-</span> 
     </span>
    </p>

    <p class='ocr_par' dir='ltr' id='par_1_6' title="bbox 11 1808 1069 1898">
     <span class='ocr_line' id='line_1_17' title="bbox 11 1808 1069 1898; baseline 0.003 -25"><span class='ocrx_word' id='word_1_118' title='bbox 11 1865 18 1896; x_wconf 46' lang='lat'>:</span> <span class='ocrx_word' id='word_1_119' title='bbox 59 1823 109 1873; x_wconf 78' lang='lat' dir='ltr'>run</span> <span class='ocrx_word' id='word_1_120' title='bbox 121 1832 157 1876; x_wconf 88' lang='lat' dir='ltr'>eo</span> <span class='ocrx_word' id='word_1_121' title='bbox 174 1818 262 1875; x_wconf 85' lang='lat' dir='ltr'>metu</span> <span class='ocrx_word' id='word_1_122' title='bbox 280 1817 548 1894; x_wconf 82' lang='lat' dir='ltr'>compresserunt,</span> <span class='ocrx_word' id='word_1_123' title='bbox 571 1817 607 1874; x_wconf 88' lang='lat' dir='ltr'>ut</span> <span class='ocrx_word' id='word_1_124' title='bbox 625 1808 753 1876; x_wconf 87' lang='lat' dir='ltr'>silentes</span> <span class='ocrx_word' id='word_1_125' title='bbox 770 1810 926 1898; x_wconf 75' lang='lat' dir='ltr'>integrm</span> <span class='ocrx_word' id='word_1_126' title='bbox 943 1808 1069 1897; x_wconf 78' lang='lat' dir='ltr'>plebem</span> 
     </span>
    </p>

    <p class='ocr_par' dir='ltr' id='par_1_7' title="bbox 11 1896 1121 2087">
     <span class='ocr_line' id='line_1_18' title="bbox 13 1896 1121 1990; baseline 0.011 -26"><span class='ocrx_word' id='word_1_127' title='bbox 13 1929 15 1938; x_wconf 91' lang='grc'><strong><em>·</em></strong></span> <span class='ocrx_word' id='word_1_128' title='bbox 58 1896 261 1970; x_wconf 83' lang='lat' dir='ltr'>hoontionem</span> <span class='ocrx_word' id='word_1_129' title='bbox 278 1912 492 1988; x_wconf 74' lang='lat' dir='ltr'>sequerentur.</span> <span class='ocrx_word' id='word_1_130' title='bbox 538 1901 674 1990; x_wconf 75' lang='lat' dir='ltr'>Sopatro</span> <span class='ocrx_word' id='word_1_131' title='bbox 697 1904 880 1972; x_wconf 88' lang='lat' dir='ltr'>mandatum</span> <span class='ocrx_word' id='word_1_132' title='bbox 898 1904 938 1973; x_wconf 91' lang='lat' dir='ltr'>ab</span> <span class='ocrx_word' id='word_1_133' title='bbox 956 1914 1069 1972; x_wconf 85' lang='lat' dir='ltr'>senatu</span> <span class='ocrx_word' id='word_1_134' title='bbox 1087 1928 1121 1976; x_wconf 89' lang='lat'>10</span> 
     </span>
     <span class='ocr_line' id='line_1_19' title="bbox 11 1997 578 2087; baseline 0.009 -29"><span class='ocrx_word' id='word_1_135' title='bbox 11 2018 18 2082; x_wconf 56' lang='grc' dir='ltr'><strong>ς</strong></span> <span class='ocrx_word' id='word_1_136' title='bbox 59 1998 265 2086; x_wconf 77' lang='lat' dir='ltr'>decollegis,</span> <span class='ocrx_word' id='word_1_137' title='bbox 282 2008 319 2062; x_wconf 89' lang='lat' dir='ltr'>ut</span> <span class='ocrx_word' id='word_1_138' title='bbox 333 1997 433 2087; x_wconf 83' lang='lat' dir='ltr'>¹verba</span> <span class='ocrx_word' id='word_1_139' title='bbox 449 1997 578 2064; x_wconf 85' lang='lat' dir='ltr'>faceret.</span> 
     </span>
    </p>

    <p class='ocr_par' dir='ltr' id='par_1_8' title="bbox 10 2091 1185 2744">
     <span class='ocr_line' id='line_1_20' title="bbox 10 2091 1101 2180; baseline 0.003 -21"><span class='ocrx_word' id='word_1_140' title='bbox 10 2135 15 2174; x_wconf 92' lang='lat'><strong>:</strong></span> <span class='ocrx_word' id='word_1_141' title='bbox 102 2091 212 2159; x_wconf 82' lang='lat' dir='ltr'>XXV.</span> <span class='ocrx_word' id='word_1_142' title='bbox 256 2092 305 2171; x_wconf 91' lang='lat' dir='ltr'>Is,</span> <span class='ocrx_word' id='word_1_143' title='bbox 333 2101 494 2176; x_wconf 88' lang='lat' dir='ltr'>tamquam</span> <span class='ocrx_word' id='word_1_144' title='bbox 516 2115 587 2159; x_wconf 91' lang='lat' dir='ltr'>reos</span> <span class='ocrx_word' id='word_1_145' title='bbox 610 2102 731 2180; x_wconf 85' lang='lat' dir='ltr'>ageret,</span> <span class='ocrx_word' id='word_1_146' title='bbox 758 2093 800 2160; x_wconf 93' lang='lat' dir='ltr'>ab</span> <span class='ocrx_word' id='word_1_147' title='bbox 818 2104 891 2160; x_wconf 88' lang='lat' dir='ltr'>ante</span> <span class='ocrx_word' id='word_1_148' title='bbox 912 2103 983 2160; x_wconf 86' lang='lat' dir='ltr'>acta</span> <span class='ocrx_word' id='word_1_149' title='bbox 1003 2094 1101 2163; x_wconf 80' lang='lat' dir='ltr'>vita1</span> 
     </span>
     <span class='ocr_line' id='line_1_21' title="bbox 10 2186 1185 2272; baseline 0.003 -20"><span class='ocrx_word' id='word_1_150' title='bbox 10 2226 15 2266; x_wconf 90' lang='lat'>:</span> <span class='ocrx_word' id='word_1_151' title='bbox 58 2201 140 2267; x_wconf 80' lang='lat' dir='ltr'>orsus,</span> <span class='ocrx_word' id='word_1_152' title='bbox 165 2207 383 2272; x_wconf 84' lang='lat' dir='ltr'>quaecumque</span> <span class='ocrx_word' id='word_1_153' title='bbox 405 2197 477 2272; x_wconf 89' lang='lat' dir='ltr'>post</span> <span class='ocrx_word' id='word_1_154' title='bbox 495 2186 645 2253; x_wconf 90' lang='lat' dir='ltr'>Hieronis</span> <span class='ocrx_word' id='word_1_155' title='bbox 668 2197 801 2253; x_wconf 90' lang='lat' dir='ltr'>mortem</span> <span class='ocrx_word' id='word_1_156' title='bbox 824 2186 956 2253; x_wconf 76' lang='lat' dir='ltr'>sceleste</span> <span class='ocrx_word' id='word_1_157' title='bbox 973 2198 1068 2272; x_wconf 76' lang='lat' dir='ltr'>atque</span> <span class='ocrx_word' id='word_1_158' title='bbox 1181 2222 1185 2229; x_wconf 93' lang='lat'>·</span> 
     </span>
     <span class='ocr_line' id='line_1_22' title="bbox 58 2272 1069 2367; baseline 0.004 -25"><span class='ocrx_word' id='word_1_159' title='bbox 58 2272 128 2366; x_wconf 82' lang='lat' dir='ltr'>lupia</span> <span class='ocrx_word' id='word_1_160' title='bbox 152 2281 239 2348; x_wconf 77' lang='lat' dir='ltr'>facta</span> <span class='ocrx_word' id='word_1_161' title='bbox 264 2292 385 2359; x_wconf 90' lang='lat' dir='ltr'>essent,</span> <span class='ocrx_word' id='word_1_162' title='bbox 411 2280 657 2347; x_wconf 72' lang='lat' dir='ltr'>Adranodorum</span> <span class='ocrx_word' id='word_1_163' title='bbox 683 2303 722 2346; x_wconf 90' lang='lat' dir='ltr'>ac</span> <span class='ocrx_word' id='word_1_164' title='bbox 739 2280 940 2346; x_wconf 80' lang='lat' dir='ltr'>Themistum</span> <span class='ocrx_word' id='word_1_165' title='bbox 964 2283 1069 2367; x_wconf 81' lang='lat' dir='ltr'>arguit</span> 
     </span>
     <span class='ocr_line' id='line_1_23' title="bbox 58 2366 1100 2462; baseline 0.003 -21"><span class='ocrx_word' id='word_1_166' title='bbox 58 2366 162 2443; x_wconf 72' lang='lat' dir='ltr'>lusisse:</span> <span class='ocrx_word' id='word_1_167' title='bbox 192 2376 270 2460; x_wconf 88' lang='lat' dir='ltr'>quid</span> <span class='ocrx_word' id='word_1_168' title='bbox 287 2376 371 2441; x_wconf 91' lang='lat' dir='ltr'>enim</span> <span class='ocrx_word' id='word_1_169' title='bbox 390 2398 447 2441; x_wconf 89' lang='lat' dir='ltr'>sua</span> <span class='ocrx_word' id='word_1_170' title='bbox 466 2386 579 2462; x_wconf 90' lang='lat' dir='ltr'>sponte</span> <span class='ocrx_word' id='word_1_171' title='bbox 596 2374 712 2441; x_wconf 83' lang='lat' dir='ltr'>fecisse</span> <span class='ocrx_word' id='word_1_172' title='bbox 729 2374 973 2461; x_wconf 86' lang='lat' dir='ltr'>Hieronymum,</span> <span class='ocrx_word' id='word_1_173' title='bbox 989 2397 1068 2461; x_wconf 91' lang='lat' dir='ltr'>pue-</span> <span class='ocrx_word' id='word_1_174' title='bbox 1085 2397 1100 2445; x_wconf 80' lang='lat' dir='ltr'>a</span> 
     </span>
     <span class='ocr_line' id='line_1_24' title="bbox 57 2467 1069 2556; baseline 0.001 -23"><span class='ocrx_word' id='word_1_175' title='bbox 57 2481 108 2533; x_wconf 77' lang='lat' dir='ltr'>uu</span> <span class='ocrx_word' id='word_1_176' title='bbox 121 2492 157 2537; x_wconf 89' lang='lat' dir='ltr'>ac</span> <span class='ocrx_word' id='word_1_177' title='bbox 174 2469 306 2535; x_wconf 83' lang='lat' dir='ltr'>vixdum</span> <span class='ocrx_word' id='word_1_178' title='bbox 323 2469 551 2556; x_wconf 82' lang='lat' dir='ltr'>pubescentem</span> <span class='ocrx_word' id='word_1_179' title='bbox 573 2468 679 2535; x_wconf 80' lang='lat' dir='ltr'>facere</span> <span class='ocrx_word' id='word_1_180' title='bbox 699 2467 861 2555; x_wconf 80' lang='lat' dir='ltr'>potuisse?</span> <span class='ocrx_word' id='word_1_181' title='bbox 894 2477 1012 2534; x_wconf 86' lang='lat' dir='ltr'>tutores</span> <span class='ocrx_word' id='word_1_182' title='bbox 1031 2490 1069 2533; x_wconf 81' lang='lat' dir='ltr'>ec</span> 
     </span>
     <span class='ocr_line' id='line_1_25' title="bbox 59 2562 1069 2650; baseline -0.003 -20"><span class='ocrx_word' id='word_1_183' title='bbox 59 2562 200 2650; x_wconf 71' lang='lat' dir='ltr'>mgisaos</span> <span class='ocrx_word' id='word_1_184' title='bbox 227 2562 294 2629; x_wconf 92' lang='lat' dir='ltr'>eius</span> <span class='ocrx_word' id='word_1_185' title='bbox 321 2564 381 2629; x_wconf 91' lang='lat' dir='ltr'>sub</span> <span class='ocrx_word' id='word_1_186' title='bbox 408 2563 512 2629; x_wconf 87' lang='lat' dir='ltr'>aliena</span> <span class='ocrx_word' id='word_1_187' title='bbox 536 2562 657 2629; x_wconf 88' lang='lat' dir='ltr'>invidia</span> <span class='ocrx_word' id='word_1_188' title='bbox 680 2584 847 2650; x_wconf 84' lang='lat' dir='ltr'>regnasse3</span> <span class='ocrx_word' id='word_1_189' title='bbox 881 2563 988 2647; x_wconf 85' lang='lat' dir='ltr'>itaque</span> <span class='ocrx_word' id='word_1_190' title='bbox 1013 2572 1069 2627; x_wconf 91' lang='lat' dir='ltr'>aut</span> 
     </span>
     <span class='ocr_line' id='line_1_26' title="bbox 60 2655 1067 2744; baseline 0 -22"><span class='ocrx_word' id='word_1_191' title='bbox 60 2664 111 2722; x_wconf 77' lang='lat' dir='ltr'>tute</span> <span class='ocrx_word' id='word_1_192' title='bbox 127 2657 360 2743; x_wconf 86' lang='lat' dir='ltr'>Hieronymum</span> <span class='ocrx_word' id='word_1_193' title='bbox 386 2666 441 2723; x_wconf 86' lang='lat' dir='ltr'>aut</span> <span class='ocrx_word' id='word_1_194' title='bbox 466 2667 550 2724; x_wconf 82' lang='lat' dir='ltr'>certe</span> <span class='ocrx_word' id='word_1_195' title='bbox 576 2676 650 2722; x_wconf 90' lang='lat' dir='ltr'>cum</span> <span class='ocrx_word' id='word_1_196' title='bbox 670 2655 867 2743; x_wconf 86' lang='lat' dir='ltr'>Hieronymo</span> <span class='ocrx_word' id='word_1_197' title='bbox 888 2656 991 2744; x_wconf 85' lang='lat' dir='ltr'>perire</span> <span class='ocrx_word' id='word_1_198' title='bbox 1012 2678 1067 2723; x_wconf 88' lang='lat' dir='ltr'>eos</span> 
     </span>
    </p>

    <p class='ocr_par' dir='ltr' id='par_1_9' title="bbox 10 2742 1206 3122">
     <span class='ocr_line' id='line_1_27' title="bbox 10 2742 1102 2835; baseline 0.002 -15"><span class='ocrx_word' id='word_1_199' title='bbox 10 2768 12 2779; x_wconf 81' lang='lat'><em>·</em></span> <span class='ocrx_word' id='word_1_200' title='bbox 62 2742 190 2820; x_wconf 73' lang='lat' dir='ltr'>delaissa.</span> <span class='ocrx_word' id='word_1_201' title='bbox 244 2761 277 2819; x_wconf 86' lang='lat' dir='ltr'>at</span> <span class='ocrx_word' id='word_1_202' title='bbox 301 2751 373 2819; x_wconf 88' lang='lat' dir='ltr'>illos</span> <span class='ocrx_word' id='word_1_203' title='bbox 400 2751 524 2818; x_wconf 84' lang='lat' dir='ltr'>debitos</span> <span class='ocrx_word' id='word_1_204' title='bbox 545 2751 610 2817; x_wconf 89' lang='lat' dir='ltr'>iam</span> <span class='ocrx_word' id='word_1_205' title='bbox 631 2751 725 2817; x_wconf 86' lang='lat' dir='ltr'>morti</span> <span class='ocrx_word' id='word_1_206' title='bbox 745 2750 980 2835; x_wconf 77' lang='lat' dir='ltr'>destinatosque</span> <span class='ocrx_word' id='word_1_207' title='bbox 1007 2749 1102 2822; x_wconf 81' lang='lat' dir='ltr'>alias</span> 
     </span>
     <span class='ocr_line' id='line_1_28' title="bbox 10 2845 1067 2934; baseline -0.002 -21"><span class='ocrx_word' id='word_1_208' title='bbox 10 2914 12 2923; x_wconf 79' lang='grc'><strong>,</strong></span> <span class='ocrx_word' id='word_1_209' title='bbox 61 2858 119 2913; x_wconf 70' lang='lat' dir='ltr'>turs</span> <span class='ocrx_word' id='word_1_210' title='bbox 134 2847 253 2915; x_wconf 87' lang='lat' dir='ltr'>scelera</span> <span class='ocrx_word' id='word_1_211' title='bbox 273 2856 497 2934; x_wconf 87' lang='lat' dir='ltr'>postmortem</span> <span class='ocrx_word' id='word_1_212' title='bbox 519 2847 643 2934; x_wconf 80' lang='lat' dir='ltr'>tyranni</span> <span class='ocrx_word' id='word_1_213' title='bbox 665 2845 804 2924; x_wconf 88' lang='lat' dir='ltr'>molitos,</span> <span class='ocrx_word' id='word_1_214' title='bbox 830 2846 936 2933; x_wconf 83' lang='lat' dir='ltr'>palam</span> <span class='ocrx_word' id='word_1_215' title='bbox 956 2845 1067 2933; x_wconf 87' lang='lat' dir='ltr'>primo,</span> 
     </span>
     <span class='ocr_line' id='line_1_29' title="bbox 61 2938 1206 3028; baseline 0.001 -23"><span class='ocrx_word' id='word_1_216' title='bbox 61 2952 113 3005; x_wconf 77' lang='lat' dir='ltr'>tun</span> <span class='ocrx_word' id='word_1_217' title='bbox 126 2942 241 3008; x_wconf 85' lang='lat' dir='ltr'>clausis</span> <span class='ocrx_word' id='word_1_218' title='bbox 254 2940 483 3008; x_wconf 84' lang='lat' dir='ltr'>Adranodorus</span> <span class='ocrx_word' id='word_1_219' title='bbox 501 2940 624 3009; x_wconf 88' lang='lat' dir='ltr'>insulae</span> <span class='ocrx_word' id='word_1_220' title='bbox 640 2941 738 3028; x_wconf 81' lang='lat' dir='ltr'>portis</span> <span class='ocrx_word' id='word_1_221' title='bbox 756 2940 962 3008; x_wconf 83' lang='lat' dir='ltr'>hereditatem</span> <span class='ocrx_word' id='word_1_222' title='bbox 978 2941 1069 3028; x_wconf 85' lang='lat' dir='ltr'>regni</span> <span class='ocrx_word' id='word_1_223' title='bbox 1201 2938 1206 2951; x_wconf 91' lang='lat'>&#39;</span> 
     </span>
     <span class='ocr_line' id='line_1_30' title="bbox 62 3034 1067 3122; baseline -0.004 -20"><span class='ocrx_word' id='word_1_224' title='bbox 62 3037 165 3102; x_wconf 72' lang='lat' dir='ltr'>metit</span> <span class='ocrx_word' id='word_1_225' title='bbox 177 3047 210 3102; x_wconf 89' lang='lat' dir='ltr'>et</span> <span class='ocrx_word' id='word_1_226' title='bbox 222 3057 304 3121; x_wconf 89' lang='lat' dir='ltr'>quae</span> <span class='ocrx_word' id='word_1_227' title='bbox 316 3045 500 3122; x_wconf 88' lang='lat' dir='ltr'>procurator</span> <span class='ocrx_word' id='word_1_228' title='bbox 512 3047 655 3102; x_wconf 86' lang='lat' dir='ltr'>tenuerat</span> <span class='ocrx_word' id='word_1_229' title='bbox 666 3058 724 3122; x_wconf 93' lang='lat' dir='ltr'>pro</span> <span class='ocrx_word' id='word_1_230' title='bbox 738 3034 864 3101; x_wconf 91' lang='lat' dir='ltr'>domino</span> <span class='ocrx_word' id='word_1_231' title='bbox 877 3034 1067 3120; x_wconf 77' lang='lat' dir='ltr'>possederit3</span> 
     </span>
    </p>

    <p class='ocr_par' dir='ltr' id='par_1_10' title="bbox 10 3128 1102 3869">
     <span class='ocr_line' id='line_1_31' title="bbox 10 3128 1102 3214; baseline -0.001 -17"><span class='ocrx_word' id='word_1_232' title='bbox 10 3192 12 3203; x_wconf 84' lang='lat'><strong><em>‚</em></strong></span> <span class='ocrx_word' id='word_1_233' title='bbox 63 3128 175 3204; x_wconf 74' lang='lat' dir='ltr'>untias</span> <span class='ocrx_word' id='word_1_234' title='bbox 193 3130 308 3196; x_wconf 89' lang='lat' dir='ltr'>deinde</span> <span class='ocrx_word' id='word_1_235' title='bbox 326 3130 366 3197; x_wconf 91' lang='lat' dir='ltr'>ab</span> <span class='ocrx_word' id='word_1_236' title='bbox 385 3130 445 3209; x_wconf 90' lang='lat' dir='ltr'>eis,</span> <span class='ocrx_word' id='word_1_237' title='bbox 469 3131 524 3214; x_wconf 90' lang='lat' dir='ltr'>qui</span> <span class='ocrx_word' id='word_1_238' title='bbox 540 3131 574 3196; x_wconf 90' lang='lat' dir='ltr'>in</span> <span class='ocrx_word' id='word_1_239' title='bbox 590 3130 695 3196; x_wconf 89' lang='lat' dir='ltr'>insula</span> <span class='ocrx_word' id='word_1_240' title='bbox 711 3138 812 3207; x_wconf 87' lang='lat' dir='ltr'>erant,</span> <span class='ocrx_word' id='word_1_241' title='bbox 840 3128 1067 3194; x_wconf 81' lang='lat' dir='ltr'>circumsessus</span> <span class='ocrx_word' id='word_1_242' title='bbox 1085 3149 1102 3196; x_wconf 85' lang='lat'>4</span> 
     </span>
     <span class='ocr_line' id='line_1_32' title="bbox 67 3213 1101 3307; baseline 0 -16"><span class='ocrx_word' id='word_1_243' title='bbox 67 3213 246 3291; x_wconf 62' lang='lat' dir='ltr'>universa</span> <span class='ocrx_word' id='word_1_244' title='bbox 267 3223 408 3302; x_wconf 85' lang='lat' dir='ltr'>civitate,</span> <span class='ocrx_word' id='word_1_245' title='bbox 438 3245 521 3307; x_wconf 89' lang='lat' dir='ltr'>quae</span> <span class='ocrx_word' id='word_1_246' title='bbox 541 3223 758 3289; x_wconf 88' lang='lat' dir='ltr'>Achradinam</span> <span class='ocrx_word' id='word_1_247' title='bbox 780 3222 928 3301; x_wconf 82' lang='lat' dir='ltr'>tenuerit,</span> <span class='ocrx_word' id='word_1_248' title='bbox 957 3219 1101 3304; x_wconf 79' lang='lat' dir='ltr'>nequi-5</span> 
     </span>
     <span class='ocr_line' id='line_1_33' title="bbox 10 3312 1068 3407; baseline -0.009 -18"><span class='ocrx_word' id='word_1_249' title='bbox 10 3366 12 3373; x_wconf 91' lang='lat'>·</span> <span class='ocrx_word' id='word_1_250' title='bbox 70 3324 133 3389; x_wconf 71' lang='lat' dir='ltr'>lm</span> <span class='ocrx_word' id='word_1_251' title='bbox 154 3319 263 3407; x_wconf 83' lang='lat' dir='ltr'>palam</span> <span class='ocrx_word' id='word_1_252' title='bbox 285 3328 380 3404; x_wconf 84' lang='lat' dir='ltr'>atque</span> <span class='ocrx_word' id='word_1_253' title='bbox 401 3327 508 3403; x_wconf 88' lang='lat' dir='ltr'>aperte</span> <span class='ocrx_word' id='word_1_254' title='bbox 530 3317 662 3404; x_wconf 89' lang='lat' dir='ltr'>petitum</span> <span class='ocrx_word' id='word_1_255' title='bbox 683 3339 816 3404; x_wconf 81' lang='lat' dir='ltr'>regnum</span> <span class='ocrx_word' id='word_1_256' title='bbox 838 3315 919 3381; x_wconf 87' lang='lat' dir='ltr'>clam</span> <span class='ocrx_word' id='word_1_257' title='bbox 942 3323 973 3380; x_wconf 87' lang='lat' dir='ltr'>et</span> <span class='ocrx_word' id='word_1_258' title='bbox 994 3312 1068 3379; x_wconf 92' lang='lat' dir='ltr'>dolo</span> 
     </span>
     <span class='ocr_line' id='line_1_34' title="bbox 67 3401 1068 3496; baseline -0.007 -15"><span class='ocrx_word' id='word_1_259' title='bbox 67 3401 193 3480; x_wconf 67' lang='lat' dir='ltr'>tltsne</span> <span class='ocrx_word' id='word_1_260' title='bbox 211 3423 343 3479; x_wconf 87' lang='lat' dir='ltr'>conatus</span> <span class='ocrx_word' id='word_1_261' title='bbox 362 3412 403 3478; x_wconf 85' lang='lat' dir='ltr'>sit</span> <span class='ocrx_word' id='word_1_262' title='bbox 422 3421 454 3476; x_wconf 85' lang='lat' dir='ltr'>ct</span> <span class='ocrx_word' id='word_1_263' title='bbox 470 3433 510 3476; x_wconf 90' lang='lat' dir='ltr'>ue</span> <span class='ocrx_word' id='word_1_264' title='bbox 528 3411 680 3477; x_wconf 87' lang='lat' dir='ltr'>beneficio</span> <span class='ocrx_word' id='word_1_265' title='bbox 697 3410 825 3496; x_wconf 87' lang='lat' dir='ltr'>quidem</span> <span class='ocrx_word' id='word_1_266' title='bbox 843 3418 936 3493; x_wconf 85' lang='lat' dir='ltr'>atque</span> <span class='ocrx_word' id='word_1_267' title='bbox 949 3408 1068 3474; x_wconf 88' lang='lat' dir='ltr'>honore</span> 
     </span>
     <span class='ocr_line' id='line_1_35' title="bbox 64 3503 1067 3592; baseline -0.007 -17"><span class='ocrx_word' id='word_1_268' title='bbox 64 3508 170 3575; x_wconf 71' lang='lat' dir='ltr'>lllterit</span> <span class='ocrx_word' id='word_1_269' title='bbox 182 3507 282 3586; x_wconf 82' lang='lat' dir='ltr'>vinci,</span> <span class='ocrx_word' id='word_1_270' title='bbox 300 3529 374 3573; x_wconf 90' lang='lat' dir='ltr'>cum</span> <span class='ocrx_word' id='word_1_271' title='bbox 390 3507 472 3571; x_wconf 89' lang='lat' dir='ltr'>inter</span> <span class='ocrx_word' id='word_1_272' title='bbox 488 3505 670 3573; x_wconf 88' lang='lat' dir='ltr'>liberatores</span> <span class='ocrx_word' id='word_1_273' title='bbox 687 3505 807 3592; x_wconf 86' lang='lat' dir='ltr'>patriae</span> <span class='ocrx_word' id='word_1_274' title='bbox 819 3504 983 3570; x_wconf 87' lang='lat' dir='ltr'>insidiator</span> <span class='ocrx_word' id='word_1_275' title='bbox 998 3503 1067 3591; x_wconf 92' lang='lat' dir='ltr'>ipse</span> 
     </span>
     <span class='ocr_line' id='line_1_36' title="bbox 62 3581 1101 3695; baseline -0.002 -26"><span class='ocrx_word' id='word_1_276' title='bbox 62 3581 186 3695; x_wconf 54' lang='lat' dir='ltr'>heroas</span> <span class='ocrx_word' id='word_1_277' title='bbox 205 3611 329 3669; x_wconf 83' lang='lat' dir='ltr'>creatus</span> <span class='ocrx_word' id='word_1_278' title='bbox 347 3611 433 3668; x_wconf 85' lang='lat' dir='ltr'>esset</span> <span class='ocrx_word' id='word_1_279' title='bbox 449 3611 582 3688; x_wconf 88' lang='lat' dir='ltr'>praetor.</span> <span class='ocrx_word' id='word_1_280' title='bbox 618 3601 676 3667; x_wconf 91' lang='lat' dir='ltr'>sed</span> <span class='ocrx_word' id='word_1_281' title='bbox 691 3600 814 3666; x_wconf 89' lang='lat' dir='ltr'>animos</span> <span class='ocrx_word' id='word_1_282' title='bbox 832 3598 878 3664; x_wconf 88' lang='lat' dir='ltr'>eis</span> <span class='ocrx_word' id='word_1_283' title='bbox 895 3597 1000 3685; x_wconf 82' lang='lat' dir='ltr'>regios</span> <span class='ocrx_word' id='word_1_284' title='bbox 1018 3618 1101 3668; x_wconf 69' lang='lat' dir='ltr'>res</span> 
     </span>
     <span class='ocr_line' id='line_1_37' title="bbox 61 3689 1067 3784; baseline -0.005 -22"><span class='ocrx_word' id='word_1_285' title='bbox 61 3698 112 3762; x_wconf 56' lang='grc' dir='ltr'>με</span> <span class='ocrx_word' id='word_1_286' title='bbox 126 3697 273 3784; x_wconf 80' lang='lat' dir='ltr'>coniuges</span> <span class='ocrx_word' id='word_1_287' title='bbox 291 3696 424 3775; x_wconf 85' lang='lat' dir='ltr'>fecisse,</span> <span class='ocrx_word' id='word_1_288' title='bbox 440 3695 530 3761; x_wconf 83' lang='lat' dir='ltr'>alteri</span> <span class='ocrx_word' id='word_1_289' title='bbox 546 3695 710 3774; x_wconf 89' lang='lat' dir='ltr'>Hieronis,</span> <span class='ocrx_word' id='word_1_290' title='bbox 729 3693 818 3761; x_wconf 88' lang='lat' dir='ltr'>alteri</span> <span class='ocrx_word' id='word_1_291' title='bbox 837 3689 969 3758; x_wconf 87' lang='lat' dir='ltr'>Gelonis</span> <span class='ocrx_word' id='word_1_292' title='bbox 985 3689 1067 3757; x_wconf 82' lang='lat' dir='ltr'>filias</span> 
     </span>
     <span class='ocr_line' id='line_1_38' title="bbox 59 3789 162 3869; baseline 0.01 -13"><span class='ocrx_word' id='word_1_293' title='bbox 59 3789 162 3869; x_wconf 74' lang='lat' dir='ltr'>nu[llus.</span> 
     </span>
    </p>

    <p class='ocr_par' dir='ltr' id='par_1_11' title="bbox 10 3879 1101 4064">
     <span class='ocr_line' id='line_1_39' title="bbox 10 3879 1101 3979; baseline 0 -29"><span class='ocrx_word' id='word_1_294' title='bbox 10 3888 12 3905; x_wconf 93' lang='lat'>&#39;</span> <span class='ocrx_word' id='word_1_295' title='bbox 83 3963 91 3979; x_wconf 21' lang='grc' dir='ltr'>ἱ</span> <span class='ocrx_word' id='word_1_296' title='bbox 110 3880 173 3952; x_wconf 86' lang='lat' dir='ltr'>Suh</span> <span class='ocrx_word' id='word_1_297' title='bbox 186 3886 268 3952; x_wconf 83' lang='lat' dir='ltr'>hanc</span> <span class='ocrx_word' id='word_1_298' title='bbox 280 3907 392 3953; x_wconf 86' lang='lat' dir='ltr'>vocem</span> <span class='ocrx_word' id='word_1_299' title='bbox 409 3907 450 3952; x_wconf 88' lang='lat' dir='ltr'>cx</span> <span class='ocrx_word' id='word_1_300' title='bbox 465 3884 610 3953; x_wconf 90' lang='lat' dir='ltr'>omnibus</span> <span class='ocrx_word' id='word_1_301' title='bbox 625 3883 767 3971; x_wconf 88' lang='lat' dir='ltr'>partibus</span> <span class='ocrx_word' id='word_1_302' title='bbox 783 3880 937 3950; x_wconf 87' lang='lat' dir='ltr'>contionis</span> <span class='ocrx_word' id='word_1_303' title='bbox 950 3879 1067 3948; x_wconf 88' lang='lat' dir='ltr'>clamor</span> <span class='ocrx_word' id='word_1_304' title='bbox 1085 3902 1101 3950; x_wconf 80' lang='lat' dir='ltr'>r</span> 
     </span>
     <span class='ocr_line' id='line_1_40' title="bbox 53 3974 1067 4064; baseline 0 -21"><span class='ocrx_word' id='word_1_305' title='bbox 53 3974 149 4056; x_wconf 57' lang='lat' dir='ltr'>&#39;’Utur,</span> <span class='ocrx_word' id='word_1_306' title='bbox 167 3980 285 4047; x_wconf 89' lang='lat' dir='ltr'>nullam</span> <span class='ocrx_word' id='word_1_307' title='bbox 299 4002 407 4047; x_wconf 86' lang='lat' dir='ltr'>earum</span> <span class='ocrx_word' id='word_1_308' title='bbox 420 3981 526 4046; x_wconf 81' lang='lat' dir='ltr'>vivere</span> <span class='ocrx_word' id='word_1_309' title='bbox 544 3978 657 4046; x_wconf 91' lang='lat' dir='ltr'>debere</span> <span class='ocrx_word' id='word_1_310' title='bbox 674 4000 735 4047; x_wconf 87' lang='lat' dir='ltr'>nec</span> <span class='ocrx_word' id='word_1_311' title='bbox 750 3998 941 4063; x_wconf 87' lang='lat' dir='ltr'>quemquam</span> <span class='ocrx_word' id='word_1_312' title='bbox 958 3998 1067 4064; x_wconf 85' lang='lat' dir='ltr'>super·</span> 
     </span>
    </p>
   </div>
   <div class='ocr_carea' id='block_1_3' title="bbox 0 0 1276 4530">
    <p class='ocr_par' dir='ltr' id='par_1_12' title="bbox 0 0 1276 4530">
     <span class='ocr_line' id='line_1_41' title="bbox 0 0 1276 4530; baseline 0 0"><span class='ocrx_word' id='word_1_313' title='bbox 0 0 1276 4530; x_wconf 95' lang='lat' dir='ltr'> </span> 
     </span>
    </p>
   </div>
  </div>
 </body>
</html>
