2528 4514
138 242 203 308 482
310 248 430 305 LIBER
448 247 606 316 XXVIIII,
624 246 667 301 37.
680 246 723 302 38.
743 249 782 315 [a.
791 263 818 300 u.
831 245 929 301 abbo.
940 246 1004 315 551]

141 412 271 489 tribum,
299 430 381 495 quae
403 428 438 471 se
460 427 564 490 neque
587 405 962 489 condemnassetneque
987 405 1150 471 condemna-

140 519 209 572 tum
237 515 291 569 aut
316 501 480 569 consulem
502 510 557 565 aut
578 522 743 565 censorem
764 498 911 578 fecisset,
939 500 1086 587 populum
1102 501 1150 566 Ro

141 623 271 666 manum
290 619 430 674 omnem,
452 605 601 680 quattuor
618 606 652 660 et
669 593 799 681 triginta
812 594 931 673 tribus,
951 597 1084 662 aerarios
1098 596 1151 661 reli·

94 718 126 765 rr
145 696 226 782 quit,
241 693 327 778 quod
340 701 372 757 et
386 691 585 755 innocentem
605 712 640 755 se
658 689 929 755 condemnassent
942 702 975 756 et
988 692 1151 756 condemna·

143 805 212 856 tum
229 787 391 854 consulem
410 794 442 850 et
459 806 625 850 censorem
642 783 808 862 fecissent,
835 806 942 869 neque
959 785 1083 851 infitiari
1095 808 1151 872 pos-

144 895 224 961 sent,
239 891 293 946 aut
301 879 417 944 iudicio
431 879 529 944 semel
543 889 598 943 aut
605 878 741 944 comitiis
749 878 800 943 bis
810 879 851 944 ab
860 902 897 944 se
907 891 1074 967 peccatum
1085 902 1146 945 esse:

94 1001 125 1048 15
143 980 226 1044 inter
243 985 392 1060 quattuor
409 985 440 1038 et
458 973 587 1059 triginta
604 973 704 1038 tribus
723 984 755 1038 et
773 972 813 1039 O.
833 971 1009 1040 Claudium
1027 975 1151 1041 seruiuu¹

145 1073 228 1149 fore3
244 1070 328 1154 quod
337 1069 365 1134 si
374 1068 554 1154 exemplum
568 1068 700 1132 baberet
712 1068 762 1134 bis
773 1069 912 1133 eundem
922 1068 1153 1135 warinnam

145 1165 276 1252 queudi,
305 1163 344 1231 (l.
365 1162 535 1230 Claudium
553 1163 739 1230 nominatim
762 1187 797 1230 se
814 1164 898 1229 inter
921 1165 1061 1231 aerarios
1075 1164 1154 1230 lubus

95 1283 125 1330 16
143 1262 335 1327 relicturum.
386 1282 521 1345 pravum
547 1270 708 1324 certamen
733 1269 880 1324 notarum
906 1259 993 1325 inter
1018 1278 1153 1337 censores:

145 1355 311 1441 castigatio
329 1352 559 1419 inconstantiae
580 1353 691 1440 populi
713 1352 858 1419 censoria
874 1364 910 1419 et
926 1355 1081 1441 gravitate
1094 1365 1153 1419 tem·

94 1471 125 1517 17
144 1472 257 1537 porum
282 1447 408 1513 illorum
435 1447 541 1534 digna.
585 1447 618 1511 in
643 1447 764 1512 invidia
790 1468 940 1514 censores
968 1471 1043 1514 cum
1061 1458 1152 1525 esseut,

145 1543 308 1610 crescendi
330 1566 371 1608 ex
391 1543 431 1607 iis
453 1554 542 1608 ratus
565 1565 637 1608 esse
661 1542 861 1609 occasionem
879 1540 943 1610 On.
961 1544 1097 1612 Baebius
1113 1540 1155 1608 tn'd

144 1640 249 1704 bunus
276 1637 379 1726 plebis
406 1637 490 1703 diem
517 1638 558 1703 ad
583 1637 737 1724 populum
758 1637 902 1723 utrisque
925 1639 1017 1706 dixit
1066 1662 1101 1706 ea
1114 1658 1154 1705 ru

145 1756 303 1799 consensu
315 1744 442 1819 patrum
456 1733 601 1798 discussa
618 1745 681 1812 est,
700 1755 741 1798 ue
753 1744 866 1820 postea
879 1736 1022 1801 obnoxia
1037 1730 1151 1824 populm‘

146 1850 241 1893 aurae
260 1849 394 1893 censura
412 1839 506 1893 esset.
1150 1846 1153 1851 '

113 1943 124 1988 1
209 1921 417 1989 XXXVIII.
461 1923 586 1988 Eadem
613 1934 733 1988 aestate
759 1923 792 1987 in
809 1924 935 1990 Bruttls
956 1922 1152 2012 Clampetiae·

146 2017 276 2082 consule
294 2015 326 2080 vi
344 2026 451 2102 capta,
471 2014 647 2082 Consentia
660 2029 693 2083 et
700 2017 864 2083 Pandosia
878 2031 911 2084 et
923 2019 1078 2106 ignobiles
1092 2016 1150 2083 alin
1184 2034 1192 2041 '

112 2131 126 2177 2
147 2109 290 2175 civitates
314 2110 476 2175 voluntate
498 2110 531 2174 in
554 2111 710 2176 dicionem
731 2124 897 2178 venerunt.
943 2126 1064 2179 etcum
1079 2108 1148 2178 comi

146 2205 260 2271 tiorum
274 2205 337 2270 iam
352 2206 515 2291 adpeteret
529 2216 664 2293 tempus,
676 2205 860 2272 Cornelium
873 2209 984 2295 potius
995 2205 1147 2279 exuraris·

20 2380 24 2388 ¹
111 2322 125 2367 3
144 2301 199 2367 ubi
213 2301 291 2371 nihil
303 2301 378 2366 belli
392 2312 472 2378 erat,
491 2301 627 2366 Romam
642 2303 735 2366 acciri
747 2303 875 2388 placuit.
911 2303 940 2368 is
956 2299 1145 2371 consulenda
1176 2348 1179 2353 -

146 2394 316 2462 Servilium
336 2393 532 2481 Caepionem
555 2407 586 2460 et
605 2393 644 2461 C.
665 2395 835 2462 Servilium
854 2397 1030 2464 Geminum
1051 2394 1144 2464 creari
1174 2414 1192 2442 ’·-

111 2510 126 2554 4
145 2491 219 2555 inde
237 2489 395 2576 praetoria
417 2490 544 2554 comitia
567 2490 683 2556 habita.
730 2493 826 2556 creati
843 2492 883 2556 P.
904 2491 1071 2559 Cornelius
1085 2492 1144 2556 Len·

146 2585 245 2663 tulus,
266 2585 306 2649 P.
326 2584 499 2666 Quintilius
517 2587 639 2663 Varus,
662 2587 700 2651 P.
718 2586 833 2652 Aelius
849 2587 990 2667 Paetus,
1007 2589 1045 2654 P.
1061 2584 1144 2656 Vultu
1175 2588 1192 2598 “’

112 2700 125 2745 5
145 2679 325 2765 Tappulus:
361 2679 394 2742 hi
413 2679 475 2744 duo
498 2700 570 2743 cum
594 2680 711 2746 aediles
729 2681 832 2767 plebis
856 2695 982 2762 essent,
1017 2693 1143 2771 praetore

145 2773 241 2837 creati
269 2783 352 2837 sunt.
397 2774 508 2838 consul
536 2774 669 2840 comitiis
696 2775 845 2861 perfectis
876 2778 918 2841 ad
947 2772 1143 2843 exercitum‘u

144 2865 306 2929 Etruriam
325 2867 417 2933 redit.

88 2979 125 3025 -o
211 2958 400 3026 Sacerdotes
419 2985 457 3028 eo
476 2986 559 3028 anno
576 2964 691 3029 mortui
709 2975 803 3048 atque
815 2965 853 3028 ‘in
867 2964 977 3032 locum
990 2989 1091 3033 eorum
1102 2957 1143 3028 sul·

144 3055 234 3120 fecti:
266 3055 316 3120 Ti.
335 3057 487 3124 Veturius
508 3058 604 3124 Philo
625 3060 741 3124 flamen
762 3059 923 3126 Martialis
946 3060 981 3126 in
1003 3053 1143 3126 locumll

143 3150 261 3215 Aemili
276 3150 409 3237 Regilli,
429 3152 482 3236 qui
499 3154 603 3238 priore
622 3177 704 3220 anno
722 3165 865 3221 mortuus
884 3167 970 3234 crat,
990 3151 1143 3222 creatusiu

111 3265 123 3308 7
144 3255 379 3331 auguratusque
385 3271 393 3324 ;
418 3246 451 3309 in
464 3246 513 3312 M.
523 3248 681 3334 Pomponi
689 3249 856 3314 Mathonis
875 3261 907 3315 et
925 3251 1055 3338 auguris
1072 3261 1099 3314 et
1112 3245 1143 3309 dr·

143 3339 272 3403 cemviri
289 3340 395 3405 locum
414 3341 510 3405 creati
529 3343 689 3407 decemvir
705 3343 754 3407 M.
773 3343 927 3409 Aurelius
949 3344 1058 3422 Cotta,
1075 3356 1144 3427 ΜΨ

144 3431 194 3496 Ti.
206 3431 413 3519 Sempronius
425 3433 591 3501 Gracchus
606 3439 778 3502 admodum
791 3439 993 3518 adulescens,
1012 3439 1092 3524 quod
1101 3447 1144 3500 tm
1190 3510 1192 3514 ,

109 3545 124 3594 8
141 3549 306 3611 perrarum
319 3528 353 3592 in
366 3530 554 3596 mandandis
570 3532 754 3597 sacerdotiis
769 3544 846 3598 erat.
874 3535 1050 3622 quadrigae
1061 3544 1145 3597 aurat
1185 3594 1192 3611 ,

142 3644 179 3686 eo
195 3645 277 3687 anno
291 3622 324 3687 in
335 3621 493 3709 Capitolio
503 3626 626 3712 positae
641 3629 681 3692 ab
696 3628 850 3693 aedilibus
861 3630 1025 3695 curulibus
1035 3620 1144 3694 cuivis
1184 3642 1192 3707 ζ

142 3727 174 3780 ct
184 3716 234 3781 M.
248 3715 383 3783 Servilio
394 3717 540 3786 Gemino.
573 3732 605 3786 et
616 3722 683 3787 ludi
697 3723 834 3788 Romani
847 3723 984 3789 biduum
999 3712 1143 3788 insumi

140 3810 216 3875 item
229 3835 287 3897 per
300 3812 431 3877 biduum
443 3815 547 3899 plebei
565 3817 606 3882 ab
621 3817 775 3883 aedilibus
788 3819 827 3883 P.
837 3818 946 3897 Aelio,
959 3820 998 3884 P.
1007 3816 1105 3886 Vrllic
1123 3818 1143 3871 d

138 3902 227 3968 Iovis
247 3907 376 3992 epulum
393 3908 454 3973 fuit
471 3910 617 3976 ludorum
636 3934 742 3978 causa.
1188 3956 1191 3961 -
