2528 4514
325 228 443 283 erana
460 229 585 298 xxvn,
602 229 644 284 33.
655 229 696 283 34.
717 233 755 298 [a.
767 229 869 299 caca]
1046 217 1109 285 333

95 383 340 462 Scerdilaedum,
363 383 413 448 cui
430 394 541 449 notum
559 396 626 450 erat
642 384 767 472 insigne
785 386 909 473 galeae,
929 386 1047 452 famam
1064 387 1113 452 in-

95 476 209 543 terfecti
238 477 323 563 regis
355 477 507 562 vulgavit.
559 490 633 565 post
662 480 890 566 profectionem
921 503 961 545 ex
987 482 1147 550 Achaiae

95 571 169 658 egis
198 567 359 658 Sulpicius
386 572 547 658 Aeginam
579 573 693 644 classe,
710 574 871 659 profectus
903 596 975 639 cnm
1000 576 1111 642 Attalo

95 688 156 730 rese
174 664 346 730 coniunxit
381 665 505 730 Achaei
524 688 595 730 cum
606 668 731 733 Aetolis
739 667 892 753 Eleisque
905 669 991 734 haud
1003 670 1112 756 procul
1131 693 1145 738 3

95 760 237 825 dessene
254 782 439 845 prosperam
456 783 598 845 pugnam
615 761 767 828 fecerunt.
802 763 932 829 Attalus
950 787 1007 828 rex
1025 776 1056 830 et
1071 764 1111 830 P.

95 851 248 939 {ulpicius
266 852 413 939 Aeginae
430 853 646 921 hibemarunt.

143 945 359 1011 Exitu'hnius
377 947 451 1011 anni
465 947 503 1012 Τ.
515 947 683 1029 Quinctius
701 950 827 1028 consul,
846 950 997 1017 dictatore
1015 951 1113 1017 comi·
1131 973 1145 1020 6

95 1042 199 1106 iorum
224 1040 433 1134 indorumque
459 1041 675 1109 faciendorum
702 1065 798 1109 causa
821 1043 904 1109 dicto
927 1045 966 1110 Τ.
989 1045 1112 1110 Manlio

95 1137 261 1219 torquato,
280 1157 320 1200 ex
339 1136 466 1201 volnere
483 1138 623 1202 moritur.
660 1137 713 1202 alii
730 1136 874 1215 Tarenti,
894 1137 946 1201 alii
964 1138 996 1201 in
1016 1136 1113 1204 Cam·

95 1229 177 1294 »ania
203 1239 363 1295 mortuum
389 1231 526 1296 tradunt
569 1232 603 1296 id
629 1232 714 1315 quod
740 1232 827 1297 nullo
854 1242 926 1297 ante
953 1233 1037 1298 bello
1060 1255 1144 1301 act

95 1322 215 1401 iderat,
243 1324 305 1389 dno
328 1324 474 1389 consules
497 1324 565 1390 sine
587 1326 791 1391 memorando
812 1326 932 1411 proelio
954 1325 1112 1392 interfecti

95 1418 168 1483 'elut
185 1419 297 1483 orbam
313 1441 381 1483 rem
398 1419 558 1505 publicam
574 1420 775 1504 reliquerant.
816 1419 950 1485 dictator
968 1421 1110 1486 Manlius

95 1512 270 1598 nagistrum
296 1514 436 1597 equitum
460 1511 498 1580 O.
524 1513 694 1580 Servilium
715 1525 831 1578 -tum
857 1515 967 1580 aedilis
995 1514 1110 1580 curulis

95 1617 148 1671 rat
164 1643 192 1652 -
210 1606 298 1670 dixit
335 1620 464 1673 senatus
482 1630 544 1692 quo
563 1608 613 1673 die
630 1607 767 1694 primum
785 1618 835 1672 est
851 1607 992 1687 habitus,
1018 1608 1110 1674 ludos
1129 1625 1145 1674 8

95 1721 214 1787 magnos
233 1702 338 1766 facere
357 1702 542 1768 dictatorem
558 1701 665 1780 iussit,
684 1724 764 1785 quos
781 1701 830 1767 M.
844 1703 1002 1768 Aemilius
1019 1725 1111 1790 prae-

95 1817 129 1859 or
146 1793 235 1859 urbis
255 1793 294 1860 O.
312 1795 480 1874 Flaminio,
504 1794 564 1861 Cn.
584 1794 721 1862 Servilio
739 1796 921 1862 consulibus
944 1797 1063 1863 fecerat
1080 1808 1112 1862 et

95 1912 114 1952 n
131 1889 381 1973 quinquennium
399 1900 538 1956 voverat.
583 1901 650 1955 tum
672 1890 806 1956 dictator
823 1901 855 1956 et
877 1891 953 1957 fecit
969 1892 1061 1956 ludos
1080 1902 1112 1956 et

96 2005 118 2046 n
131 1981 302 2067 insequens
320 1984 455 2050 lustrum
472 1984 568 2050 vovit
603 1996 742 2051 ceterum
756 2007 829 2050 cum
846 1985 1110 2052 duo·consnlares
1130 2005 1143 2052 3

95 2078 237 2142 exercitus
257 2089 321 2142 tam
337 2102 437 2166 prope
454 2078 578 2145 hostem
593 2079 661 2145 sine
675 2080 807 2145 ducibus
822 2091 944 2158 essent,
962 2080 1109 2146 omnibus

95 2168 150 2234 diis
172 2171 300 2237 omissis
322 2195 387 2237 una
406 2173 576 2260 praecipua
598 2195 674 2239 cura
698 2185 803 2260 patres
825 2173 1040 2260 populumque
1062 2174 1110 2238 in·

95 2264 176 2329 assit
195 2266 342 2332 consules
360 2268 462 2354 primo
480 2290 605 2352 quoque
623 2279 764 2354 tempore
783 2268 925 2346 creandi,
953 2280 986 2333 et
1001 2278 1037 2331 ut
1055 2289 1109 2332 eos

95 2370 222 2424 rement
244 2360 459 2446 potissimum,
487 2384 621 2446 qnorum
644 2362 743 2426 virtus
767 2361 844 2426 satis
868 2371 936 2426 tnta
957 2384 977 2426 a
998 2359 1109 2424 frande

95 2451 202 2518 Punica
219 2465 319 2519 esset:
343 2477 415 2519 cnm
432 2466 498 2521 toto
516 2479 554 2523 eo
572 2456 656 2522 bello
675 2457 828 2521 damnosa
844 2476 1055 2541 praepropera
1072 2474 1110 2518 ac
1129 2473 1162 2521 10

95 2544 203 2612 fervida
218 2546 347 2633 ingenia
363 2549 589 2636 imperatorum
611 2549 761 2628 fuissent,
789 2561 855 2614 tum
877 2572 916 2615 eo
937 2548 1008 2635 ipso
1026 2570 1109 2613 anno

95 2641 225 2707 consules
249 2643 346 2708 nimia
367 2643 538 2730 cupiditate
560 2644 747 2710 conserendi
769 2666 841 2709 cum
862 2644 954 2710 hoste
980 2665 1108 2707 manum

94 2730 350 2823 innecopinatam
368 2738 512 2803 fraudem
530 2737 638 2825 lapsos
661 2761 743 2804 esse.
788 2749 927 2803 ceterum
950 2737 1026 2804 deos
1050 2736 1109 2801 im-
1128 2757 1158 2803 11

95 2830 235 2910 mortalis,
262 2831 419 2898 miseritos
437 2831 574 2898 nominis
591 2833 744 2912 Romani,
770 2833 952 2920 pepercisse
973 2831 1109 2898 innoxiis

95 2924 289 3084 ffiitibus,
334 2926 542 2992 temeritatem
577 2927 743 2993 consulum
777 2928 920 3014 ipsorum
955 2925 1109 3013 capitibus

174 3043 258 3085 asse.

143 3112 336 3179 XXXIHI.
383 3112 468 3180 Cum
495 3115 771 3202 circumspicerent
795 3126 917 3201 patres,
954 3132 1140 3196 quosnamr

97 3207 226 3273 annes
244 3208 400 3286 facerent,
422 3209 517 3295 longe
535 3220 608 3275 ante
626 3208 705 3275 alios
723 3209 881 3274 eminebat
900 3205 938 3273 C.
954 3203 1107 3271 Claudius

95 3285 180 3379 lltro;
217 3301 248 3366 ei
273 3301 409 3388 conlega
434 3303 653 3386 quaerebatur.
697 3313 730 3367 et
755 3301 857 3366 virum
882 3299 1009 3383 quidem
1036 3317 1140 3363 cuma

95 3394 244 3482 egregium
262 3395 434 3473 ducebant,
463 3397 520 3461 sed
536 3395 761 3483 promptiorem
779 3394 993 3476 acrioremque
1012 3414 1106 3476 quam

95 3484 222 3576 ‘tmpora
239 3489 314 3555 belli
331 3489 529 3576 postularent
546 3500 600 3555 aut
616 3490 717 3556 hostis
734 3487 911 3553 Hannibal:
930 3497 1107 3572 temperan-
1125 3505 1140 3551 3

95 3567 153 3648 lum
175 3606 249 3650 acre
271 3583 434 3670 ingenium
457 3583 525 3650 eius
547 3585 709 3650 moderato
737 3595 769 3647 et
789 3580 936 3668 prudenti
958 3579 1025 3644 viro
1052 3577 1108 3642 ad-

95 3685 184 3743 uncto
203 3677 337 3764 conlega
355 3678 536 3743 censebant.
568 3678 628 3749 M.
646 3677 760 3742 Livius
779 3686 859 3752 erat,
886 3672 992 3738 multis
1016 3670 1106 3736 annis

95 3781 148 3836 nte
168 3794 210 3836 ex
234 3771 399 3836 consulatu
421 3771 531 3857 populi
552 3771 667 3836 iudicio
691 3771 872 3846 damnatus,
901 3789 995 3851 quam
1016 3765 1141 3850 igno-4
1196 3850 1202 3859 .

95 3863 207 3929 tiniam
226 3864 305 3929 adeo
324 3887 418 3951 aegre
436 3865 563 3944 tulerat,
582 3876 617 3930 ut
634 3887 687 3929 rus
705 3863 855 3951 migraret
868 3871 899 3926 et
916 3883 972 3947 per
990 3858 1105 3924 multos

95 3974 179 4025 onos
202 3968 235 4023 et
255 3959 333 4023 urbe
355 3969 388 4024 et
409 3959 495 4025 omni
516 3970 608 4025 coetu
630 3969 749 4023 careret
771 3955 942 4021 hominum.
992 3964 1138 4021 octavos
