2566 4538
150 219 215 285 502
384 227 500 281 LIBER
520 225 620 291 XXX,
641 225 737 279 18.19.
758 225 834 295 [an.
927 260 964 331 ι

151 386 303 454 auxilium
325 386 476 451 fecerunt.
521 394 553 448 et
575 394 609 446 ut
631 381 844 459 intermixtus,

150 483 197 547 uti
224 479 398 547 comminus
424 478 530 564 gladio
557 488 679 564 posset,
711 476 834 541 roboris
861 494 882 541 n
939 464 1000 515 ⁸

152 599 249 661 eques
273 585 353 651 erat,
380 573 425 637 ita
445 572 478 635 in
501 571 640 636 ablatum
661 570 850 656 paventibus
871 592 886 657 Ι
950 562 1000 611 ¹

118 690 134 738 8
152 673 213 737 lius
232 695 273 735 ex
294 668 459 733 intervallo
476 666 633 732 Numidae
655 665 883 731 iaculabantur.
953 666 1000 707 ⁴

152 777 220 830 tum
245 764 329 850 legio
356 761 556 839 duodecima,
593 784 709 846 magna
735 784 775 824 ex
801 772 890 846 parte
963 768 999 805 ‘¹‘

118 878 133 925 9
151 859 254 944 magis
273 880 368 941 quam
386 856 505 920 viribus
524 855 651 920 tenebat
667 855 786 933 locum,
805 877 894 920 neor
959 870 1000 913 υ

151 955 185 1017 ni
208 975 248 1017 ex
270 951 407 1016 subsidia
431 950 523 1015 tertia
544 950 677 1014 deouma
698 949 782 1035 legio
804 949 838 1013 in
860 972 898 1037 pr
982 972 1000 987 ‘

154 1048 249 1111 dueta
273 1044 428 1130 proelium
456 1043 586 1109 dubium
616 1042 803 1129 excepisset.
855 1044 903 1107 M.

103 1159 135 1208 10
155 1139 304 1206 subsidiis
324 1137 436 1204 Gallos
458 1139 600 1225 integrae
622 1138 739 1224 legioni
761 1140 906 1224 opposui:
982 1202 988 1209 ,

152 1256 270 1319 magno
297 1232 467 1298 certamine
494 1232 574 1298 fusis
600 1232 717 1298 hastati
738 1232 873 1318 legionis
895 1256 905 1295 1
973 1276 1000 1301 -ι

153 1329 286 1415 globant
313 1349 383 1392 sese
410 1337 504 1411 atque
531 1327 716 1412 elephantos
742 1327 807 1391 iam
826 1326 910 1413 pedii

103 1441 133 1488 11
154 1424 259 1489 bantis
285 1422 448 1488 invadunt.
492 1422 525 1486 in
552 1444 631 1506 quos
658 1443 732 1487 eum
756 1422 821 1508 pila
849 1443 908 1489 oon

153 1528 239 1595 sent,
267 1517 363 1604 nullo
380 1517 480 1583 ferme
506 1517 624 1581 frustra
650 1516 767 1582 emisso
794 1516 897 1583 omnis

154 1634 284 1677 auorum
310 1622 504 1691 averterunt;
532 1622 678 1695 quattuor
700 1611 823 1698 gravati
845 1610 913 1677 vuli·
997 1692 1000 1703 Ι

103 1724 134 1771 12
153 1716 236 1770 runt
272 1715 339 1769 tum
355 1706 458 1792 prima
476 1717 633 1771 commotu
651 1704 789 1769 hostium
807 1704 906 1783 acies,

152 1799 327 1885 peditibus,
357 1812 394 1864 ut
415 1822 544 1865 aversos
571 1798 679 1864 videre
706 1798 907 1885 elephantos,

152 1915 304 1977 pavorem
331 1914 368 1956 ao
394 1895 563 1958 tumultum
589 1894 710 1959 effusis.
772 1893 830 1959 sed
860 1893 920 1959 dor.-

155 1987 247 2072 signa
263 1986 379 2073 Mago,
407 1989 541 2072 gradum
562 1988 682 2053 sensim
702 1986 877 2053 referentes
895 2010 923 2053 oi

104 2102 220 2149 larem
247 2104 374 2166 pugnae
402 2081 584 2160 servabant,
613 2092 784 2168 postquam
808 2081 925 2147 fernim·¹

155 2175 283 2240 dentem
310 2175 487 2259 auferrique
514 2197 554 2240 ex
579 2176 700 2262 proelio
720 2198 821 2263 prope
846 2198 923 2242 exsa
990 2186 1000 2203 ’

153 2270 312 2356 extemplo
334 2270 369 2334 in
390 2269 501 2356 fugam
523 2293 633 2335 omnes
656 2271 750 2336 versi.
794 2270 836 2335 ad
856 2272 921 2355 quir
982 2280 1000 2303 *¹

153 2365 249 2429 stium
266 2387 304 2430 eo
324 2364 374 2430 die
390 2387 483 2430 caesa
500 2375 532 2430 et
546 2364 638 2450 signa
654 2364 802 2429 militaria
819 2365 883 2432 duo
900 2390 918 2431 e
991 2386 1000 2399 ·

102 2478 135 2527 11
152 2480 212 2525 neo
223 2459 377 2525 Romanis
396 2459 560 2524 incruenta
576 2458 708 2525 viotoda
724 2458 799 2525 fuit:
816 2459 881 2525 dno
897 2484 918 2525 n
994 2486 1000 2499 2

152 2553 192 2618 de
219 2554 359 2618 exercitu
384 2553 559 2641 praetoris,
592 2576 667 2640 pars
693 2554 794 2625 multo
819 2553 914 2621 maxir
991 2588 1000 2599 -

152 2647 339 2713 duodecima
357 2648 480 2715 amissi:
502 2647 577 2714 inde
595 2658 627 2714 et
644 2648 760 2715 tribuni
776 2646 910 2713 militum

101 2762 133 2809 15
152 2741 261 2807 eonius
284 2752 316 2806 et
337 2741 386 2806 M.
404 2741 569 2821 Maevius3
597 2743 708 2809 tertiae
729 2742 871 2809 decimas
893 2766 909 2823 1Ι
977 2775 1000 2803 a

151 2857 232 2917 quae
250 2845 409 2920 postremo
427 2836 548 2921 proelio
566 2837 725 2915 adfuerat,
748 2835 788 2905 C.
804 2836 902 2905 Helvi
982 2880 1000 2895 -

150 2928 241 2993 litum
257 2928 292 2992 in
307 2928 503 3019 restituenda
520 2954 631 3017 pugna
646 2931 758 2997 oaoidit
771 2928 804 2999 et
820 2922 884 2999 tino

150 3022 272 3107 equites
294 3022 443 3089 inlustres
461 3024 568 3090 obtriti
590 3026 631 3091 ab
652 3024 829 3113 elephantis
849 3046 897 3091 ou.
954 3066 1000 3093 .-

151 3117 270 3201 aliquot
286 3117 457 3204 perierunt.
484 3130 517 3185 et
532 3120 659 3207 longius
677 3130 838 3187 esttamen
852 3120 885 3187 fu
955 3158 994 3191 s·

151 3212 240 3277 duois
259 3234 412 3279 concessa
429 3214 561 3281 victoria
577 3226 672 3282 esset
936 3278 966 3297 ‚‚
977 3261 1000 3278 .-

117 3325 131 3371 1
214 3307 366 3377 XVIIII.
409 3308 511 3396 Mago
535 3310 699 3397 proximae
725 3308 851 3385 silentio
961 3350 1000 3375 .-

150 3404 385 3490 quantumpati
403 3405 474 3471 viae
494 3406 684 3492 parvuinus
705 3415 832 3493 poterat
926 3478 948 3493 ,
972 3448 1000 3471 ,ι

3 3564 7 3579 Ι
114 3495 299 3563 1111111111
321 3497 510 3587 inLiguroa
531 3499 695 3586 Ingaunos
716 3502 844 3588 porvsn'
902 3542 1000 3595 ’,μ

14 3626 17 3633 ·
79 3600 83 3607 “
120 3590 191 3667 ¹ab
209 3588 405 3678 Carthagine
420 3593 532 3679 paneis
550 3604 623 3661 ante
640 3594 754 3661 diebus
769 3592 805 3661 in
901 3634 1000 3685 ’,μ

11 3698 16 3709 ·
146 3682 250 3769 pulsis
266 3684 402 3753 navibus
420 3688 564 3755 adierunt
579 3688 740 3769 iubentes,
764 3690 811 3777 pr'
866 3716 1000 3793 39.»

966 3798 1000 3841 a

9 3740 32 3859 i
115 3776 183 3841 tin
202 3778 349 3845 Africam
375 3781 534 3850 traioarot:
564 3782 598 3849 id
623 3794 657 3850 et
676 3783 793 3851 fratrer

9 3874 17 3901 ³
148 3873 283 3963 numan
300 3898 374 3941 eum
391 3899 516 3963 quoque
532 3878 597 3944 isse
614 3878 782 3967 lagatos·e÷
834 3896 1000 3985 κ

141 3984 230 4053 rum.
272 3990 337 4035 non
353 3970 388 4037 in
405 3994 443 4040 eo
466 3971 1000 4256 111101111111ςί1ιῦι

855 3822 955 3887 ον’
