2528 4514
314 255 434 311 nrnsa
451 256 578 327 xxvu,
596 257 638 312 31.
653 257 695 311 aa
716 260 754 326 [a.
766 255 869 327 usos]
1045 246 1108 312 361

93 439 156 502 pum
174 415 215 480 ab
231 413 314 478 ludis
333 412 463 491 excivit3
490 413 667 500 raptimue
689 435 762 479 cum
779 414 920 499 equitatu
937 415 1110 503 profectus,

93 509 173 574 assis
194 507 346 592 subsequi
361 507 534 594 peditibus,
561 507 684 595 palatos
702 508 823 594 passim
844 531 901 597 per
925 532 1018 596 agros
1036 534 1109 596 gra-

93 605 191 688 isque
208 605 341 692 praeda,
368 615 404 667 ut
426 602 480 687 qui
501 603 579 667 nihil
597 603 659 668 tale
681 615 870 682 metuerent,
898 604 1026 670 adortus
1043 605 1110 670 Ro-

93 720 190 764 sanos
210 698 360 785 compulit
377 697 411 762 in
428 720 536 762 naves.
573 697 684 763 classis
701 698 848 764 Romana
865 697 1108 783 haudquaquam
1126 721 1144 768 a

93 806 162 859 aeta
174 792 295 880 praeda
302 791 502 877 Naupactum
516 791 617 856 rediit.
643 792 794 878 Philippo
810 793 957 859 ludorum
974 815 1109 879 quoque,

94 887 130 971 ni
157 886 274 970 reliqui
301 896 403 963 erant,
430 885 645 951 celebritatem
671 898 955 972 quantaecumque,
983 888 1023 953 de
1044 888 1110 954 Ro·

94 982 179 1046 ranis
205 992 325 1057 tamen,
354 980 501 1046 victoriae
519 990 628 1066 partae
650 980 737 1046 fama
759 992 902 1060 auxerat,
928 981 1109 1068 laetitiaque
1127 1005 1145 1051 4

94 1075 200 1162 ngenti
217 1075 367 1140 celebrati
385 1073 460 1139 festi
477 1074 560 1151 dies,
589 1097 627 1141 eo
644 1076 747 1162 magis
766 1075 874 1153 etiam,
902 1076 987 1160 quod
1008 1100 1110 1163 popu-

94 1171 184 1235 ariter
203 1170 331 1254 dempto
350 1167 460 1254 capitis
478 1168 597 1255 insigni
614 1191 815 1256 purpuraque
833 1181 927 1254 atque
942 1169 1003 1235 alio
1019 1170 1109 1257 regio

94 1264 188 1329 tabitu
207 1273 397 1347 aequaverat
414 1262 526 1328 ceteris
546 1286 581 1328 se
598 1264 631 1327 in
649 1263 801 1351 speciem,
821 1286 883 1348 quo
896 1263 974 1328 nihil
988 1264 1108 1350 gratius

94 1369 128 1421 st
153 1357 334 1422 civitatibus
360 1356 479 1422 liberis.
523 1358 785 1444 praebuissetque
812 1356 898 1422 haud
920 1357 1048 1422 dubiam
1070 1380 1144 1428 eoo

94 1452 162 1517 acto
196 1474 286 1538 spem
316 1451 489 1529 libertatis,
524 1452 587 1517 nisi
617 1452 723 1518 omnia
752 1452 949 1518 intoleranda
978 1452 1108 1518 libidine

94 1545 172 1610 'oeda
195 1567 231 1609 ac
255 1544 409 1610 deformia
431 1545 600 1612 effecisset.
645 1548 821 1632 vagabatur
843 1546 928 1612 enim
950 1568 1023 1611 oum
1043 1569 1107 1613 uno

94 1652 135 1704 tut
151 1640 248 1706 altero
271 1639 385 1706 comite
407 1662 464 1726 per
485 1640 614 1704 maritas
637 1641 748 1706 domos
772 1641 840 1706 dies
861 1651 1048 1724 noctesque,
1076 1651 1109 1705 et
1127 1661 1144 1710 t

94 1735 302 1801 ammirando
330 1758 365 1800 se
392 1736 425 1799 in
450 1735 608 1823 privatum
630 1735 880 1823 fastigiumque
905 1735 1010 1801 minus
1034 1757 1109 1802 con-

94 1839 219 1914 spectus,
248 1851 286 1895 eo
306 1828 437 1894 solutior
455 1839 534 1907 erat,
563 1841 595 1894 et
615 1829 794 1895 libertatem
815 1851 888 1895 cum
906 1829 975 1895 aliis
993 1852 1109 1895 vanam

95 1924 284 2001 ostendisset,
321 1933 420 1989 totam
445 1923 479 1987 in
505 1946 596 1988 suam
621 1924 781 1990 licentiam
806 1935 953 1991 verterat.
1005 1946 1143 2008 nequer
1199 2006 1204 2013 g

97 2016 164 2082 enim
184 2018 290 2083 omnia
312 2018 437 2083 emebat
460 2028 514 2082 aut
535 2019 786 2098 eblandiebatur,
814 2020 872 2084 sed
894 2018 957 2084 vim
979 2019 1107 2106 flagitiis

97 2109 267 2190 adhibebat,
302 2112 577 2199 periculosumque
608 2123 641 2178 et
666 2113 741 2179 viris
769 2123 801 2177 et
830 2113 1014 2200 parentibus
1041 2124 1110 2178 erat

95 2223 200 2271 noram
215 2207 418 2272 incommoda
436 2207 603 2272 severitate
620 2207 744 2272 libidini
761 2207 869 2293 regiae
891 2207 1016 2272 fecisse.
1052 2207 1107 2271 uni
1125 2227 1143 2275 8

97 2298 174 2364 etiam
198 2300 333 2387 principi
350 2300 555 2366 Achaeorum
571 2302 674 2367 Arato
700 2301 849 2387 adempta
873 2323 954 2366 uxor
979 2300 1107 2366 nomine

95 2383 258 2480 Polycratia
284 2414 322 2458 ac
348 2416 406 2480 spe
431 2394 591 2481 regiarum
617 2394 797 2481 nuptiarum
823 2394 857 2458 in
881 2393 1107 2459 Macedoniam

96 2499 238 2574 asportata
255 2487 368 2552 fuerat.

141 2581 205 2646 Per
222 2582 301 2646 haec
318 2581 439 2668 flagitia
457 2581 602 2647 sollemni
617 2581 814 2646 Nemeorum
832 2591 959 2668 peracto
981 2580 1107 2668 paucis·
1125 2602 1141 2650 9

95 2685 140 2751 que
161 2675 276 2741 additis
300 2676 411 2741 diebus
434 2676 559 2760 Dymas
585 2686 635 2740 est
659 2675 821 2763 profectus
848 2675 889 2739 ad
913 2673 1107 2762 praesidium

96 2762 279 2848 Aetolorum,
298 2771 384 2854 quod
401 2771 441 2835 ab
449 2770 539 2835 Eleis
559 2769 697 2842 adcitum
711 2779 937 2856 acceptumque
950 2768 984 2832 in
997 2769 1108 2834 urbem

96 2875 158 2941 tat,
177 2865 365 2929 eiciundum.
411 2861 581 2949 Cycliadas
598 2901 626 2911 -
642 2886 741 2951 penes
765 2886 838 2929 eum
856 2886 980 2929 summa
996 2863 1108 2950 imperi
1127 2885 1161 2931 10

96 2969 188 3022 rat-
204 2958 390 3041 Achaeique
413 2958 454 3022 ad
470 2958 596 3043 Dymas
618 2959 687 3044 regi
710 2979 886 3035 occurrere,
915 2968 947 3022 et
963 2957 1106 3024 Eliorum

96 3052 203 3116 ccensi
221 3051 309 3130 odio,
337 3052 423 3135 quod
441 3074 460 3116 a
477 3051 589 3116 ceteris
607 3051 748 3116 Achaeis
767 3051 984 3127 dissentirent,
1012 3062 1043 3115 et
1059 3051 1107 3114 in-

96 3146 161 3212 snsi
183 3146 324 3223 Aetolis,
352 3168 431 3230 quos
449 3147 631 3212 Romanum
657 3168 784 3231 quoque
807 3147 959 3211 adversus
983 3167 1018 3210 se
1039 3167 1107 3210 mo·

97 3235 163 3306 isse
193 3241 313 3306 bellum
343 3241 522 3306 credebant.
583 3241 718 3328 profecti
748 3265 768 3305 a
792 3239 908 3325 Dymis
941 3238 1106 3305 coniuncto
1126 3259 1184 3306 ιι.
1224 3299 1226 3304 .

96 3334 219 3400 xercitu
236 3346 401 3400 transeunt
417 3335 570 3400 Larisum
588 3357 726 3414 amnem,
754 3334 808 3418 qui
824 3333 940 3398 Eleum
959 3355 1069 3420 agrum
1088 3357 1107 3397 a

96 3426 225 3516 lymaeo
243 3428 370 3494 dirimit.

139 3521 300 3588 XXXII.
344 3523 488 3588 Primum
510 3523 608 3602 diem,
635 3545 698 3608 quo
720 3523 791 3588 finis
815 3522 954 3589 hostium
970 3522 1105 3609 ingressi
1125 3542 1139 3589 1

96 3629 165 3694 unt,
183 3617 366 3703 populando
385 3618 638 3704 absumpserunt.
666 3628 793 3704 postero
808 3617 858 3681 die
872 3615 939 3681 acie
952 3615 1106 3680 instructa

96 3711 248 3776 durbem
270 3722 473 3777 accesserunt
495 3712 677 3799 praemissis
700 3711 872 3796 equitibus,
900 3709 955 3793 qui
976 3709 1106 3792 obequi-

97 3805 174 3871 tndo
192 3817 374 3892 promptum
393 3807 433 3871 ad
451 3806 654 3872 excursiones
677 3828 778 3892 genus
796 3805 989 3870 lacesserent
1005 3803 1106 3868 Aeto-

97 3920 189 3964 ›rum
225 3898 414 3985 ignorabant
433 3897 609 3987 Sulpicium
627 3921 699 3964 cum
717 3898 893 3983 quindecim
911 3895 1046 3961 navibus
1065 3897 1105 3961 ab
1123 3916 1140 3963 a

97 3995 241 4079 'aupacto
260 3991 417 4079 Cyllenen
435 3993 595 4060 traiecisse
614 4006 645 4060 et
663 3992 813 4081 expositis
831 3992 865 4056 in
883 4001 998 4057 terram
1015 4002 1106 4075 quat-
