2528 4530
317 259 438 327 amaa
454 257 654 332 xmae
674 255 827 330 [accis]
1029 247 1094 315 115

85 427 205 482 senatum
222 429 254 484 et
271 415 334 483 sibi
352 425 383 481 et
394 415 481 503 plebi
494 415 667 484 obnoxium
674 414 836 481 Pacuvius
846 414 998 484 Calavius
1012 418 1096 485 fece-
1114 441 1129 488 a

87 520 130 588 rat,
144 510 254 578 nobilis
267 511 354 578 idem
367 534 405 577 ac
417 510 578 598 popularis
591 510 702 589 homo,
720 520 859 577 cetemm
871 511 964 578 malis
976 512 1097 581 artibus

90 616 194 670 nanctus
212 628 298 693 opes.
343 607 463 673 iscum
480 627 518 671 eo
536 604 617 670 forte
635 627 733 683 anno,
756 626 819 689 quo
836 628 888 672 res
905 606 988 673 male
1005 618 1131 694 gestas

94 698 378 767 adTrasumennum
405 708 466 778 est,
493 699 528 763 in
549 721 674 765 summo
697 698 885 786 magistratu
908 710 1007 781 esset,
1032 701 1098 768 iam

97 791 133 856 du
143 793 279 861 infestam
298 794 421 863 senatui
437 793 564 880 plebem
577 803 665 858 ratus
678 815 736 880 per
748 794 946 861 occasionem
959 796 1099 863 novandi

100 906 132 949 res
146 911 284 975 magnum
307 911 457 955 ausuram
478 887 618 966 facinus,
640 897 677 953 ut
698 886 777 955 siin
794 909 832 953 sa
848 887 919 957 loca
935 888 1099 957 Hannibal

104 999 151 1044 cun
169 983 276 1050 victore
303 983 443 1049 exercitu
469 982 623 1060 venisset,
651 981 805 1049 trucidato
829 993 941 1050 senatu
963 985 1100 1051 traderet

107 1068 209 1159 tuum
224 1077 356 1156 Poenis,
383 1075 535 1162 inprobus
557 1076 668 1154 homo,
696 1075 839 1143 sednon
860 1077 902 1143 ad
924 1091 1099 1145 extremum
1118 1098 1136 1144 4

111 1168 220 1257 perditus,
239 1194 311 1237 cum
328 1171 437 1237 mallet
452 1170 604 1237 incolumi
620 1191 718 1254 quam
735 1191 847 1236 eversa
863 1170 1026 1258 republica
1043 1173 1099 1238 do-

78 1311 82 1315 -
113 1259 197 1342 mari,
219 1267 336 1332 nullam
359 1275 465 1331 autem
486 1264 678 1330 incolumem
705 1285 776 1330 esse
803 1263 945 1330 orbatam
970 1264 1100 1351 publico

79 1376 81 1387 ·
115 1356 199 1427 mllio
218 1361 369 1438 mederet,
394 1360 550 1425 rationem
571 1359 643 1438 init,
666 1379 731 1444 qua
746 1368 780 1424 et
797 1368 941 1426 senatum
960 1368 1099 1426 servaret

82 1500 84 1506 ,
107 1446 281 1539 ¹‘ttlruoxium
300 1453 361 1521 sibi
378 1475 416 1520 ac
428 1453 515 1540 plebi
527 1453 656 1520 faceret.
683 1462 796 1520 vocato
814 1464 927 1520 senatu
945 1477 1018 1520 cum
1037 1454 1098 1521 sibi
1116 1476 1132 1522 5

70 1600 78 1629 ι.
126 1526 247 1649 &ionis
264 1548 306 1615 ab
322 1548 477 1616 Romanis
496 1548 664 1614 consilium
680 1547 869 1635 placiturum
888 1548 974 1615 nullo
991 1551 1097 1629 modo,

73 1694 77 1717 ς
116 1643 353 1717 ’ῼωοοεεατὶιιω
370 1642 499 1721 farisset,
517 1642 679 1729 praefatus
695 1651 793 1722 esset,
812 1644 930 1729 quippe
946 1645 1002 1730 qui
1018 1643 1098 1710 libe·
1116 1666 1132 1714 a

74 1790 82 1811 t
116 1742 188 1813 mx
199 1734 290 1823 Appii
308 1735 435 1804 Claudii
452 1737 518 1805 filia
534 1736 666 1803 haberet
681 1736 842 1822 filiamque
860 1737 997 1804 Romam
1018 1761 1100 1825 nup-

79 1856 84 1902 :
113 1822 236 1897 tulius
247 1832 399 1912 dedisset,
418 1842 558 1898 ceterum
570 1831 722 1898 maiorem
734 1832 834 1898 multo
847 1853 915 1898 rem
932 1833 1099 1920 magisque

119 1910 238 1990 budam
247 1927 379 1993 instare:
397 1949 462 1994 non
474 1927 559 1993 euim
571 1948 628 2012 per
641 1926 849 1995 defectionem
867 1927 909 1993 ad
926 1927 1099 1997 tollendum
1118 1949 1132 1995 r

148 2011 242 2087 avitare
255 2031 400 2088 senatum
411 2020 538 2109 plebem
551 2031 702 2108 spectare,
722 2032 771 2089 set
778 2044 836 2110 per
844 2022 974 2088 caedem
988 2034 1099 2090 senatu

117 2118 205 2176 ”wan
220 2115 461 2202 rempublicam
478 2116 601 2185 tradere
619 2115 794 2182 Hannibali
811 2137 849 2182 ac
864 2114 984 2182 Poenis
1001 2116 1098 2196 velle3

70 2244 82 2287 ,ς
117 2211 181 2266 ⁸⁰⁸0
198 2210 327 2291 periculo
351 2232 448 2298 posse
473 2209 607 2276 liberare
633 2231 702 2288 eos,
730 2210 759 2276 si
779 2209 962 2297 permittant
983 2210 1045 2276 sibi
1067 2221 1099 2276 ct
1117 2229 1133 2278 a

73 2352 74 2355 ,
110 2360 137 2385 .-
163 2324 269 2369 ³¹⁸·um
285 2305 320 2370 in
335 2304 499 2392 republica
515 2303 605 2370 obliti
623 2304 802 2382 credant,-
815 2324 888 2368 cum
900 2325 1010 2369 omnes
1023 2304 1099 2370 victi
1115 2324 1132 2375 'a

92 2409 93 2414 ’
124 2413 166 2440 ¹¹¹¹
183 2399 395 2478 permitterent,
415 2398 589 2465 ‘claudam'
605 2397 708 2484 inquit
725 2397 774 2461 ‘in
791 2396 878 2463 curia
894 2418 952 2463 vos
970 2407 1003 2462 et
1019 2406 1100 2463 tam-

89 2543 91 2549 ,
130 2500 145 2523 ¹
162 2510 173 2535 ¹¹
191 2497 216 2552 et
228 2491 294 2579 ipse
311 2493 441 2580 cogitati
457 2492 607 2559 facinoris
625 2491 783 2579 particeps
801 2489 1006 2578 adprobando
1024 2512 1099 2557 ccu-

89 2628 90 2636 1
128 2595 154 2623 ¹¹
189 2584 289 2664 quibus
311 2587 502 2673 nequiquam
524 2587 717 2664 adversarer,
744 2586 829 2651 viam
856 2584 950 2651 saluti
975 2594 1099 2653 vestrae

70 2703 85 2757 a
144 2670 234 2746 eciam,
270 2683 304 2749 in
321 2682 382 2749 hoc
399 2682 495 2748 fidem
514 2703 610 2767 quam
626 2681 720 2748 voltis
738 2680 801 2767 ipsi
818 2680 970 2766 accipite'

72 2819 84 2845 „J
155 2758 215 2834 llde
229 2774 299 2842 data
310 2798 459 2864 egressus
473 2776 578 2842 claudi
592 2776 711 2842 curiam
724 2774 826 2853 iubet,
844 2775 1098 2862 praesidiumque
1118 2798 1150 2846 10

82 2923 83 2926 ,
127 2860 264 2945 ,litibulo
276 2871 416 2956 reliquit,
435 2871 560 2955 nequis
574 2870 660 2937 adire
674 2869 794 2936 curiam
806 2869 929 2935 iniussu
943 2892 1001 2936 suo
1017 2892 1100 2938 neve

109 2967 118 2980 ”
142 2968 160 2997 ²²
176 2964 261 3040 egredi
277 2966 389 3052 possit.

70 3092 73 3137 t
102 3068 125 3135 5,
156 3036 202 3112 Ill
238 3056 321 3124 Tum
342 3074 455 3125 vocato
476 3060 519 3127 ad
541 3059 718 3126 contionem
735 3057 853 3145 populo
872 3058 972 3143 ‘quod
990 3059 1098 3145 saepe'
1119 3085 1132 3130 1

115 3138 184 3225 Ψ
196 3147 345 3235 ‘ortacia
370 3152 542 3240 Campani,
565 3163 601 3219 ut
619 3153 765 3241 supplicii
782 3152 928 3218 sumendi
945 3151 1036 3218 vobis
1059 3175 1100 3217 ex

89 3237 90 3246 ¹
117 3226 205 3311 W
223 3266 257 3312 ac
277 3247 457 3314 detestabili
474 3257 586 3314 senatu
602 3257 742 3334 potestas
761 3256 860 3325 esset,
883 3268 954 3312 eam
972 3242 1098 3333 [nuuc]
1117 3272 1132 3319 2

89 3322 209 3429 -ηξῑῐ
223 3342 389 3409 tumultum
406 3349 624 3430 expugnantes
646 3342 758 3409 domos
781 3339 991 3427 singulorum,
1019 3361 1099 3423 quas

110 3414 232 3495 Milia
261 3437 422 3504 clientium
452 3458 678 3521 servorumque
703 3446 844 3514 tuentur,
875 3455 948 3501 cum
974 3456 1098 3500 summo

97 3508 346 3625 meculo,
374 3532 431 3598 sed
452 3541 553 3601 tutam
574 3531 698 3600 habetis
725 3553 763 3598 ac
787 3530 929 3599 liberam.
973 3528 1132 3594 clausosa

108 3604 184 3704 ΜΨ
196 3631 224 3680 1n
238 3627 355 3693 curiam
373 3625 519 3714 accipite,
544 3627 643 3706 solos,
665 3626 804 3693 inermis.
847 3646 907 3691 nec
928 3624 1098 3710 quicquam

97 3696 192 3797 ’ΨΜ
211 3728 260 3783 aut
282 3721 365 3787 forte
391 3732 508 3789 temere
535 3722 687 3811 egeritis,
708 3721 748 3786 de
775 3718 970 3807 singulorum
996 3717 1098 3804 capite

109 3774 175 3892 'obp
193 3794 236 3873 im
259 3816 432 3884 sententiae
458 3817 610 3887 dicendae
635 3817 765 3895 faciam,
796 3806 833 3880 u't
857 3835 937 3900 quas
963 3813 1098 3899 quisque
1194 3816 1198 3821 '

109 3882 206 3975 ΨΜ
224 3917 267 3974 est
285 3933 406 3999 poenas
428 3912 554 3998 pendat
600 3922 649 3979 set
670 3919 743 3977 ante
765 3909 871 3977 omnia
891 3908 937 3974 ita
957 3929 1015 3973 vos
1032 3907 1099 3973 irae
1115 3924 1133 3972 4

109 3962 234 4067 Q
244 4015 377 4093 oportd,
396 4018 432 4074 ut
444 4007 598 4096 potiorem
609 4006 657 4075 ira
671 4006 804 4073 salutem
821 4013 916 4091 atque
933 4002 1099 4071 utilitatem

891 4105 926 4159 81
