2528 4530
324 112 442 167 arnan
459 112 600 182 xxvm,
619 112 644 166 o.
664 115 705 180 [a.
718 111 823 181 osor]
1026 100 1091 168 393

10 288 14 295 '
86 271 280 352 convenirent,
308 293 372 337 uuo
393 282 534 357 tempore
561 270 601 334 ad
622 269 734 334 urbem
760 269 958 348 accederent3
992 270 1128 339 Prae-5
1220 278 1223 283 ’

81 377 154 432 ueste
179 366 233 451 qui
253 365 340 453 prior
366 364 524 442 venisset,
560 363 725 450 conlegam
746 363 790 429 ibi
817 363 953 451 opperiri
973 364 1091 431 iussus.

10 512 14 529 .
81 460 147 527 forta
161 460 207 526 ita
224 459 344 537 evenit,
371 471 406 525 ut
423 459 536 525 eodem
558 458 609 522 die
632 460 725 524 ambo
741 458 916 523 Praeneste
938 459 1092 525 venirent.

78 555 138 621 inde
162 554 339 642 praemisso
366 553 483 631 edicto,
510 563 546 618 ut
571 551 673 617 triduo
695 563 769 637 post
791 553 939 637 frequens
963 565 1091 620 senatus

78 650 110 715 sd
131 650 242 715 aedem
266 647 421 713 Bellonae
448 647 588 724 adesset,
624 646 709 712 omni
735 647 934 713 multitudine
965 649 1092 715 obviam

76 745 166 810 effusa
191 744 233 808 ad
258 743 370 808 urbem
396 762 569 807 accessere.
612 762 677 806 non
705 740 884 807 salutabant
905 744 1000 810 modo
1021 745 1127 812 uni-o

75 838 148 904 versi
174 836 371 914 circumfusi,
407 836 465 900 sed
489 859 547 922 pro
575 857 610 900 se
637 834 770 918 quisque
796 835 940 901 victrices
963 838 1091 903 dextras

74 932 230 999 consulum
248 929 423 1018 capientes,
451 929 504 994 alii
525 928 777 1016 gratulabantur,
806 929 857 994 alii
880 930 998 1016 gratias
1017 954 1093 1019 age-

73 1028 153 1105 bant,
181 1025 268 1110 quod
285 1047 394 1090 eorum
412 1046 509 1111 opera
524 1022 690 1092 incolumis
708 1047 759 1090 res
777 1023 904 1111 publica
921 1035 1015 1090 esset.
1058 1025 1093 1090 in
1111 1047 1126 1092 7

73 1131 177 1185 senatu
203 1140 276 1184 cum
296 1141 384 1184 more
406 1118 547 1184 omnium
571 1118 796 1205 imperatorum
819 1118 970 1202 expositis
996 1119 1091 1183 rebus

72 1214 106 1279 ab
123 1236 158 1280 se
176 1212 276 1300 gestis
294 1212 523 1300 postulassent,
551 1222 586 1276 ut
607 1235 664 1298 pro
681 1235 717 1277 re
738 1211 865 1299 publica
882 1211 1004 1277 fortiter
1022 1212 1092 1277 feli-

71 1308 203 1392 citerque
237 1307 456 1373 administrata
489 1316 521 1371 et
556 1305 624 1371 deis
659 1306 889 1371 immortalibus
924 1305 1093 1371 haberetur

71 1402 165 1468 honos
184 1412 216 1467 et
232 1400 310 1488 ipsis
329 1399 594 1486 triumphantibus
612 1400 724 1465 urbem
736 1399 814 1465 inire
828 1399 949 1478 liceret,
968 1423 1091 1466 severo
1109 1419 1127 1468 a

69 1518 103 1561 ea
135 1517 218 1580 quae
252 1495 449 1580 postularent
480 1495 649 1560 decernere
678 1504 785 1580 patres
815 1494 926 1560 merito
962 1495 1092 1559 deorum

69 1588 216 1676 primum,
252 1589 326 1654 dein
352 1588 526 1654 secundum
552 1589 629 1653 deos
656 1588 822 1654 consulum
847 1589 1091 1674 responderunt3

69 1695 97 1750 at
121 1682 351 1772 supplicatione
378 1684 542 1748 amborum
571 1682 698 1748 nomine
725 1693 757 1747 et
782 1683 941 1769 triumpho
967 1684 1126 1767 utriquea

68 1779 207 1856 decreto,
241 1777 324 1844 inter
349 1777 451 1864 ipsos,
486 1800 527 1842 ne
554 1799 627 1841 cum
653 1777 771 1843 bellum
802 1777 962 1843 communi
987 1777 1092 1845 animo

67 1873 254 1961 gessissent,
272 1870 464 1958 triumphum
483 1882 679 1957 separarent,
701 1873 748 1936 ita
765 1873 925 1950 convenit,
948 1882 996 1951 ut,
1015 1895 1093 1958 quo·
1112 1892 1147 1940 1o

66 1968 150 2032 niam
171 1976 206 2031 et
224 1965 258 2029 in
279 1966 442 2051 provincia
462 1964 511 2030 M.
529 1965 618 2030 Livii
638 1988 689 2030 res
712 1977 805 2052 gesta
825 1978 911 2031 esset
932 1979 964 2031 et
985 1990 1023 2033 eo
1041 1969 1092 2032 die

66 2083 126 2146 quo
143 2068 322 2148 pugnatum
339 2059 421 2124 foret
439 2059 506 2123 eius
525 2060 606 2124 forte
625 2059 801 2145 auspicium
821 2060 937 2125 fuisset
954 2072 986 2124 et
1003 2083 1093 2127 exer·

65 2156 145 2221 titus
167 2152 324 2218 Livianus
352 2153 506 2218 deductus
528 2153 665 2218 Romam
690 2152 845 2230 venisset,
875 2152 1010 2217 Neronis
1038 2154 1093 2217 de-

65 2248 137 2315 duci
156 2249 197 2314 de
213 2247 376 2334 provincia
392 2270 457 2312 non
474 2247 643 2335 potuisset,
661 2256 697 2310 ut
712 2246 761 2311 M.
780 2246 911 2311 Livium
929 2246 1091 2331 quadrigis

63 2345 175 2431 urbem
201 2343 362 2407 ineuntem
387 2342 503 2407 milites
527 2354 746 2426 sequerentur,
774 2339 814 2406 Ο.
834 2337 988 2405 Claudius
1010 2362 1092 2423 equo

64 2439 133 2505 sine
150 2437 302 2502 militibus
319 2435 529 2502 inveheretur.
555 2436 600 2501 ita
613 2435 810 2502 consociatus
825 2434 1001 2520 triumphus
1020 2456 1091 2499 cum
1111 2457 1141 2504 11

62 2532 203 2616 utrique,
233 2542 301 2596 tum
326 2530 429 2617 magis
456 2531 498 2609 ei,
525 2531 593 2614 qui,
625 2540 778 2614 quantum
804 2529 915 2594 merito
943 2529 1091 2607 anteibat,

62 2637 189 2691 tantum
209 2625 329 2690 honore
352 2625 503 2710 conlegae
525 2636 677 2702 cesserat,
705 2624 839 2711 gloriam
860 2624 958 2689 auxit.
1001 2624 1092 2690 illum
1111 2646 1144 2694 12

63 2720 204 2805 equitem
222 2719 348 2785 aiebant
365 2741 422 2784 sex
440 2719 561 2784 dierum
584 2719 686 2805 spatio
709 2719 933 2784 transemrisse
954 2720 1093 2806 longitu-

63 2816 173 2881 dinem
190 2813 302 2879 Italiae
324 2823 356 2879 et
377 2837 415 2879 eo
434 2813 484 2879 die
502 2835 573 2878 cum
592 2815 796 2880 Hasdrubale
817 2814 851 2878 in
870 2812 976 2880 Gallia
993 2814 1092 2901 signis

63 2908 200 2976 conlatis
229 2930 411 2995 pugnasse,
447 2929 509 2991 quo
541 2931 614 2973 eum
647 2919 752 2973 castra
783 2909 935 2973 adversus
964 2929 1034 2973 sese
1060 2909 1094 2972 in

61 3002 187 3091 Apulia
215 3003 320 3090 posita
350 3003 467 3067 habere
492 3004 656 3068 Hannibal
687 3002 890 3068 credidisset:
925 3001 970 3065 ita
995 3022 1147 3071 unum1a

64 3097 230 3164 consulem
246 3120 304 3185 pro
322 3107 454 3181 utraque
476 3108 565 3183 parte
582 3097 695 3162 Italiae
715 3097 868 3161 adversus
887 3095 966 3160 duos
986 3094 1092 3172 duces,
1123 3102 1128 3111 '

64 3193 147 3259 dnos
164 3192 370 3280 imperatores
393 3191 466 3255 hine
490 3191 656 3257 consilium
678 3213 785 3267 suum,
813 3189 887 3253 hine
905 3210 1019 3274 corpus
1037 3211 1093 3275 op-

62 3287 224 3375 posuisse.
276 3308 393 3353 nomen
413 3286 548 3352 Neronis
576 3285 653 3351 satis
679 3285 779 3349 fuisse
806 3283 848 3347 ad
869 3282 1092 3348 continendum
1112 3302 1146 3351 14

53 3380 180 3447 castris
192 3379 422 3458 Hannibalem
439 3379 676 3445 Hasdrubalem
694 3400 769 3444 vero
787 3399 851 3461 qua
867 3377 929 3441 alia
945 3399 981 3443 re
998 3398 1093 3461 quam

65 3475 207 3541 aduentu
224 3475 291 3541 eius
310 3475 457 3540 obrutum
475 3484 569 3557 atque
591 3473 764 3538 extinctum
783 3473 874 3538 esse?
909 3471 1016 3555 itaque
1032 3470 1093 3535 iret
1112 3489 1145 3537 15

60 3568 146 3635 ¹alter
168 3568 280 3633 consul
301 3567 444 3633 sublimis
467 3589 560 3632 curru
581 3567 770 3652 multiiugis,
798 3566 826 3631 si
847 3565 956 3641 vellet,
988 3562 1092 3647 equis3

64 3685 130 3729 uno
147 3682 231 3745 equo
253 3685 309 3748 per
330 3662 441 3727 urbem
463 3683 572 3725 verum
591 3661 785 3746 triumphum
806 3659 893 3734 vehi,
919 3660 1093 3725 Neronem-

65 3777 142 3840 que,
162 3754 258 3819 etiam
275 3754 303 3820 si
319 3756 418 3840 pedes
436 3754 574 3833 incedat,
597 3754 648 3820 vel
661 3765 753 3842 parta
766 3777 804 3820 eo
817 3753 900 3818 bello
918 3751 970 3817 vel
988 3761 1094 3838 spreta

63 3870 105 3916 ec
140 3848 300 3936 triumpho
335 3848 436 3935 gloria
469 3848 705 3915 memorabilem
737 3850 815 3914 fore.
867 3846 901 3911 hi
932 3867 1092 3913 sermones
