2528 4514
282 301 287 311 ,
356 241 476 298 amns
492 242 594 314 xxm,
611 243 639 300 a.
652 243 679 300 4.
698 241 779 313 [ec.
789 243 853 313 217]
1080 234 1123 303 59

96 399 267 491 pervemat,
284 418 346 466 neo
363 409 436 466 ante
452 422 512 467 nos
530 399 604 466 hinc
621 401 811 469 moverimus
825 424 936 487 quom,
955 403 1037 470 siout
1051 406 1126 473 olim

108 493 263 563 centlum
280 491 323 560 ab
335 491 438 572 Veiis,
460 492 499 560 C.
512 492 704 566 Flaminium
721 495 762 563 ab
775 497 904 564 Arretio
920 507 1025 584 patres
1043 501 1126 567 acoi-

111 586 210 663 ruint'
251 587 335 655 hacc
360 587 455 657 simul
479 588 645 677 increpans
673 612 746 656 cum
768 591 855 659 ocius
878 592 971 679 signa
992 592 1125 662 convelli
1145 613 1175 659 11

113 680 214 753 'subnot
229 681 350 769 etipse
372 682 406 749 in
426 703 519 749 ecum
541 683 728 764 insiluisset,
756 707 831 752 ecus
853 696 982 773 repente
1004 688 1126 756 conruit

97 775 316 864 omnemque
332 777 460 866 lapsum
476 801 573 865 super
589 789 684 866 caput
697 779 818 847 effudit.
846 781 959 849 territis
978 782 1124 850 omnibus
1145 802 1176 849 12

104 872 154 959 ¹'qui
169 873 251 942 circa
271 883 362 940 mant
382 872 469 940 velut
485 872 581 941 foedo
598 873 703 941 omine
719 873 916 961 incipiendae
933 876 980 943 rei
996 877 1125 964 insuper

113 966 260 1048 undatur,
283 967 412 1056 signum
429 969 516 1035 omni
532 969 566 1034 vi
583 968 731 1036 moliente
749 968 900 1056 signifero
918 972 1052 1039 convelli
1070 994 1125 1038 ne·

105 1061 192 1147 'pira
218 1083 392 1130 conversus
410 1063 452 1130 ad
468 1063 613 1129 nuntium
632 1068 722 1129 ‘num
734 1062 853 1131 litteras
865 1067 1005 1151 quoquc'
1023 1066 1125 1152 inquit
1145 1087 1176 1135 13

105 1153 154 1223 ut
167 1166 276 1225 senatu
293 1157 416 1237 adfers,
434 1179 515 1244 qnae
533 1180 584 1224 me
601 1179 669 1224 rem
686 1179 796 1245 gerere
812 1159 938 1226 vetant?
959 1159 1026 1239 abi,
1044 1183 1125 1227 nun-

109 1248 157 1330 d,
176 1251 326 1319 effodiant
352 1251 492 1339 signum,
521 1251 554 1318 'si
579 1253 620 1318 ad
645 1252 884 1320 convellendum
910 1276 1023 1321 manus
1049 1276 1124 1340 prae

105 1354 179 1413 'dem
198 1346 413 1434 obtorpuerit!
455 1342 696 1414 incedere'inde
718 1371 834 1436 agmen
856 1349 960 1435 coepit
981 1350 1177 1436 primori-14

112 1434 169 1519 hs,
191 1462 286 1528 super
309 1463 405 1527 quam
427 1437 514 1527 qnod
535 1442 748 1510 dissenserant
770 1443 810 1510 ab
838 1444 982 1524 consilio,
1010 1444 1123 1512 territis

111 1533 186 1602 uam
204 1535 326 1624 duplici
344 1537 504 1624 prodigio,
529 1537 627 1604 milite
648 1538 682 1603 in
699 1537 814 1626 vulgus
831 1538 915 1606 laeto
931 1538 1050 1606 ferocia
1067 1538 1125 1606 du-

108 1626 157 1709 b,
170 1651 240 1698 cnm
255 1653 347 1717 spem
359 1632 462 1720 magis
476 1632 580 1718 ipsam
597 1634 692 1718 qdam
710 1654 839 1700 causam
857 1633 925 1719 spei
942 1633 1123 1699 intueretur.

111 1760 121 1775 r
157 1725 232 1794 IIII.
276 1726 442 1796 Hannibal
463 1729 550 1813 quod
571 1729 640 1816 agri
657 1740 707 1796 cst
723 1730 805 1796 inter
823 1727 995 1797 Cortonam
1012 1728 1156 1796 urbemn

109 1813 405 1907 lrmnmennumque
427 1823 532 1890 lacum
555 1823 641 1890 omni
663 1823 751 1889 clade
769 1823 845 1891 belli
860 1833 1035 1911 pervastat,
1060 1845 1123 1908 quo

113 1914 194 2002 ugia
207 1916 289 1983 iram
304 1916 392 1984 hosti
408 1918 449 1983 ad
466 1917 671 1984 vindicandas
688 1919 848 1985 sociorum
868 1919 998 1985 iniurias
1021 1929 1122 1986 acuat.

116 2008 214 2079 sim
236 2021 445 2098 pervenerant
470 2013 512 2079 ad
536 2013 608 2080 loca
633 2021 707 2079 nata
733 2013 869 2091 insidiis,
905 2012 961 2080 ubi
987 2014 1123 2080 maxime
1141 2032 1156 2078 2

69 2190 71 2195 Ι
115 2112 214 2170 mles
230 2103 445 2173 Cortonenses
463 2105 577 2195 in[fra]
598 2106 835 2174 Trasumennus
855 2106 949 2173 subit.
985 2109 1038 2174 via
1055 2118 1123 2175 tan·

119 2196 310 2267 miserest
331 2212 538 2288 perangusta,
566 2201 653 2268 velut
676 2202 717 2267 sd
738 2202 772 2267 id
790 2202 895 2286 ipsum
913 2201 952 2266 de
969 2201 1123 2268 industria

121 2284 203 2358 tallolo
218 2295 336 2380 spati03
367 2294 479 2361 deinde
501 2296 595 2382 paulo
617 2296 709 2362 latior
730 2295 863 2380 patescit
881 2316 1026 2380 campus,
1049 2295 1123 2362 inde

120 2378 192 2461 llll&
211 2389 429 2476 adinsurgunt.
474 2390 520 2456 ibi
541 2401 644 2457 costra
668 2391 702 2453 in
724 2397 832 2474 aperto
854 2389 949 2465 locat,
977 2388 1033 2454 ubi
1054 2390 1157 2477 ipses

101 2492 171 2543 mm
186 2478 273 2549 Afris
297 2485 393 2550 modo
415 2484 632 2572 Hispanisque
655 2483 846 2562 consideret3
873 2481 1015 2548 Baliares
1039 2492 1122 2551 cete·

114 2580 218 2664 mque
228 2581 333 2648 levem
349 2593 538 2649 armaturam
551 2592 623 2668 post
637 2581 753 2648 montis
768 2578 981 2656 circumducit,
1001 2577 1122 2662 equites

114 2666 238 2758 *dipsas
259 2674 370 2743 fauces
394 2678 493 2743 saltus
517 2676 646 2742 tumulis
669 2684 741 2761 apte
759 2672 938 2761 tegentibus
955 2673 1052 2752 locat,
1075 2681 1120 2752 ut,

114 2759 155 2839 lli
166 2765 330 2837 intrument
343 2771 495 2850 Romani,
518 2771 640 2838 obiecto
654 2770 795 2854 equitatu
809 2767 917 2834 clausa
928 2768 1035 2834 omnia
1050 2767 1123 2833 lacu

114 2863 303 2931 acmmtibus
321 2875 439 2932 essent.

119 2998 122 3003 -
159 2952 327 3025 Flaminius
347 2982 419 3027 cum
436 2960 537 3048 pridie
555 2959 630 3027 solis
649 2980 765 3025 occasu
781 2957 822 3025 ad
840 2959 945 3024 lacum
962 2957 1122 3043 pervenis·
1140 2975 1157 3022 4

115 3054 160 3125 tet,
179 3049 371 3139 inexplorato
394 3065 520 3142 postero
543 3054 594 3120 die
616 3055 747 3120 vixdum
770 3053 846 3120 satis
870 3063 955 3119 certa
975 3053 1045 3118 luce
1067 3074 1123 3116 an-

115 3142 202 3224 gustiis
216 3149 387 3234 superatis,
405 3159 574 3235 postquam
587 3149 622 3214 in
638 3147 843 3234 patentiorem
862 3167 1009 3230 campum
1025 3144 1122 3229 pandi

69 3254 71 3291 ῑ
115 3251 206 3320 tgmcn
224 3241 344 3329 coepit,
370 3243 404 3308 id
425 3252 547 3310 tantum
570 3243 709 3309 hostium
731 3242 816 3326 quod
838 3262 877 3306 ex
900 3239 1033 3308 adverso
1056 3247 1122 3302 erat

115 3336 266 3420 snpexiq
302 3336 343 3404 ab
374 3350 463 3425 tergo
493 3360 531 3404 ac
562 3360 656 3424 super
682 3347 777 3422 caput
802 3336 953 3419 decepere
979 3331 1120 3398 insidiae.

113 3413 302 3510 Poenusnbi,
325 3431 360 3497 id
376 3433 461 3517 quod
478 3433 624 3519 petierat,
648 3431 790 3496 clausum
808 3430 880 3494 lacu
902 3450 939 3495 ae
961 3425 1119 3493 montibus
1140 3446 1155 3492 5

113 3519 365 3592 tdrcumfusum
382 3528 448 3593 suis
467 3527 566 3613 copiis
584 3525 695 3592 habuit
711 3525 851 3601 hostem,
876 3523 1002 3609 signum
1020 3519 1120 3587 omni-

112 3604 156 3679 lm
172 3617 225 3685 dat
245 3619 343 3686 simul
364 3620 544 3688 invadendi.
588 3620 642 3706 qui
659 3619 715 3685 ubi
732 3641 795 3703 qua
812 3617 925 3702 cuique
942 3614 1121 3700 proximum
1139 3635 1154 3682 6

107 3703 153 3777 trit
167 3714 422 3795 decucurrerunt,
442 3738 480 3784 eo
497 3716 599 3804 magis
612 3714 765 3781 Romanis
784 3712 889 3780 subita
905 3719 999 3796 atque
1016 3710 1121 3795 inpro-

105 3802 159 3873 visa
171 3831 224 3876 res
240 3809 319 3890 finit,
337 3811 423 3895 quod
440 3820 508 3879 orta
525 3834 566 3878 ex
581 3811 655 3878 lacu
666 3807 783 3875 nebula
796 3829 908 3893 campo
922 3825 1018 3891 quam
1029 3825 1120 3870 mon·

103 3896 172 3970 olm
187 3903 319 3972 densior
335 3905 458 3974 sederat
475 3906 664 3994 agminaque
681 3903 821 3969 hostium
839 3922 880 3967 ex
895 3898 1120 3987 pluribus-ool·

98 3986 169 4066 Μ
187 3998 269 4088 ‘ipsa
294 3999 377 4068 inter
402 4023 437 4070 sc
463 4002 550 4069 satis·
566 4007 736 4087 conspecta
757 4018 857 4082 eoque
878 3993 982 4083 magis
1004 3993 1120 4082 pariter
1225 4052 1228 4059 ,
