2528 4514
348 243 702 313 1111111111,11.11.
723 248 760 312 [a.
772 242 874 313 111111]
1062 232 1128 298 495

95 401 253 478 dextram,
282 421 397 487 precor
417 421 600 485 quaesoque
625 422 683 487 per
708 400 907 465 maiestatem
932 402 1066 488 regiam,
1092 404 1127 467 in

95 516 156 579 qua
172 495 270 582 paulo
289 505 362 559 ante
384 516 443 559 nos
467 516 592 578 quoque
613 494 747 572 fuimus,
773 517 830 581 per
852 495 956 583 gentis
973 495 1127 562 Numida·

95 611 164 654 rum
180 611 312 667 nomen,
341 588 427 673 quod
444 588 503 652 tibi
525 610 598 652 cum
616 586 765 674 Syphace
787 590 1044 668 commanebit,
1069 613 1128 677 per

96 682 227 750 huiusce
238 683 347 769 regiae
365 684 453 760 deos,
473 683 527 766 qui
545 693 576 748 te
593 683 776 748 melioribus
794 684 951 750 ominibus
970 684 1127 771 accipiant

104 798 191 863 quam
219 775 403 864 Syphacem
429 776 503 841 hinc
529 776 696 856 miserrmt,
732 778 815 843 hanc
840 781 966 844 veniam
993 781 1127 866 supplici
1146 801 1178 848 11

105 870 168 950 des,
194 883 230 936 ut
245 872 315 957 ipse
338 871 561 955 quodcumque
583 873 645 937 fert
662 872 786 937 animus
805 874 845 938 de
863 875 988 960 captiva
1006 885 1126 940 statuas

107 986 199 1050 neque
224 989 276 1031 me
302 967 337 1030 in
363 966 549 1050 cuiusquam
575 967 713 1033 Romani
740 969 911 1054 superbum
938 981 970 1032 et
1000 970 1126 1034 crudele

111 1060 259 1126 arbitrium
286 1060 394 1125 venire
421 1061 517 1126 sinas.
576 1061 604 1125 si
629 1062 707 1126 nihil
734 1063 820 1127 aliud
846 1084 941 1146 quam
968 1060 1125 1148 Syphacis
1146 1086 1178 1132 15

111 1172 177 1220 uxor
200 1155 350 1234 fuissem,
378 1166 485 1220 tamen
500 1156 658 1221 Numidae
685 1168 779 1240 atque
805 1156 839 1220 in
864 1157 976 1221 eadem
1002 1178 1127 1221 mecum

108 1244 208 1314 ¹dfrica
224 1249 325 1336 geniti
344 1271 439 1333 quam
459 1250 654 1337 alienigenae
677 1262 709 1315 et
731 1251 852 1316 externi
873 1251 969 1316 fidem
992 1251 1128 1337 experiri

97 1343 240 1409 ’11111111
283 1344 359 1428 quid
386 1342 643 1431 Carthaginiensi
670 1346 710 1410 ab
736 1346 901 1423 Romano,
937 1345 1015 1429 quid
1043 1346 1127 1410 filiae
1147 1367 1177 1414 16

115 1430 310 1504 Hasdrubalis
329 1438 503 1503 timendum
522 1439 576 1517 sit,
600 1440 699 1505 vides.
745 1440 773 1504 si
790 1441 877 1504 nulla
893 1461 928 1505 re
946 1440 1008 1503 aha
1024 1451 1126 1526 potes,

117 1544 196 1598 unte
221 1554 274 1598 me
305 1545 342 1598 ut
373 1532 514 1599 vindices
542 1557 561 1598 a
586 1534 803 1599 Romanorum
834 1534 961 1599 arbitrio
989 1556 1044 1599 oro
1071 1534 1128 1599 ob-

116 1626 278 1712 aerque?
332 1627 435 1692 forma
461 1639 530 1693 erat
555 1627 689 1713 insignis
717 1639 749 1693 et
773 1627 997 1693 florentissima
1024 1637 1176 1693 11111111

113 1710 200 1806 laque
217 1744 292 1786 cum
309 1721 405 1787 modo
427 1722 572 1788 dextram
595 1721 788 1808 amplectens
806 1722 840 1786 in
860 1722 908 1800 id,
934 1744 974 1786 ne
992 1721 1043 1786 cui
1061 1721 1128 1786 Ro-

109 1828 188 1882 111
206 1816 400 1894 traderetur,
426 1817 522 1881 fidem
540 1826 726 1903 exposceret
746 1815 939 1902 propiusque
957 1815 1127 1880 blanditias

108 1912 194 1977 ustio
219 1921 309 1977 esset
334 1933 430 1997 quam
454 1934 581 1999 preces,
616 1934 682 1976 non
706 1911 740 1975 in
762 1910 1009 1976 misericordiam
1031 1910 1126 1976 modo
1147 1930 1178 1978 11

100 2005 264 2093 1111111111
287 2016 338 2070 111
359 2005 482 2071 animus
505 2005 647 2084 victoris,
676 2006 748 2084 sed,
774 2016 810 2070 ut
828 2017 878 2071 est
898 2029 999 2092 genus
1016 2005 1128 2072 Numi·

98 2090 207 2165 darum
240 2100 276 2164 in
301 2101 462 2168 Venerem
496 2123 671 2188 praeceps,
707 2124 814 2167 amore
849 2101 992 2186 captivae
1028 2102 1128 2165 victor

95 2202 217 2282 11111111.
270 2195 345 2260 data
371 2195 482 2260 dextra
507 2195 541 2258 in
566 2195 600 2259 id
626 2195 711 2279 quod
740 2194 907 2282 petebatur
938 2195 1126 2280 obligandae

95 2278 167 2355 idei
188 2288 224 2353 in
245 2288 367 2376 regiam
390 2289 543 2355 coneedit.
586 2290 702 2354 institit
724 2289 837 2353 deinde
854 2299 1000 2372 reputare
1019 2310 1127 2352 secum
1146 2308 1178 2354 19

95 2371 177 2468 lpse,
206 2405 303 2468 quem
325 2385 366 2449 ad
383 2386 513 2450 modum
530 2384 679 2471 promissi
700 2384 796 2449 fidem
813 2393 998 2470 praestaret.
1043 2381 1127 2465 quod

95 2488 165 2543 mm
193 2479 344 2566 expedire
370 2502 434 2545 uon
460 2492 584 2566 posset,
613 2481 653 2544 ab
680 2501 787 2544 amore
810 2476 1010 2542 temerarium
1033 2487 1127 2558 atque

95 2565 264 2661 'inpudens
291 2584 452 2639 mutuatur
478 2575 664 2640 eonsilium:
699 2574 826 2659 nuptias
856 2572 890 2635 in
921 2594 993 2637 eum
1021 2570 1127 2656 ipsum
1145 2588 1179 2635 1ο

95 2662 179 2733 diem
203 2667 311 2754 parari
336 2680 467 2754 repente
492 2668 593 2746 iubet,
629 2690 669 2732 ne
696 2667 772 2750 quid
797 2666 987 2749 relinqueret
1012 2663 1128 2750 integri

95 2770 149 2827 1111
159 2761 277 2828 Laelio
295 2773 350 2827 aut
365 2763 428 2849 ipsi
442 2762 584 2850 Scipioni
602 2762 787 2829 consulendi
806 2760 941 2826 velutin
959 2758 1127 2845 captivam,

95 2874 177 2943 quae
197 2857 394 2923 Masinissae
416 2857 481 2922 iam
502 2868 603 2943 nupta
624 2859 716 2923 foret.
760 2856 852 2921 factis
875 2855 993 2942 nuptiis
1018 2876 1127 2941 super·
1145 2872 1177 2920 11

95 2951 183 3019 seuit
207 2952 341 3018 Laelius
374 2964 407 3019 et
437 2954 518 3018 adeo
548 2977 612 3019 non
643 2953 853 3031 dissimulavit
883 2953 1061 3038 improbare
1093 2973 1128 3016 11

95 3044 230 3123 factm
256 3057 293 3111 ut
308 3047 411 3133 primo
428 3048 525 3113 etiam
547 3070 620 3113 cum
639 3045 788 3134 Syphace
810 3057 842 3111 et
859 3046 971 3110 ceteris
994 3045 1126 3130 captivis

95 3140 271 3206 detractam
288 3162 360 3206 eam
377 3141 494 3228 geniali
515 3142 639 3206 mittere
662 3142 703 3206 ad
722 3139 904 3225 Scipionem
926 3148 1057 3202 conatus
1076 3137 1126 3199 sit

95 3234 198 3300 victus
218 3234 332 3299 deinde
350 3235 497 3321 precibus
518 3235 713 3300 Masinissae
734 3232 868 3309 orantis,
894 3241 930 3295 ut
951 3228 1123 3306 arbitrium,
1143 3247 1178 3293 11

95 3329 196 3395 utrius
214 3351 329 3416 regum
347 3330 482 3396 duorum
500 3331 646 3396 fortunae
669 3327 809 3395 accessio
829 3323 1015 3412 Sophoniba
1032 3333 1127 3401 esset,

95 3424 136 3489 ad
155 3421 342 3509 Scipionem
358 3424 505 3504 reiceret,
522 3425 621 3490 misso
640 3421 789 3510 Syphace
807 3431 839 3487 11
856 3418 988 3506 captivis
1006 3428 1126 3483 ceteras

95 3518 191 3583 urbes
208 3517 393 3597 Numidiae,
416 3541 499 3604 quae
515 3518 682 3606 praesidiis
700 3516 797 3603 regiis
816 3514 1015 3590 tenebantur,
1039 3511 1128 3577 adiu-

95 3621 190 3679 vante
207 3610 386 3679 Masinissa
402 3614 524 3701 recipit.

156 3705 262 3772 xm.
308 3705 491 3794 Syphacem
516 3708 550 3773 in
577 3718 680 3772 castra
707 3706 821 3771 adduci
843 3726 915 3768 cum
936 3710 1021 3766 esset
1046 3716 1158 3762 nun-1

95 3801 223 3878 tiatum,
252 3800 356 3867 omnis
378 3802 466 3867 velut
487 3802 529 3866 ad
552 3801 767 3888 spectaculum
788 3795 937 3883 triumphi
959 3791 1125 3857 multitudo

95 3896 198 3962 effusa
225 3906 286 3961 est.
330 3897 541 3982 praecedebat
565 3896 635 3982 ipse
660 3895 799 3970 vinctus,
832 3889 1022 3974 sequebatur
1048 3904 1159 3973 grexa

95 3990 250 4057 nobilium
266 3990 486 4057 Numidarum.
530 4001 612 4069 tum,
640 3999 790 4074 quantum
808 3985 940 4070 quisque
957 3981 1126 4069 plurimum
