2528 4514
339 255 458 311 mssa
475 257 587 328 xxv1,
604 258 647 312 aa.
661 257 704 312 49.
724 262 761 326 [a.
772 256 802 312 o.
813 258 876 326 aro]
1064 245 1129 311 319

99 414 243 478 advocati
255 434 351 497 quam
365 413 575 478 moderatores
589 415 765 480 studiorum
777 414 916 492 fuerant,
936 413 975 480 G.
984 414 1127 495 Laelius,

101 508 204 573 relicto
227 507 358 573 consilio
381 518 453 572 ante
475 507 610 573 tribunal
632 509 673 573 ad
696 506 878 594 Scipionem
900 509 1020 574 accedit
1042 531 1129 575 eum·

103 620 157 685 qne
176 603 285 680 docet,
302 623 369 667 rem
387 602 455 667 sine
472 601 569 667 modo
585 624 623 667 ac
640 603 795 668 modestia
811 602 864 689 agi
882 624 920 668 ac
935 625 1034 690 prope
1048 624 1127 682 esse,
1148 625 1178 674 n

105 706 133 760 ut
148 718 264 760 manus
281 695 363 761 inter
381 717 415 761 se
438 695 617 760 conferant:
653 706 791 761 ceterum
809 697 904 762 etiam
924 698 951 762 si
968 697 1017 763 vis
1036 697 1128 775 absit,

106 789 195 856 nihilo
222 789 328 854 minus
355 789 533 856 detestabili
563 791 708 876 exemplo
737 813 805 856 rem
830 791 897 878 agi,
932 792 1049 878 quippe
1074 791 1131 857 ubi

106 883 208 951 fraude
231 906 269 949 ac
287 885 422 970 periurio
445 885 541 949 decus
563 895 687 970 petatur
708 884 842 950 virtutis.
887 894 969 951 stare
990 884 1064 952 binc
1085 886 1130 951 le·
1149 906 1180 956 12
1215 926 1222 935 ·

105 979 256 1064 gionarios
274 980 405 1057 milites,
432 976 506 1044 binc
523 979 687 1058 classicos,
710 1002 766 1066 per
782 979 885 1045 omnis
904 981 980 1046 deos
999 1004 1130 1068 appara-

103 1080 145 1138 tos
163 1073 266 1138 iurare
284 1073 386 1160 magis
410 1096 490 1158 quae
508 1074 606 1138 velint
627 1096 722 1158 quam
744 1096 825 1158 quae
849 1075 949 1139 sciant
966 1097 1041 1140 vera
1057 1098 1129 1141 esse

101 1176 130 1230 et
146 1166 342 1254 obstringere
359 1168 494 1253 periurio
510 1190 576 1232 non
594 1190 628 1233 se
646 1168 748 1233 solum
767 1189 922 1251 suumque
940 1179 1047 1254 caput,
1073 1169 1129 1234 sed

96 1259 188 1348 signa
205 1262 351 1326 militaria
369 1272 399 1327 et
417 1263 537 1346 aquilas
556 1262 804 1346 sacramentique
820 1262 1014 1348 religionem.
1050 1262 1128 1328 haec
1148 1282 1181 1330 13

95 1352 137 1420 nd
153 1378 228 1421 eum
246 1357 286 1421 de
304 1357 456 1421 sententia
473 1354 511 1420 P.
531 1353 671 1421 Cornelii
688 1366 720 1420 et
736 1355 784 1420 M.
799 1352 978 1441 Sempronii
995 1357 1127 1421 deferre.

95 1442 207 1536 Scipio
233 1450 420 1516 conlaudato
446 1450 560 1515 Laelio
585 1451 627 1515 ad
653 1451 831 1515 contionem
861 1450 1027 1515 advocavit
1056 1472 1129 1536 pro-

95 1545 328 1628 nuntiavitque,
356 1567 391 1611 se
414 1546 489 1610 satis
517 1554 713 1630 compertum
739 1544 855 1609 habere
879 1543 920 1627 Q.
943 1543 1128 1610 Tiberilium

95 1646 127 1702 et
143 1637 222 1705 Sex.
241 1637 400 1726 Digitium
420 1640 536 1726 pariter
557 1639 590 1703 in
612 1662 738 1703 murum
756 1638 935 1704 escendisse
958 1661 1055 1722 seque
1072 1661 1127 1704 eos

95 1732 219 1799 nautis
246 1757 342 1799 causa
368 1735 489 1800 coronis
515 1733 688 1799 muralibus
715 1734 842 1799 donare.
886 1743 954 1798 tum
979 1734 1179 1820 reliquos,14

95 1837 188 1907 ‚orout
205 1828 319 1912 cuique
336 1829 481 1893 meritum
499 1828 661 1911 virtusque
679 1838 754 1906 erat,
774 1828 916 1907 donavit3
935 1838 1008 1894 ante
1025 1830 1127 1894 omnis

95 1915 135 1986 [i.
162 1922 312 1987 Laelium
341 1922 535 2008 praefectum
566 1922 676 1988 classis
708 1933 739 1987 et
768 1923 855 1989 omni
880 1944 996 2009 genere
1025 1922 1127 1988 laudis

95 2015 221 2173 {ibimet
243 2017 312 2102 ipse
334 2017 479 2100 aequavit
501 2026 532 2080 et
554 2038 669 2082 corona
690 2039 786 2083 aurea
812 2040 849 2083 ac
871 2017 998 2104 triginta
1022 2017 1127 2083 bubus

119 2109 234 2176 enavit.

156 2203 421 2270 XXXXVIIII.
475 2205 559 2269 Tum
590 2204 717 2270 obsides
748 2205 921 2269 civitatium
951 2204 1160 2290 Hispaniaer

95 2299 200 2366 vocari
218 2300 325 2378 iussit3
353 2321 485 2383 quorum
507 2309 643 2384 quantus
666 2321 815 2363 numerus
834 2298 928 2364 fuerit
944 2299 1032 2384 piget
1050 2300 1127 2362 scri-

95 2410 183 2472 κιο,
211 2394 329 2479 quippe
354 2393 410 2458 ubi
435 2393 510 2458 alibi
536 2403 689 2458 trecentos
715 2393 829 2470 ferme,
857 2391 932 2456 alibi
957 2392 1016 2455 tria
1041 2392 1128 2456 milia

95 2489 313 2576 teptingentos
335 2489 447 2574 viginti
469 2498 616 2572 quattuor
637 2488 737 2553 fuisse
758 2487 926 2551 inveniam.
970 2507 1070 2570 aeque
1096 2496 1162 2552 eta

95 2583 155 2649 elia
172 2584 256 2648 inter
273 2593 417 2648 auctores
435 2583 623 2668 discrepant.
663 2581 855 2668 praesidium
872 2580 1027 2645 Punicum
1046 2578 1126 2645 alius

95 2674 219 2756 locem,
239 2677 319 2741 alius
338 2687 472 2762 septem,
492 2677 571 2742 alius
590 2677 666 2741 haut
682 2676 754 2761 plus
773 2697 868 2759 quam
891 2675 988 2739 duum
1006 2674 1128 2740 milium

95 2768 195 2837 luisse
213 2771 331 2837 scribit.
372 2781 464 2856 capta
485 2771 559 2836 alibi
578 2768 602 2856 [.
622 2768 646 2856 .]
665 2770 752 2835 milia
769 2769 921 2856 capitum,
940 2768 1015 2834 alibi
1033 2792 1129 2856 supra

95 2867 236 2950 {uinque
253 2875 284 2930 et
301 2864 413 2952 viginti
429 2866 581 2930 invenias.
626 2865 806 2951 scorpiones
824 2864 957 2930 maiores
976 2863 1126 2930 minores·
1146 2879 1163 2928 t

95 2978 155 3046 pne
173 2960 217 3024 ad
235 2961 400 3046 sexaginta
417 2969 525 3045 captos
545 2959 733 3045 scripserim,
753 2959 781 3024 si
799 2969 958 3024 auctorem
968 2955 1127 3024 Graecum

95 3072 211 3140 sequar
235 3051 394 3132 Silenum3
425 3055 453 3119 si
477 3053 637 3118 Valerium
658 3053 835 3130 Antiatem,
862 3054 1016 3127 maiorum
1043 3074 1128 3116 soor·
1160 3102 1162 3107 .

95 3151 226 3234 pionurn
243 3168 301 3215 sex
318 3149 417 3226 milia,
436 3149 590 3214 minorum
608 3150 718 3214 decem
735 3151 795 3214 tria
812 3149 913 3212 milia:
932 3147 1010 3211 adeo
1022 3145 1127 3210 nullus

95 3244 269 3311 mentiendi
291 3244 404 3308 modus
425 3256 488 3308 est.
532 3266 572 3308 ne
599 3244 639 3308 de
665 3243 798 3307 ducibus
822 3242 949 3325 quidem
971 3239 1125 3304 convenit.
1145 3256 1163 3302 t

95 3340 238 3424 plerique
259 3339 408 3404 Laelium
428 3336 603 3423 praefuisse
626 3338 734 3415 classi,
763 3345 835 3401 sunt
858 3335 912 3419 qui
933 3333 980 3398 M.
1000 3333 1127 3398 Iunium

95 3430 243 3500 Silanum
264 3432 385 3511 dicant3
416 3433 538 3497 Arinen
558 3432 733 3517 praefuisse
751 3429 872 3494 Punico
894 3427 1051 3513 praesidio
1074 3427 1161 3492 deo

95 3528 260 3612 ditumque
283 3526 437 3593 Romanis
459 3526 574 3591 Antias
592 3525 754 3602 Valerius,
783 3523 956 3610 Magonem
977 3521 1031 3585 alii
1052 3521 1128 3585 scri·

95 3634 202 3711 ptores
227 3621 364 3687 tradunt.
408 3644 471 3686 non
498 3622 537 3686 de
559 3642 690 3684 numero
713 3618 841 3682 navium
863 3626 1038 3701 captarum,
1064 3634 1127 3678 non
1146 3633 1162 3681 6

95 3720 131 3784 de
149 3717 292 3804 pondere
315 3717 383 3781 auri
405 3727 498 3800 atque
521 3715 643 3802 argenti
664 3723 695 3778 et
718 3713 862 3777 redactae
883 3708 1035 3796 pecuniae
1053 3729 1128 3772 con-

95 3813 190 3880 tenit.
238 3812 267 3876 si
292 3809 405 3896 aliquis
432 3811 581 3876 adsentiri
603 3829 733 3874 necesse
755 3819 817 3884 est,
844 3804 948 3870 media
970 3801 1129 3868 simillima

95 3909 178 3976 reris
197 3914 283 3973 sunt.
327 3915 465 3971 ceterum
482 3904 602 3970 vocatis
625 3900 787 3968 obsidibus
810 3899 945 3985 primum
964 3897 1126 3962 universos
1147 3917 1161 3962 ⁷

95 4026 216 4072 conum
235 3999 374 4070 animum
397 3999 511 4065 habere
529 3999 633 4064 iussit:
661 3996 784 4063 venisse
807 4016 860 4060 eos
883 3994 915 4058 in
936 3990 1045 4079 populi
1062 3990 1128 4057 Ro-
1145 4008 1162 4056 8
