2528 4514
264 217 382 272 nmna
400 217 530 288 xxvu,
550 218 591 273 rs.
605 219 646 272 ra
666 218 818 288 [scaea]
997 207 1060 272 347

95 377 131 440 is.
187 385 327 440 ceterum
356 397 548 460 quamquam
578 396 729 441 ascensus
760 375 896 441 difficilis
928 386 994 442 erat
1028 386 1059 443 et
1080 399 1110 448 13

95 493 125 535 >e
144 468 358 534 obruebantur
375 470 444 534 telis
464 470 625 553 saxisque,
643 469 849 535 adsuetudine
867 480 973 537 tamen
990 494 1062 538 suo-

95 564 163 628 =ndi
189 584 295 628 muros
319 572 349 627 et
369 563 539 648 pertinacia
561 563 656 628 animi
678 562 841 629 subierunt
861 565 963 650 primi.
1007 566 1061 650 qui
1082 586 1112 633 14

95 657 123 722 1]
150 678 262 742 cepere
283 656 402 742 aliquid
428 656 521 739 aequi
546 656 622 735 loci,
657 656 713 722 ubi
737 657 828 724 firmo
855 659 1061 726 consisterent

95 754 144 830 ln,
173 751 275 816 levem
302 761 333 815 et
359 761 610 816 concursatorem
636 751 760 817 hostem
782 762 877 837 atque
897 753 1061 821 intervallo

98 870 146 924 m,
176 868 248 910 cum
266 845 375 931 procul
393 844 564 910 missilibus
583 868 691 933 pugna
708 846 856 926 eluditur,
882 847 1061 915 instabilem

95 941 167 1006 dem
193 940 235 1004 ad
266 941 440 1005 comminus
470 941 679 1005 conserendas
709 963 839 1018 manus,
876 943 1061 1028 expulerunt

95 1068 97 1091 ·
122 1045 155 1098 et
177 1056 248 1099 cum
272 1033 368 1100 caede
388 1057 505 1120 magna
525 1035 558 1098 in
580 1035 680 1099 aciem
702 1034 810 1100 altiora
832 1046 1061 1121 superstantem

96 1128 152 1193 ulo
178 1129 336 1214 inpegere.
392 1128 466 1192 inde
493 1125 601 1213 Scipio
626 1128 721 1194 iussis
748 1129 898 1194 adversus
925 1130 1060 1196 mediam
1081 1149 1112 1196 15

95 1223 164 1287 lere
182 1222 282 1286 aciem
300 1221 469 1286 victoribus
488 1231 607 1287 ceteras
622 1223 728 1308 copias
741 1245 814 1288 oum
822 1222 934 1289 Laelio
952 1223 1062 1289 dividit

95 1339 124 1381 1e
143 1339 216 1380 eum
234 1326 322 1400 parte
340 1316 448 1381 denua
466 1316 577 1380 tumuli
595 1317 772 1395 circumire,
795 1317 894 1383 donec
911 1318 1061 1386 mollioris

95 1431 182 1475 ensus
205 1410 289 1474 viam
311 1410 477 1487 inveniret,
503 1408 603 1489 iubet;
630 1411 700 1496 ipsc
720 1410 761 1476 ab
782 1411 873 1476 laeva
899 1413 1061 1479 circumitu

95 1504 115 1568 d
141 1526 258 1590 magno
284 1503 318 1567 in
343 1513 537 1569 transversos
563 1505 663 1571 hostis
685 1505 822 1570 incurrit
865 1506 939 1572 inde
960 1507 1061 1592 primo
1081 1529 1111 1578 16

95 1606 156 1662 tata
178 1598 261 1662 acies
284 1607 345 1676 est,
374 1598 449 1662 dum
470 1599 511 1663 ad
533 1599 814 1664 circumsonantem
836 1600 973 1684 undique
999 1600 1063 1666 cla·

95 1715 151 1757 em
173 1692 297 1757 flectere
319 1715 436 1757 cornua
458 1704 489 1757 et
511 1691 673 1758 obvertere
696 1693 820 1759 ordines
838 1694 956 1760 volunt
1000 1694 1061 1762 hoc
1080 1718 1112 1764 11

95 1786 169 1850 tultu
187 1796 218 1850 et
235 1785 365 1851 Laelius
384 1786 480 1852 subiit
498 1796 542 1864 et,
570 1787 647 1851 dum
667 1788 781 1873 pedem
802 1788 941 1854 referunt
962 1812 1004 1855 ne
1020 1790 1061 1856 ab

95 1904 120 1966 [ο
139 1880 388 1957 vulnerarentur,
415 1881 520 1946 laxata
537 1880 638 1966 prima
660 1881 743 1946 acies
760 1881 913 1967 locusque
930 1884 972 1949 ad
989 1906 1062 1950 eva-

95 1975 171 2040 dum
189 1985 220 2039 et
237 1975 349 2040 mediis
367 1975 459 2040 datus
477 1986 538 2053 eat,
567 1974 620 2059 qui
637 1997 694 2061 per
712 1985 775 2040 tam
793 1977 936 2062 iniquum
956 1978 1061 2044 locum
1081 1999 1112 2046 18

95 2068 188 2134 uibus
207 2068 336 2154 integris
355 2068 515 2135 ordinibus
535 2069 770 2155 elephantisque
789 2081 860 2136 ante
875 2072 966 2156 sigua
978 2072 1061 2138 loca·

95 2185 263 2246 numquam
282 2163 465 2228 evasissent.
498 2185 571 2228 cum
582 2162 623 2228 ab
638 2164 723 2228 omni
735 2174 823 2249 parte
837 2165 949 2230 caedes
964 2165 1060 2243 fieret,
1081 2186 1110 2233 19

95 2257 157 2342 pio,
176 2257 229 2340 qui
247 2256 338 2322 laevo
355 2279 452 2321 cornu
469 2256 504 2320 in
520 2256 664 2321 dextrum
682 2258 906 2335 incucurrerat,
925 2260 1061 2324 maxime

95 2351 167 2415 tuda
187 2350 286 2415 latera
306 2351 444 2415 hostium
465 2348 636 2436 pugnabat.
680 2359 713 2415 et
734 2352 797 2416 iam
818 2372 859 2416 ne
876 2350 972 2436 fugae
994 2352 1061 2434 qui·
1080 2373 1115 2420 20

95 2469 103 2509 ι
121 2443 250 2531 patebat
266 2445 365 2510 locus.
393 2455 424 2510 et
442 2445 590 2510 stationes
609 2444 765 2527 utrimque
773 2443 935 2510 Romanae
953 2445 1063 2511 dextra

95 2560 185 2623 1aque
209 2538 388 2603 insederant
413 2538 481 2603 vias
509 2548 539 2602 et
561 2546 651 2623 porta
673 2554 844 2603 castrorum
867 2538 956 2603 ducis
977 2539 1063 2624 prin-

95 2655 201 2717 1mque
218 2634 296 2719 fuga
314 2634 421 2699 clausa
438 2642 518 2711 erat,
537 2634 643 2698 addita
661 2634 866 2718 trepidatione
883 2633 1078 2720 elephanto'

95 2752 115 2805 1,
143 2749 224 2811 quos
251 2727 373 2792 territos
400 2749 498 2810 aeque
525 2736 619 2811 atque
640 2728 739 2793 hostis
766 2727 926 2795 timebant
971 2750 1064 2794 caesa

95 2843 128 2885 ur
147 2821 187 2885 ad
205 2831 275 2886 octo
294 2821 381 2885 milia
397 2821 569 2886 hominum.

96 2914 247 2980 XVIIII.
273 2914 470 2992 Hasdrubal,
489 2915 551 2980 iam
561 2924 728 2999 antequam
737 2917 913 2994 dimicaret,
930 2917 1064 3004 pecunia
1083 2939 1096 2984 1

95 3022 121 3074 'a
149 3010 384 3096 elephantisque
410 3011 606 3097 praemissis,
635 3033 729 3094 quam
754 3012 916 3097 plurumos
942 3023 1064 3099 poterat

93 3104 173 3189 fuga
196 3104 353 3189 excipiens
376 3115 499 3190 praeter
520 3104 647 3191 Tagum
669 3105 785 3170 flumen
808 3107 848 3170 ad
865 3106 1062 3192 Pyrenaeum

95 3199 141 3262 lit.
180 3194 287 3282 Scipio
305 3199 415 3263 castris
432 3197 569 3264 hostium
587 3199 719 3284 potitus,
739 3221 810 3263 cum
827 3210 950 3284 praeter
965 3198 1064 3265 libera
1082 3221 1097 3267 a

95 3293 137 3356 ita
162 3313 288 3357 omnem
310 3293 459 3378 praedam
481 3293 631 3358 militibus
655 3293 876 3370 concessisset,
902 3294 936 3358 in
957 3315 1064 3359 recen-

95 3386 139 3449 lis
163 3385 295 3470 captivis
318 3386 427 3451 decem
444 3386 530 3451 milia
551 3387 706 3471 peditum,
731 3387 793 3452 duo
815 3387 902 3453 milia
923 3389 1064 3472 equitum

95 3480 161 3544 enit.
207 3502 247 3544 ex
268 3479 317 3544 his
340 3480 503 3567 Hispanos
527 3481 593 3546 sine
615 3483 713 3567 pretio
736 3504 844 3561 omnes
868 3483 996 3548 domum
1019 3483 1065 3547 di·
1136 3559 1138 3562 Ι
1175 3484 1180 3492 ’

95 3575 132 3651 it,
151 3573 251 3639 Afros
269 3576 405 3640 vendere
423 3585 621 3658 quaestorem
639 3576 739 3641 iussit.
784 3577 975 3642 circumfusa
991 3577 1064 3640 inde
1083 3597 1098 3643 3

95 3667 201 3732 ‚titudo
219 3667 436 3753 Hispanorum
455 3679 485 3735 et
502 3679 575 3735 ante
593 3670 769 3735 deditorum
788 3682 819 3735 et
836 3670 936 3755 pridie
958 3679 1064 3754 capto·

95 3790 101 3827 1
120 3785 231 3848 regem
249 3785 320 3828 eum
337 3764 457 3850 ingenti
475 3787 631 3829 consensu
653 3765 829 3850 appellavit.
870 3775 937 3828 tum
956 3760 1064 3848 Scipio
1082 3783 1100 3829 4

95 3857 158 3921 ntio
185 3879 242 3942 per
266 3880 452 3943 praeconem
478 3858 562 3923 facto
590 3857 649 3924 sibi
676 3859 848 3922 maximum
870 3879 985 3923 nomen
1006 3856 1065 3923 im·

95 3951 185 4019 atoris
210 3973 280 4018 esse
302 3953 393 4032 dixit,
421 3975 485 4037 quo
507 3975 541 4019 se
563 3953 676 4020 milites
696 3954 745 4019 sui
767 3953 991 4039 appellassentt
1016 3974 1067 4019 re-
