2528 4514
142 245 204 312 268
389 254 505 310 aissa
522 253 628 323 inem,
646 253 672 307 a.
687 252 712 306 a
732 254 769 320 [a.
780 269 807 307 u.
819 250 918 320 esce]

92 437 125 486 15
142 415 233 481 Italia
258 411 439 492 decesserit,
477 420 508 475 et
533 411 593 476 hoc
619 410 702 474 idem
728 409 761 473 in
788 407 848 474 Cn.
870 407 968 473 Fulvi
991 406 1134 495 legionibus

141 532 241 596 nuper
253 508 426 573 decretum:
445 503 505 570 Cn
518 503 630 569 Fulvio
648 503 758 590 fugam
771 525 812 568 ex
824 501 944 588 proelio
956 501 1055 588 ipsius
1069 512 1137 568 unc

141 604 231 668 ritate
249 600 418 667 commisso
435 598 619 684 impunitam
638 618 721 675 esse,
741 606 771 661 et
789 618 861 661 eum
879 597 913 661 in
929 618 1035 682 ganea
1049 594 1139 661 lusus

93 720 124 768 16
143 719 219 782 que,
246 695 300 759 ubi
321 694 480 759 iuventam
502 691 613 778 egerit,
642 698 834 756 senectutem
856 698 1017 767 acturum,
1046 688 1140 766 milita,

143 789 198 874 qui
215 787 293 852 nihil
309 786 395 852 aliud
407 785 617 871 peccaverint,
635 805 730 867 quam
743 783 829 868 quod
841 782 1042 869 imperatoris
1056 781 1140 848 similet

142 881 271 959 fuerint,
290 881 444 966 relegatos
462 899 559 964 prope
575 878 609 941 in
627 877 754 942 exilium
771 876 1017 964 ignominiosam
1034 873 1140 963 patin?-

142 976 251 1039 litiam.
287 975 365 1040 adeo
388 974 540 1058 imparem
560 971 735 1036 libertatem
752 969 873 1036 Romae
896 971 956 1036 diti
978 991 1017 1036 ac
1034 968 1146 1056 pauperi,

143 1071 293 1134 honorato
311 1077 404 1151 atque
421 1067 605 1132 inhonorato
622 1087 702 1130 esse.

111 1179 125 1224 1
207 1162 269 1228 III.
313 1162 400 1228 Reus
422 1160 462 1226 ab
481 1183 515 1226 se
533 1160 657 1246 culpam
679 1161 712 1224 in
728 1160 841 1225 milites
863 1158 1092 1227 transferebat:
1113 1178 1150 1225 cot

143 1255 288 1322 ferociter
311 1278 451 1342 pugnam
471 1254 629 1340 poscentis
650 1252 818 1339 productos
844 1253 877 1317 in
899 1251 1017 1332 aciem,
1048 1275 1110 1319 non
1126 1274 1152 1318 to

143 1371 206 1435 quo
223 1349 392 1428 voluerint,
412 1349 485 1432 quia
502 1369 607 1412 serum
625 1346 688 1412 diei
704 1345 811 1425 fuerit,
831 1347 888 1412 sed
903 1357 1036 1432 postero
1054 1347 1115 1427 die,
1132 1354 1153 1412 at

96 1502 102 1507 ,
143 1455 282 1530 tempore
309 1453 340 1508 et
365 1443 434 1507 loco
464 1462 564 1525 aequo
594 1441 761 1507 instructos
793 1463 849 1506 seu
878 1440 1001 1507 famam
1030 1464 1087 1508 seu
1107 1441 1155 1507 riu

110 1558 125 1605 2
143 1539 280 1604 hostium
298 1559 361 1602 non
380 1536 574 1601 sustinuisse.
619 1557 691 1601 cum
709 1535 808 1601 effuse
826 1557 938 1602 omnes
956 1535 1156 1624 fugerentur

144 1654 269 1717 quoque
295 1630 386 1696 turba
412 1629 571 1708 ablatum,
605 1638 639 1693 ut
664 1628 838 1695 Varronem
866 1627 1035 1696 Cannensi
1059 1650 1156 1717 pugna

111 1744 126 1791 3
144 1736 179 1791 ut
195 1726 310 1791 multos
329 1725 407 1790 alios
425 1725 636 1810 imperatores.
680 1723 735 1808 qui
752 1733 858 1789 autem
875 1722 981 1789 solum
1000 1747 1038 1790 se
1059 1734 1161 1790 rosam

144 1829 209 1884 tem
224 1819 375 1905 prodesse
394 1819 440 1882 rei
461 1817 620 1903 publicae,
641 1817 708 1882 'nisi
730 1819 759 1882 si
779 1839 863 1883 mors
883 1840 943 1903 spa
960 1819 1102 1884 remedio
1115 1838 1158 1905 pu·

110 1931 127 1977 4
144 1912 235 1978 blicis
253 1912 393 1978 cladibus
412 1911 517 1977 futura
534 1923 630 1991 esset,
649 1912 810 1998 potuisse?
829 1935 893 1978 non
911 1935 948 1979 se
966 1915 1079 2002 inopia
1092 1936 1158 1980 oon·

144 2017 280 2084 meatus,
299 2007 411 2072 nonin
428 2006 498 2071 loca
509 2007 617 2091 iniqua
629 2007 752 2071 incaute
766 2007 951 2086 deductum,
971 2030 1041 2074 non
1054 2007 1158 2099 agmine

144 2100 337 2186 inexplorato
372 2110 496 2165 euntem
530 2101 651 2165 insidiis
686 2100 953 2166 circumventum:
990 2102 1026 2166 vi
1062 2110 1155 2189 aperta

145 2194 253 2272 armis,
280 2195 346 2259 acie
364 2194 490 2258 victum.
535 2217 593 2258 nec
616 2216 743 2259 suorum
765 2195 885 2260 animos
907 2215 969 2260 nec
986 2194 1157 2261 hostiumin

144 2297 298 2373 potestate
315 2286 477 2353 habuisse:
511 2310 603 2351 suum
625 2288 737 2371 cuique
754 2288 915 2374 ingenium
938 2289 1106 2355 audaciam
1119 2295 1158 2354 aut

111 2402 292 2466 spavorem
318 2381 430 2446 facere.
475 2380 523 2446 bis
551 2390 598 2445 est
626 2389 790 2446 accusatus
816 2381 1017 2467 pecuniaque
1041 2381 1157 2468 anquisi-

144 2486 225 2552 tum3
248 2475 352 2553 tertio,
371 2473 504 2540 testibus
523 2475 617 2552 datis,
638 2497 723 2553 cum,
742 2485 962 2560 praeterquam
977 2478 1068 2560 quod
1080 2474 1158 2542 omni·

144 2567 204 2632 bus
229 2567 351 2653 probris
378 2567 576 2646 onerabatur,
608 2568 700 2632 iurati
725 2568 871 2652 permulti
897 2569 1057 2650 dicerent,
1083 2569 1155 2657 fuga

111 2679 126 2725 6
144 2661 330 2744 pavorisque
347 2661 469 2724 initium
487 2684 506 2724 a
522 2669 663 2746 praetore
685 2671 801 2740 ortum,
829 2661 869 2727 ab
892 2685 929 2727 eo
954 2664 1099 2731 desertos
1115 2660 1158 2727 mi

145 2753 229 2829 lites,
258 2775 329 2816 cum
350 2754 435 2818 haud
457 2777 573 2818 vanum
595 2755 736 2819 timorem
762 2755 850 2821 ducis
878 2757 1061 2837 crederent,
1090 2768 1159 2842 terp

146 2844 284 2922 dedisse,
320 2855 406 2909 tanta
431 2847 477 2910 ira
502 2869 634 2913 accensa
660 2857 721 2926 est,
756 2858 791 2912 ut
816 2849 917 2934 capite
945 2850 1159 2934 anquirendum
1193 2870 1195 2933 j

113 2959 126 3003 7
147 2937 249 3001 contio
272 2938 485 3003 succlamaret.
521 2942 561 3005 de
583 2963 620 3006 eo
647 2962 771 3025 quoque
797 2963 914 3006 novum
942 2954 1103 3010 certamen
1122 2962 1161 3007 or·
1192 2966 1195 2995 τ

145 3040 225 3094 tum:
256 3054 329 3095 nam
351 3053 422 3096 cum
443 3032 492 3097 bis
510 3033 643 3118 pecunia
665 3035 867 3118 anquisisset,
895 3037 989 3101 tertio
1013 3037 1120 3125 capitis
1133 3054 1159 3099 se

109 3125 306 3208 sanquirere
333 3127 463 3205 diceret,
500 3126 614 3192 tribuni
639 3128 740 3213 plebis
767 3129 915 3215 appellati
942 3131 1097 3219 conlegae
1118 3149 1158 3194 re·

145 3229 258 3304 gerunt
277 3242 310 3285 se
328 3220 362 3283 in
378 3243 466 3285 mora
483 3243 567 3300 esse,
595 3223 793 3305 quominus,
821 3224 906 3307 quod
923 3225 955 3288 ei
973 3249 1065 3293 more
1082 3223 1158 3291 maio·

144 3335 214 3375 rum
239 3314 427 3398 permissum
455 3323 551 3392 esset,
580 3339 635 3379 seu
660 3315 783 3403 legibus
811 3339 867 3383 seu
893 3319 1039 3385 moribus
1062 3318 1159 3392 mallet,

145 3405 333 3487 anquireret,
361 3408 464 3490 quoad
481 3406 532 3471 vel
550 3408 658 3492 capitis
681 3410 733 3494 pel
750 3411 901 3494 pecuniae
923 3410 1098 3478 iudicasset
1112 3408 1162 3497 pri·

110 3506 225 3562 ovat0.
280 3508 345 3562 tum
379 3497 582 3585 Sempronius
617 3502 836 3587 perduellionis
872 3526 907 3569 se
946 3505 1088 3572 iudicare
1111 3501 1159 3568 cn.

91 3644 93 3649 .
144 3588 257 3655 Fulvio
279 3573 357 3656 llixit
379 3594 524 3677 diemque
547 3596 679 3660 comitiis
707 3596 746 3661 ab
770 3595 808 3661 O.
832 3596 1007 3683 Calpurnio
1034 3614 1160 3686 praetore

94 3700 127 3749 10
145 3682 230 3747 urbis
248 3687 335 3769 petit.
371 3687 443 3750 inde
462 3688 523 3752 alia
540 3711 612 3774 spes
631 3688 671 3754 ab
689 3712 742 3755 reo
760 3700 911 3776 temptata
928 3702 991 3771 est,
1018 3694 1047 3758 si
1064 3693 1159 3758 adeste

144 3777 258 3842 iudicio
269 3777 405 3860 Quintus
420 3780 551 3846 Fulvius
569 3782 665 3847 frater
681 3794 803 3869 posset,
822 3785 936 3851 florens
954 3795 1022 3850 tum
1041 3795 1072 3851 et
1087 3784 1158 3849 fama

94 3885 125 3933 11
144 3889 246 3933 rerum
265 3882 424 3957 gestarum
442 3885 472 3939 et
493 3877 668 3962 propinqua
690 3900 746 3963 spe
766 3878 896 3965 Capuae
917 3879 1094 3965 potiundae.
1130 3872 1155 3937 id

146 3981 217 4024 cum
243 3985 299 4048 per
319 3968 436 4035 litteras
463 3969 680 4036 miserabiliter
704 3994 761 4057 pro
788 3973 893 4039 fratris
915 3973 1018 4058 capite
1039 3972 1152 4055 scripm
