2528 4514
324 248 445 304 amsa
460 249 548 320 xxi,
566 250 608 306 1o.
626 250 667 305 ιι.
689 253 726 320 [a
738 249 767 307 c.
778 253 840 322 ns]
1077 242 1100 308 9

95 409 240 485 unitas,
260 406 351 472 Mars
371 408 457 484 alter,
476 417 512 472 ut
528 408 581 473 isti
597 409 716 473 volunt.
753 411 810 475 sed
828 409 981 489 Tarento,
999 413 1100 479 idest

95 503 170 581 ulis,
185 525 251 567 non
268 502 521 568 abstinueramus
540 524 580 566 ex
596 501 732 581 foedere,
752 504 833 568 sicut
851 527 935 570 nunc
953 503 1098 592 Sagunto

95 620 135 664 aa
148 597 353 664 abstinemus.
399 595 540 660 vicerunt
558 617 633 682 ergo
651 596 696 660 dii
711 597 935 682 hominesque,
959 609 990 664 et
1006 599 1040 663 id
1058 600 1096 664 de
1116 622 1132 669 a

95 713 132 776 co
155 690 262 756 verbis
288 687 521 775 ambigebatur,
548 698 618 754 uter
647 691 783 776 populus
810 691 923 757 foedus
949 693 1096 779 rupisset,

95 794 199 850 sentus
216 783 292 850 belli
304 782 392 847 velut
405 804 524 867 aequus
542 783 647 861 index,
662 785 745 849 unde
762 785 812 850 ius
831 784 944 865 stabat,
959 787 988 851 ei
1002 787 1099 853 victo

95 879 147 945 lam
164 878 260 944 dedit
306 875 492 964 Carthagini
513 899 597 943 nuno
614 877 778 944 Hannibal
799 880 908 946 uncas
934 893 1098 966 turresque
1117 902 1152 949 ro

95 973 224 1050 dmoret,
237 970 443 1058 Carthaginis
457 971 580 1036 moenia
595 972 696 1055 quatit
709 973 818 1038 ariete:
838 971 974 1061 Sagunti
990 976 1099 1045 minae

95 1102 118 1125 η
128 1066 229 1132 falsus
247 1066 369 1130 utinam
387 1075 475 1130 vates
498 1066 559 1131 sim
575 1103 620 1115 —
637 1068 753 1132 nostris
772 1067 926 1153 capitibus
950 1068 1097 1151 incident,

95 1169 313 1246 acceptumque
328 1180 402 1223 cum
413 1156 598 1246 Sagamtinis
615 1159 735 1225 bellum
752 1161 933 1226 habendum
949 1183 1020 1227 cum
1033 1163 1099 1229 Ro-

95 1254 169 1319 unis
184 1264 241 1319 est.
273 1252 426 1318 dedemus
441 1275 517 1340 ergo
525 1252 759 1319 Hannibalem?
778 1254 859 1320 dicet
872 1254 996 1339 aliquis.
1032 1257 1098 1323 scio
1117 1277 1148 1324 ιι

95 1368 172 1413 mm
188 1347 291 1412 lavem
309 1368 379 1412 esse
397 1347 431 1410 in
443 1368 481 1411 eo
498 1348 715 1412 austeritatem
731 1357 858 1434 propter
874 1357 1021 1434 paternas
1039 1349 1098 1414 ini-

95 1440 211 1506 sioitias.
256 1441 314 1505 sed
340 1449 372 1505 et
397 1439 611 1506 Hamilcarem
638 1463 676 1507 eo
701 1443 822 1527 perisse
852 1442 987 1508 laetatus
1015 1465 1096 1520 sum,

95 1534 163 1618 prod,
181 1534 209 1598 al
224 1533 279 1598 ille
295 1533 425 1611 vireret,
442 1532 560 1599 bellum
577 1534 641 1598 iam
652 1533 840 1601 haberemus
854 1557 927 1601 cum
934 1535 1097 1613 Romanis,

95 1629 207 1694 thane
228 1629 377 1693 iuuenem
398 1637 559 1712 tamquam
579 1628 695 1694 furiam
716 1629 884 1714 facemque
905 1630 999 1695 huius
1023 1629 1098 1696 balli

95 1720 177 1788 fiac
193 1722 340 1797 detestor.
384 1742 443 1785 nec
461 1721 639 1786 dedendum
657 1722 760 1789 solum
778 1723 818 1788 ad
835 1723 995 1808 piaculum
1012 1723 1096 1808 rupti
1116 1737 1149 1785 12

95 1813 220 1894 hederis,
244 1816 316 1892 sed,
341 1815 479 1881 sinemo
496 1815 655 1901 deposcit,
680 1817 899 1884 devehendum
921 1817 954 1883 in
971 1817 1097 1883 ultimas

95 1910 168 1975 aeris
182 1920 398 1993 utrarumque
415 1931 496 1986 oras,
515 1909 726 1996 ablegandum
742 1932 789 1988 eo,
807 1911 892 1976 unde
909 1933 968 1976 nec
982 1912 1022 1977 ad
1040 1934 1097 1977 nos
1145 1940 1148 1944 “

95 2024 186 2070 tomen
196 2005 345 2089 famaque
359 2003 425 2068 eius
441 2004 590 2068 accedere
603 2026 705 2088 neque
722 2005 776 2070 ille
794 2006 960 2071 sollicitare
975 2006 1098 2091 quietae

95 2097 208 2164 susm·
225 2107 341 2170 statum
359 2097 470 2183 possit.
515 2120 575 2185 ego
591 2098 636 2163 ita
654 2120 782 2176 consec,
801 2100 923 2188 legatos
941 2099 1097 2185 extemplo
1115 2114 1149 2162 13

95 2188 207 2257 binam
221 2192 391 2258 mittendos
409 2191 464 2275 qui
481 2192 603 2257 senatui
621 2192 825 2271 satisfaciant,
844 2193 922 2259 ahos
937 2194 992 2278 qui
1006 2191 1097 2259 Han-

95 2282 179 2355 ssllnli
191 2287 335 2365 nuntient,
355 2295 390 2350 ut
408 2286 578 2352 exarchum
596 2286 636 2351 ab
652 2283 796 2373 Sagtmto
814 2288 959 2364 abducat,
977 2288 1098 2373 ipsum·

95 2376 353 2463 qneHmnibalem
367 2402 407 2444 ex
420 2379 547 2444 foedere
555 2380 708 2446 Romanis
723 2379 840 2444 dedant
845 2405 854 2457 ;
873 2381 996 2445 tertiam
1011 2381 1097 2465 lega

95 2468 189 2539 docem
204 2473 244 2540 ad
260 2497 312 2541 res
332 2471 517 2560 Saguntinis
535 2473 711 2545 reddendas
729 2473 882 2539 decerno'

133 2565 193 2633 XL
224 2565 309 2639 Cum
326 2567 446 2636 Hanno
462 2578 654 2653 perorasset,
677 2567 795 2633 nemini
813 2567 954 2635 omnium
978 2575 1096 2631 certare
1115 2580 1128 2626 1

95 2661 207 2729 ntae
230 2683 303 2731 curn
320 2683 360 2727 ec
376 2683 506 2728 necesse
527 2661 603 2729 fuit:
627 2661 706 2728 adeo
727 2683 826 2748 prope
844 2662 946 2727 omnis
970 2670 1097 2727 senatus
1146 2687 1149 2691 ·

95 2751 259 2823 Hannibalis
277 2765 358 2834 erat,
381 2755 591 2840 infestiusque
614 2756 755 2824 locutum
772 2755 947 2844 arguebant
964 2731 1143 2856 Hanno-

95 2867 146 2915 tua
156 2870 249 2933 quam
261 2849 413 2919 Flaccum
422 2847 584 2916 Valerium
597 2850 683 2937 legat
683 2874 737 2915 um
746 2851 936 2921 Romanm
967 2871 1130 2935 respon·
1115 2861 1133 2908 ‘3

95 2963 146 3009 uos
155 2942 227 3011 indo
239 2943 352 3032 legatis
361 2944 514 3010 Romanis
529 2954 585 3023 est,
600 2945 719 3012 bellum
733 2956 835 3011 ortum
850 2945 890 3012 ab
901 2943 1097 3032 Saguntinis,

95 3056 139 3103 loc
150 3036 188 3103 ab
200 3037 382 3105 Hannibale
397 3061 477 3116 esse,
491 3039 644 3124 populum
652 3038 832 3107 Romanum
849 3039 965 3104 iniuste
983 3037 1097 3113 facere,

95 3127 320 3218 tiSaguntiuos
351 3133 584 3198 vetustissimae
611 3132 923 3220 Carthaginiensium
957 3131 1098 3195 societati

95 3235 251 3308 lmpfflffll·

136 3317 218 3385 Dum
244 3320 419 3387 Romanit
406 3329 530 3406 tempus
557 3331 661 3386 terunt
690 3318 899 3407 legationibus
926 3316 1132 3395 mittendis,a

95 3407 242 3492 Hannibal,
256 3414 331 3498 quia
347 3415 469 3480 fessum
486 3415 617 3480 militem
634 3415 760 3501 proeliis
774 3413 985 3500 operibusque
1001 3410 1099 3477 habe-

95 3499 147 3580 ht,
168 3529 337 3591 paucorum
363 3508 412 3574 his
436 3509 559 3575 dierum
581 3510 717 3594 quietem
740 3508 826 3573 dedit
848 3517 909 3573 stat
897 3506 1033 3572 tionibus
1057 3503 1099 3568 ad

95 3601 299 3668 mtodiam
268 3625 432 3669 vinearum
459 3604 652 3688 aliorumque
679 3626 809 3689 operum
835 3599 1084 3686 dispositisin
1083 3637 1098 3650 ·

95 3690 168 3759 ltrim
187 3695 305 3766 animos
324 3719 431 3762 eorum
450 3721 533 3763 nuno
554 3699 601 3764 ira
618 3697 651 3762 in
668 3697 768 3763 hostis
786 3693 991 3771 stimulando,
1014 3713 1098 3758 nuno

95 3802 141 3867 ⁵1³0
155 3791 358 3871 praemiorum
375 3793 525 3858 accendit.
566 3802 601 3857 ut
618 3813 693 3858 vero
711 3813 768 3877 pro
786 3789 930 3855 contione
948 3787 1097 3874 praedam
1114 3807 1132 3853 a

98 3888 187 3962 captae
202 3883 287 3952 urbia
301 3885 399 3971 edixit
416 3887 550 3952 militum
564 3886 641 3964 sore,
658 3886 736 3951 adeo
753 3884 877 3950 accensi
890 3904 1000 3948 omnes
1014 3889 1096 3958 sunt,

102 3979 134 4046 lh
150 3975 173 4040 ti
187 3982 340 4069 extemplo
359 3981 485 4069 signum
503 3982 611 4048 datum
630 3991 722 4060 esset,
742 3979 828 4045 nulla
840 3980 873 4044 vi
890 3977 995 4044 resisti
1011 3976 1098 4041 vide·
