2528 4514
145 236 211 303 140
372 251 491 307 masa
509 250 626 323 xxm,
646 251 741 308 recu
761 253 948 325 [asanaa]

110 429 126 477 ι
144 418 318 487 tenentem,
336 408 468 496 adgredi
486 409 604 475 statuit.
634 410 809 496 praemissa
821 410 920 497 igitur
935 410 995 479 leri
1011 418 1081 476 armat

144 525 226 588 quae
244 502 369 568 eliceret
386 501 486 568 hostis
505 504 546 568 ad
564 513 736 581 certamen,
768 505 910 589 equitum
930 504 1081 592 partemd

142 596 360 684 populandum
381 617 439 684 per
460 619 554 685 agros
576 598 697 684 passim
723 598 856 678 dimisit,
887 609 924 664 nt
943 599 1081 686 palantis«

110 700 264 778 sperent.
309 691 404 756 simul
429 702 462 758 et
487 692 529 757 ad
555 702 659 757 castm
685 693 840 758 tumultus
866 704 933 759 erat
954 705 987 758 et
1006 716 1081 781 perr

144 787 286 876 fugaque
303 798 335 854 et
353 788 481 867 caedes3
500 788 613 854 deinde
630 788 770 872 undique
784 788 920 859 diversis
931 788 1080 854 itineribus

143 884 179 950 in
204 892 307 948 castra
334 904 368 948 se
393 883 602 969 recepissent,
643 882 722 948 adeo
749 892 877 969 repente
905 883 1038 949 decessit
1061 906 1081 947 a

143 999 256 1065 pavor,
284 986 400 1044 utnon
417 976 459 1043 ed
476 978 671 1042 munimenta
688 977 783 1042 modo
801 976 1002 1042 defendenda
1022 977 1081 1042 satir

143 1092 268 1138 morum
290 1081 388 1149 esset,
417 1081 464 1137 set
487 1073 581 1138 etiam
604 1073 647 1137 ad
669 1071 891 1137 lacessendum
913 1071 1030 1158 proelio
1045 1071 1081 1136 ho

110 1181 125 1230 9
145 1176 312 1253 erumpunt
333 1166 431 1254 igitur
453 1166 580 1253 agmine
603 1188 620 1231 e
644 1165 754 1230 castris
778 1166 986 1251 tripudiantes
1009 1187 1081 1230 more

143 1260 369 1347 repentinaque
395 1283 503 1326 eorum
534 1261 665 1325 audacia
699 1269 849 1325 terrorem
874 1259 961 1325 hosti
990 1259 1077 1347 paulo

93 1370 126 1419 ιο
144 1353 226 1421 ultro
251 1354 420 1422 lacessenti
450 1353 593 1420 incussit.
646 1355 752 1437 itaque
783 1362 815 1419 et
843 1354 913 1440 ipse
939 1353 1081 1419 Hasdrub

144 1450 257 1515 collem
280 1448 356 1515 satis
380 1448 527 1528 arduum,
554 1458 657 1514 tutum
674 1448 804 1513 flumine
827 1449 922 1513 etiam
949 1447 1081 1526 obiecto,

144 1543 252 1630 copias
271 1542 418 1609 subducit
441 1552 473 1609 et
488 1542 697 1630 praemissam
715 1543 817 1608 levem
836 1552 1028 1608 armaturam
1044 1564 1081 1626 eq

144 1661 206 1724 que
223 1638 346 1724 palatos
367 1638 476 1704 eodem
494 1639 626 1724 recepit,
654 1660 712 1703 nec
730 1648 785 1702 aut
803 1637 874 1702 colli
892 1649 949 1702 aut
966 1637 1081 1703 flumini

92 1750 124 1797 11
143 1734 245 1800 fidens
264 1743 366 1798 castra
383 1733 467 1799 vallo
484 1734 651 1819 permunit.
696 1732 729 1797 in
751 1732 812 1797 hoc
835 1732 955 1798 alterno
978 1753 1081 1818 pavore

143 1828 262 1894 tamine
293 1827 411 1911 aliquot
442 1838 515 1892 sunt
546 1836 714 1893 contracta.
772 1849 831 1893 nec
860 1827 1001 1893 Numida
1035 1825 1081 1891 Hi

144 1944 242 2007 eques
263 1944 321 2007 par
342 1921 403 2007 fuit
424 1943 484 1987 nec
506 1922 658 1987 iaculator
678 1921 813 1988 Maurus
837 1931 990 2001 castrato,
1018 1921 1081 1987 velo

143 2016 226 2103 pari,
245 2016 357 2081 robore
376 2016 472 2081 enimi
488 2016 665 2102 viriumque
683 2017 879 2101 aliquantum
896 2015 1071 2102 praestanti

111 2127 124 2173 1
208 2110 360 2177 XXVII.
404 2110 579 2196 Postquam
606 2134 708 2197 neque
736 2112 848 2177 elicere
873 2106 1076 2176 Poenumatl

144 2218 250 2273 tamen
281 2206 439 2272 obversati
470 2207 580 2272 castris
611 2216 757 2292 poterant
786 2228 889 2291 neque
921 2219 1081 2272 castrorum

109 2302 296 2389 apugnatio
319 2300 420 2367 facilis
444 2312 526 2379 erat,
553 2300 665 2366 urbem
682 2299 839 2378 Ascuam,
867 2322 931 2384 quo
954 2301 1027 2367 finis
1043 2299 1081 2365 bo

142 2398 322 2486 ingrediens
357 2395 541 2462 Hasdrubal
577 2396 769 2460 frumentum
810 2406 1065 2479 commeatusque

144 2502 346 2570 convexerat,
365 2493 398 2556 vi
416 2491 543 2577 capiunt
561 2490 709 2574 omnique
728 2491 811 2555 circa
829 2512 906 2576 agro
923 2491 1081 2574 potiuntur

142 2586 206 2652 iam
230 2587 339 2652 autin
366 2587 491 2673 agmine
513 2585 623 2651 autin
646 2584 756 2649 castris
778 2584 843 2648 ullo
865 2584 998 2669 imperio
1021 2591 1081 2648 cont

109 2693 239 2764 equam
265 2680 320 2745 ubi
345 2680 578 2767 neglegentiam
604 2701 644 2745 ex
669 2701 718 2757 re,
750 2688 786 2743 ut
811 2678 860 2756 fit,
887 2677 969 2743 bens
995 2687 1081 2765 gesta

145 2784 286 2838 senserat
311 2773 509 2853 Hasdrubal,
538 2776 718 2841 cohortatus
745 2774 875 2851 milites,
901 2783 938 2838 ut
963 2774 1080 2859 palatos

145 2866 244 2954 signis
271 2866 378 2933 hostes
405 2868 665 2956 adgrederentur,
702 2870 872 2957 degressus
900 2867 980 2933 colle
1006 2889 1081 2954 psrg

109 2961 212 3027 racis
236 2961 390 3028 instructa
421 2965 462 3029 ad
492 2974 604 3030 castra.
657 2986 752 3048 quem
783 2973 818 3028 ut
848 2963 962 3029 adesse
987 2959 1081 3027 tumul

143 3055 245 3121 nuntii
261 3055 454 3143 refugientes
473 3080 513 3124 ex
531 3057 667 3144 speculis
691 3057 943 3142 stationibusque
966 3057 1081 3122 astula

109 3166 232 3216 barma
258 3150 486 3217 conclamatum
512 3162 569 3218 est.
614 3152 809 3236 utquisque
835 3175 923 3218 arma
945 3159 1080 3236 ceperat,

143 3244 301 3355 imperio,
319 3245 385 3312 sine
408 3247 514 3334 signo,
545 3247 722 3333 inconposit
722 3246 747 3324 i,
711 3246 977 3313 tinordinati
967 3269 1001 3310 ιιι
1027 3266 1081 3331 pro

143 3348 247 3403 ruunt.
291 3339 355 3405 iam
380 3340 474 3427 primi
500 3349 723 3407 conseruerant
749 3363 878 3418 manus,
906 3361 979 3404 cum
1006 3339 1081 3406 alii

110 3432 242 3500 suatim
259 3444 432 3513 currerent,
405 3435 512 3501 talii
534 3435 674 3500 nondum
698 3457 715 3500 e
737 3456 791 3500 cas
793 3435 849 3499 tris
872 3435 1021 3500 exissent.
1073 3442 1081 3495 t

143 3525 245 3612 primo
266 3528 337 3613 ipsa
358 3528 491 3595 audacia
512 3538 648 3594 terruere
670 3528 743 3594 host
730 3537 809 3606 tem3
837 3528 951 3593 deinde
973 3527 1034 3592 rari
1055 3526 1081 3593 in

143 3619 242 3686 fertos
260 3621 361 3701 inlati,
380 3645 453 3689 cum
471 3624 612 3710 paucitas
630 3646 742 3709 parum
755 3632 822 3688 tuta
836 3632 934 3701 esset,
953 3622 1081 3708 respicer

111 3714 223 3780 ralios
250 3725 281 3780 et
306 3717 444 3801 undique
470 3717 554 3803 pulsi
580 3717 664 3782 coire
690 3718 722 3782 in
744 3717 868 3796 orbem,
897 3727 928 3782 et
950 3717 1028 3782 dum
1050 3737 1081 3780 co

146 3809 328 3894 corporibus
356 3812 513 3897 applicant
539 3833 688 3895 armaque
715 3813 810 3878 armis
836 3813 988 3900 iungunt,
1019 3812 1054 3876 in
1077 3835 1081 3874 ι

145 3904 307 3988 conpulsi,
343 3927 415 3970 cum
445 3907 500 3970 vix
530 3907 693 3972 movendis
711 3909 820 3973 armis
853 3909 930 3974 satis
962 3907 1056 3994 spatii

109 4015 127 4067 8
146 4018 260 4065 corone
276 3999 414 4066 hostium
432 4001 525 4068 cincti
543 4002 584 4069 ad
602 4001 735 4068 multum
753 4003 815 4068 diei
837 4002 1021 4069 caeduntur.
1066 4023 1081 4068 e
