<?xml version="1.0" encoding="UTF-8"?>
<!DOCTYPE html PUBLIC "-//W3C//DTD XHTML 1.0 Transitional//EN"
    "http://www.w3.org/TR/xhtml1/DTD/xhtml1-transitional.dtd">
<html xmlns="http://www.w3.org/1999/xhtml" xml:lang="en" lang="en">
 <head>
  <title>
</title>
<meta http-equiv="Content-Type" content="text/html;charset=utf-8" />
  <meta name='ocr-system' content='tesseract 3.04.00' />
  <meta name='ocr-capabilities' content='ocr_page ocr_carea ocr_par ocr_line ocrx_word'/>
</head>
<body>
  <div class='ocr_page' id='page_1' title='image "./titiliviaburbec00weisgoog_0383.png"; bbox 0 0 2528 4530; ppageno 0'>
   <div class='ocr_carea' id='block_1_1' title="bbox 283 234 1065 320">
    <p class='ocr_par' dir='ltr' id='par_1_1' title="bbox 283 234 1065 320">
     <span class='ocr_line' id='line_1_1' title="bbox 283 234 1065 320; baseline -0.004 -16"><span class='ocrx_word' id='word_1_1' title='bbox 283 248 401 304; x_wconf 78' lang='lat' dir='ltr'><strong>ursas</strong></span> <span class='ocrx_word' id='word_1_2' title='bbox 419 248 516 320; x_wconf 80' lang='lat' dir='ltr'><strong>XXV,</strong></span> <span class='ocrx_word' id='word_1_3' title='bbox 533 249 577 304; x_wconf 74' lang='lat' dir='ltr'><strong>ro.</strong></span> <span class='ocrx_word' id='word_1_4' title='bbox 590 246 634 302; x_wconf 82' lang='lat'><strong>41.</strong></span> <span class='ocrx_word' id='word_1_5' title='bbox 653 250 690 318; x_wconf 73' lang='lat' dir='ltr'><strong>[a.</strong></span> <span class='ocrx_word' id='word_1_6' title='bbox 701 246 732 304; x_wconf 87' lang='lat' dir='ltr'><strong>c.</strong></span> <span class='ocrx_word' id='word_1_7' title='bbox 741 249 805 319; x_wconf 76' lang='lat'>212]</span> <span class='ocrx_word' id='word_1_8' title='bbox 1000 234 1065 302; x_wconf 81' lang='lat'><strong>263</strong></span> 
     </span>
    </p>
   </div>
   <div class='ocr_carea' id='block_1_2' title="bbox 79 403 1177 3785">
    <p class='ocr_par' dir='ltr' id='par_1_2' title="bbox 80 403 1118 868">
     <span class='ocr_line' id='line_1_2' title="bbox 80 403 1065 498; baseline -0.003 -24"><span class='ocrx_word' id='word_1_9' title='bbox 80 429 223 498; x_wconf 78' lang='lat' dir='ltr'><strong>generem</strong></span> <span class='ocrx_word' id='word_1_10' title='bbox 247 403 365 472; x_wconf 85' lang='lat' dir='ltr'><strong>Afrum</strong></span> <span class='ocrx_word' id='word_1_11' title='bbox 389 404 570 491; x_wconf 89' lang='lat' dir='ltr'><strong>imperatori</strong></span> <span class='ocrx_word' id='word_1_12' title='bbox 597 403 864 492; x_wconf 85' lang='lat' dir='ltr'><strong>Carthaginiensi,</strong></span> <span class='ocrx_word' id='word_1_13' title='bbox 900 406 998 473; x_wconf 90' lang='lat' dir='ltr'><strong>misso</strong></span> <span class='ocrx_word' id='word_1_14' title='bbox 1025 405 1065 472; x_wconf 92' lang='lat' dir='ltr'><strong>ab</strong></span> 
     </span>
     <span class='ocr_line' id='line_1_3' title="bbox 80 497 1118 588; baseline -0.008 -20"><span class='ocrx_word' id='word_1_15' title='bbox 80 516 145 568; x_wconf 88' lang='lat' dir='ltr'><strong>natu</strong></span> <span class='ocrx_word' id='word_1_16' title='bbox 166 497 362 588; x_wconf 76' lang='lat' dir='ltr'><strong>populoque!</strong></span> <span class='ocrx_word' id='word_1_17' title='bbox 397 501 425 564; x_wconf 89' lang='lat' dir='ltr'><strong>is</strong></span> <span class='ocrx_word' id='word_1_18' title='bbox 446 499 582 586; x_wconf 86' lang='lat' dir='ltr'><strong>perpulit</strong></span> <span class='ocrx_word' id='word_1_19' title='bbox 603 509 802 565; x_wconf 79' lang='lat' dir='ltr'><strong>cunctantem</strong></span> <span class='ocrx_word' id='word_1_20' title='bbox 823 499 1002 586; x_wconf 80' lang='lat' dir='ltr'>Epicyden,</span> <span class='ocrx_word' id='word_1_21' title='bbox 1029 511 1065 565; x_wconf 91' lang='lat' dir='ltr'><strong>ut</strong></span> <span class='ocrx_word' id='word_1_22' title='bbox 1084 510 1118 561; x_wconf 73' lang='lat'><strong>18</strong></span> 
     </span>
     <span class='ocr_line' id='line_1_4' title="bbox 80 592 1064 683; baseline -0.005 -21"><span class='ocrx_word' id='word_1_23' title='bbox 80 597 222 683; x_wconf 83' lang='lat' dir='ltr'><strong>usgressi</strong></span> <span class='ocrx_word' id='word_1_24' title='bbox 248 594 366 659; x_wconf 87' lang='lat' dir='ltr'><strong>flumen</strong></span> <span class='ocrx_word' id='word_1_25' title='bbox 391 594 425 658; x_wconf 93' lang='lat' dir='ltr'><strong>in</strong></span> <span class='ocrx_word' id='word_1_26' title='bbox 451 593 551 658; x_wconf 82' lang='lat' dir='ltr'><strong>aciem</strong></span> <span class='ocrx_word' id='word_1_27' title='bbox 577 593 710 659; x_wconf 83' lang='lat' dir='ltr'><strong>exirent:</strong></span> <span class='ocrx_word' id='word_1_28' title='bbox 745 617 819 659; x_wconf 90' lang='lat' dir='ltr'><strong>nam</strong></span> <span class='ocrx_word' id='word_1_29' title='bbox 846 594 873 659; x_wconf 93' lang='lat' dir='ltr'><strong>si</strong></span> <span class='ocrx_word' id='word_1_30' title='bbox 894 592 1064 659; x_wconf 82' lang='lat' dir='ltr'><strong>Muttinem</strong></span> 
     </span>
     <span class='ocr_line' id='line_1_5' title="bbox 80 687 1065 776; baseline -0.003 -21"><span class='ocrx_word' id='word_1_31' title='bbox 80 691 250 776; x_wconf 86' lang='lat' dir='ltr'><strong>perirentur</strong></span> <span class='ocrx_word' id='word_1_32' title='bbox 272 699 303 754; x_wconf 90' lang='lat' dir='ltr'><strong>et</strong></span> <span class='ocrx_word' id='word_1_33' title='bbox 326 688 465 753; x_wconf 88' lang='lat' dir='ltr'><strong>secunda</strong></span> <span class='ocrx_word' id='word_1_34' title='bbox 484 709 610 774; x_wconf 83' lang='lat' dir='ltr'>pugnae</span> <span class='ocrx_word' id='word_1_35' title='bbox 632 687 763 753; x_wconf 71' lang='lat' dir='ltr'><strong>furtum</strong></span> <span class='ocrx_word' id='word_1_36' title='bbox 784 689 954 767; x_wconf 86' lang='lat' dir='ltr'><strong>evenisset,</strong></span> <span class='ocrx_word' id='word_1_37' title='bbox 981 687 1065 754; x_wconf 88' lang='lat' dir='ltr'><strong>haud</strong></span> 
     </span>
     <span class='ocr_line' id='line_1_6' title="bbox 80 780 672 868; baseline -0.007 -19"><span class='ocrx_word' id='word_1_38' title='bbox 80 784 128 850; x_wconf 89' lang='lat' dir='ltr'><strong>bie</strong></span> <span class='ocrx_word' id='word_1_39' title='bbox 144 783 293 848; x_wconf 85' lang='lat' dir='ltr'><strong>Muttinis</strong></span> <span class='ocrx_word' id='word_1_40' title='bbox 310 781 443 868; x_wconf 75' lang='lat' dir='ltr'><strong>gloriam</strong></span> <span class='ocrx_word' id='word_1_41' title='bbox 461 780 537 847; x_wconf 84' lang='lat' dir='ltr'><strong>fore.</strong></span> <span class='ocrx_word' id='word_1_42' title='bbox 670 860 672 865; x_wconf 21' lang='grc' dir='ltr'>Ι</span> 
     </span>
    </p>

    <p class='ocr_par' dir='ltr' id='par_1_3' title="bbox 79 873 1177 3785">
     <span class='ocr_line' id='line_1_7' title="bbox 123 873 1098 962; baseline 0.001 -20"><span class='ocrx_word' id='word_1_43' title='bbox 123 876 299 942; x_wconf 85' lang='lat' dir='ltr'>XXXXI.</span> <span class='ocrx_word' id='word_1_44' title='bbox 356 874 528 941; x_wconf 85' lang='lat' dir='ltr'><strong>Enimvero</strong></span> <span class='ocrx_word' id='word_1_45' title='bbox 563 874 728 962; x_wconf 89' lang='lat' dir='ltr'><strong>indignum</strong></span> <span class='ocrx_word' id='word_1_46' title='bbox 761 885 847 940; x_wconf 88' lang='lat' dir='ltr'><strong>ratus</strong></span> <span class='ocrx_word' id='word_1_47' title='bbox 882 873 1098 954; x_wconf 71' lang='lat' dir='ltr'><strong>Marcellusl</strong></span> 
     </span>
     <span class='ocr_line' id='line_1_8' title="bbox 86 966 1064 1055; baseline 0 -20"><span class='ocrx_word' id='word_1_48' title='bbox 86 1020 94 1049; x_wconf 92' lang='lat'><strong>,</strong></span> <span class='ocrx_word' id='word_1_49' title='bbox 123 973 177 1055; x_wconf 91' lang='lat' dir='ltr'><strong>qui</strong></span> <span class='ocrx_word' id='word_1_50' title='bbox 211 969 425 1035; x_wconf 89' lang='lat' dir='ltr'><strong>Hannibalem</strong></span> <span class='ocrx_word' id='word_1_51' title='bbox 459 968 629 1034; x_wconf 86' lang='lat' dir='ltr'><strong>subnixum</strong></span> <span class='ocrx_word' id='word_1_52' title='bbox 667 968 797 1034; x_wconf 86' lang='lat' dir='ltr'><strong>victoria</strong></span> <span class='ocrx_word' id='word_1_53' title='bbox 829 966 990 1035; x_wconf 79' lang='lat' dir='ltr'><strong>Cannensi</strong></span> <span class='ocrx_word' id='word_1_54' title='bbox 1024 969 1064 1035; x_wconf 91' lang='lat' dir='ltr'><strong>ab</strong></span> 
     </span>
     <span class='ocr_line' id='line_1_9' title="bbox 80 1060 1065 1150; baseline -0.002 -20"><span class='ocrx_word' id='word_1_55' title='bbox 80 1066 116 1130; x_wconf 89' lang='lat' dir='ltr'><strong>ola</strong></span> <span class='ocrx_word' id='word_1_56' title='bbox 137 1064 340 1150; x_wconf 88' lang='lat' dir='ltr'><strong>reppulisset,</strong></span> <span class='ocrx_word' id='word_1_57' title='bbox 376 1063 425 1128; x_wconf 91' lang='lat' dir='ltr'><strong>his</strong></span> <span class='ocrx_word' id='word_1_58' title='bbox 453 1072 535 1127; x_wconf 90' lang='lat' dir='ltr'><strong>terra</strong></span> <span class='ocrx_word' id='word_1_59' title='bbox 561 1063 701 1146; x_wconf 90' lang='lat' dir='ltr'><strong>marique</strong></span> <span class='ocrx_word' id='word_1_60' title='bbox 726 1062 817 1127; x_wconf 85' lang='lat' dir='ltr'><strong>victis</strong></span> <span class='ocrx_word' id='word_1_61' title='bbox 840 1060 880 1127; x_wconf 92' lang='lat' dir='ltr'><strong>ab</strong></span> <span class='ocrx_word' id='word_1_62' title='bbox 903 1085 938 1129; x_wconf 92' lang='lat' dir='ltr'><strong>se</strong></span> <span class='ocrx_word' id='word_1_63' title='bbox 968 1063 1065 1129; x_wconf 92' lang='lat' dir='ltr'><strong>hosti-</strong></span> 
     </span>
     <span class='ocr_line' id='line_1_10' title="bbox 80 1155 1065 1242; baseline -0.004 -17"><span class='ocrx_word' id='word_1_64' title='bbox 80 1182 101 1225; x_wconf 86' lang='lat' dir='ltr'><strong>1s</strong></span> <span class='ocrx_word' id='word_1_65' title='bbox 129 1161 259 1237; x_wconf 86' lang='lat' dir='ltr'><strong>cedere,</strong></span> <span class='ocrx_word' id='word_1_66' title='bbox 304 1180 391 1222; x_wconf 91' lang='lat' dir='ltr'><strong>arma</strong></span> <span class='ocrx_word' id='word_1_67' title='bbox 428 1178 560 1242; x_wconf 88' lang='lat' dir='ltr'><strong>propere</strong></span> <span class='ocrx_word' id='word_1_68' title='bbox 596 1178 707 1241; x_wconf 88' lang='lat' dir='ltr'><strong>capere</strong></span> <span class='ocrx_word' id='word_1_69' title='bbox 746 1155 860 1222; x_wconf 85' lang='lat' dir='ltr'><strong>milites</strong></span> <span class='ocrx_word' id='word_1_70' title='bbox 896 1165 927 1222; x_wconf 89' lang='lat' dir='ltr'><strong>et</strong></span> <span class='ocrx_word' id='word_1_71' title='bbox 962 1157 1065 1221; x_wconf 88' lang='lat' dir='ltr'><strong>efferri</strong></span> 
     </span>
     <span class='ocr_line' id='line_1_11' title="bbox 80 1249 1099 1338; baseline -0.001 -21"><span class='ocrx_word' id='word_1_72' title='bbox 80 1275 125 1338; x_wconf 84' lang='lat' dir='ltr'><strong>gna</strong></span> <span class='ocrx_word' id='word_1_73' title='bbox 149 1251 247 1317; x_wconf 88' lang='lat' dir='ltr'><strong>iubet.</strong></span> <span class='ocrx_word' id='word_1_74' title='bbox 298 1253 471 1317; x_wconf 87' lang='lat' dir='ltr'><strong>instruente</strong></span> <span class='ocrx_word' id='word_1_75' title='bbox 503 1249 673 1315; x_wconf 90' lang='lat' dir='ltr'><strong>exercitum</strong></span> <span class='ocrx_word' id='word_1_76' title='bbox 700 1250 809 1315; x_wconf 89' lang='lat' dir='ltr'><strong>decem</strong></span> <span class='ocrx_word' id='word_1_77' title='bbox 839 1250 948 1316; x_wconf 88' lang='lat' dir='ltr'><strong>effusis</strong></span> <span class='ocrx_word' id='word_1_78' title='bbox 975 1250 1099 1334; x_wconf 79' lang='lat' dir='ltr'><strong>equisa</strong></span> 
     </span>
     <span class='ocr_line' id='line_1_12' title="bbox 80 1343 1065 1431; baseline -0.001 -22"><span class='ocrx_word' id='word_1_79' title='bbox 80 1346 180 1411; x_wconf 87' lang='lat' dir='ltr'><strong>lvolant</strong></span> <span class='ocrx_word' id='word_1_80' title='bbox 213 1368 253 1410; x_wconf 85' lang='lat' dir='ltr'><strong>ex</strong></span> <span class='ocrx_word' id='word_1_81' title='bbox 282 1344 420 1411; x_wconf 92' lang='lat' dir='ltr'><strong>hostium</strong></span> <span class='ocrx_word' id='word_1_82' title='bbox 454 1345 522 1409; x_wconf 90' lang='lat' dir='ltr'><strong>acie</strong></span> <span class='ocrx_word' id='word_1_83' title='bbox 544 1343 717 1423; x_wconf 85' lang='lat' dir='ltr'><strong>Numidae,</strong></span> <span class='ocrx_word' id='word_1_84' title='bbox 758 1343 937 1409; x_wconf 88' lang='lat' dir='ltr'><strong>nuntiantes</strong></span> <span class='ocrx_word' id='word_1_85' title='bbox 964 1366 1065 1431; x_wconf 92' lang='lat' dir='ltr'><strong>popu-</strong></span> 
     </span>
     <span class='ocr_line' id='line_1_13' title="bbox 80 1436 1064 1526; baseline -0.004 -21"><span class='ocrx_word' id='word_1_86' title='bbox 80 1461 116 1505; x_wconf 82' lang='lat' dir='ltr'><strong>res</strong></span> <span class='ocrx_word' id='word_1_87' title='bbox 140 1462 229 1517; x_wconf 90' lang='lat' dir='ltr'><strong>suos,</strong></span> <span class='ocrx_word' id='word_1_88' title='bbox 265 1440 401 1526; x_wconf 85' lang='lat' dir='ltr'><strong>primum</strong></span> <span class='ocrx_word' id='word_1_89' title='bbox 432 1460 470 1504; x_wconf 86' lang='lat' dir='ltr'><strong>ea</strong></span> <span class='ocrx_word' id='word_1_90' title='bbox 501 1438 653 1504; x_wconf 90' lang='lat' dir='ltr'><strong>seditione</strong></span> <span class='ocrx_word' id='word_1_91' title='bbox 683 1446 804 1516; x_wconf 90' lang='lat' dir='ltr'><strong>motos,</strong></span> <span class='ocrx_word' id='word_1_92' title='bbox 841 1459 904 1522; x_wconf 90' lang='lat' dir='ltr'><strong>qua</strong></span> <span class='ocrx_word' id='word_1_93' title='bbox 935 1436 1064 1503; x_wconf 84' lang='lat' dir='ltr'><strong>trecenti</strong></span> 
     </span>
     <span class='ocr_line' id='line_1_14' title="bbox 80 1531 1098 1618; baseline 0.001 -21"><span class='ocrx_word' id='word_1_94' title='bbox 80 1556 220 1600; x_wconf 64' lang='lat' dir='ltr'><strong>(numero</strong></span> <span class='ocrx_word' id='word_1_95' title='bbox 239 1556 296 1598; x_wconf 90' lang='lat' dir='ltr'><strong>suo</strong></span> <span class='ocrx_word' id='word_1_96' title='bbox 318 1532 530 1599; x_wconf 88' lang='lat' dir='ltr'><strong>concesserint</strong></span> <span class='ocrx_word' id='word_1_97' title='bbox 547 1531 750 1611; x_wconf 88' lang='lat' dir='ltr'><strong>Heracleam,</strong></span> <span class='ocrx_word' id='word_1_98' title='bbox 778 1532 851 1597; x_wconf 91' lang='lat' dir='ltr'><strong>dein</strong></span> <span class='ocrx_word' id='word_1_99' title='bbox 872 1533 957 1617; x_wconf 87' lang='lat' dir='ltr'><strong>quod</strong></span> <span class='ocrx_word' id='word_1_100' title='bbox 974 1551 1098 1618; x_wconf 80' lang='lat' dir='ltr'><strong>prae-a</strong></span> 
     </span>
     <span class='ocr_line' id='line_1_15' title="bbox 80 1625 1063 1712; baseline 0 -21"><span class='ocrx_word' id='word_1_101' title='bbox 80 1636 150 1692; x_wconf 83' lang='lat' dir='ltr'><strong>etum</strong></span> <span class='ocrx_word' id='word_1_102' title='bbox 173 1651 267 1693; x_wconf 92' lang='lat' dir='ltr'><strong>suum</strong></span> <span class='ocrx_word' id='word_1_103' title='bbox 289 1627 329 1692; x_wconf 92' lang='lat' dir='ltr'><strong>ab</strong></span> <span class='ocrx_word' id='word_1_104' title='bbox 353 1625 598 1693; x_wconf 85' lang='lat' dir='ltr'><strong>obtrectantibus</strong></span> <span class='ocrx_word' id='word_1_105' title='bbox 621 1625 754 1691; x_wconf 87' lang='lat' dir='ltr'><strong>ducibus</strong></span> <span class='ocrx_word' id='word_1_106' title='bbox 776 1625 895 1712; x_wconf 85' lang='lat' dir='ltr'><strong>gloriae</strong></span> <span class='ocrx_word' id='word_1_107' title='bbox 917 1627 984 1691; x_wconf 90' lang='lat' dir='ltr'><strong>eius</strong></span> <span class='ocrx_word' id='word_1_108' title='bbox 1004 1625 1063 1691; x_wconf 93' lang='lat' dir='ltr'><strong>sub</strong></span> 
     </span>
     <span class='ocr_line' id='line_1_16' title="bbox 82 1718 1174 1806; baseline -0.001 -21"><span class='ocrx_word' id='word_1_109' title='bbox 82 1743 136 1787; x_wconf 89' lang='lat' dir='ltr'><strong>sam</strong></span> <span class='ocrx_word' id='word_1_110' title='bbox 160 1721 337 1786; x_wconf 87' lang='lat' dir='ltr'><strong>certaminis</strong></span> <span class='ocrx_word' id='word_1_111' title='bbox 364 1721 448 1786; x_wconf 91' lang='lat' dir='ltr'><strong>diem</strong></span> <span class='ocrx_word' id='word_1_112' title='bbox 474 1718 655 1806; x_wconf 89' lang='lat' dir='ltr'><strong>ablegatum</strong></span> <span class='ocrx_word' id='word_1_113' title='bbox 680 1719 821 1797; x_wconf 87' lang='lat' dir='ltr'><strong>videant,</strong></span> <span class='ocrx_word' id='word_1_114' title='bbox 848 1719 1008 1803; x_wconf 90' lang='lat' dir='ltr'><strong>quieturos</strong></span> <span class='ocrx_word' id='word_1_115' title='bbox 1030 1719 1063 1785; x_wconf 91' lang='lat' dir='ltr'><strong>in</strong></span> <span class='ocrx_word' id='word_1_116' title='bbox 1166 1748 1174 1768; x_wconf 89' lang='lat'><strong>·</strong></span> 
     </span>
     <span class='ocr_line' id='line_1_17' title="bbox 80 1813 1098 1902; baseline -0.001 -21"><span class='ocrx_word' id='word_1_117' title='bbox 80 1837 148 1900; x_wconf 74' lang='lat' dir='ltr'><strong>lgna.</strong></span> <span class='ocrx_word' id='word_1_118' title='bbox 192 1838 272 1902; x_wconf 86' lang='lat' dir='ltr'><strong>gens</strong></span> <span class='ocrx_word' id='word_1_119' title='bbox 307 1814 405 1880; x_wconf 83' lang='lat' dir='ltr'><strong>fallax</strong></span> <span class='ocrx_word' id='word_1_120' title='bbox 438 1814 585 1900; x_wconf 89' lang='lat' dir='ltr'><strong>promissi</strong></span> <span class='ocrx_word' id='word_1_121' title='bbox 618 1813 714 1879; x_wconf 91' lang='lat' dir='ltr'><strong>fidem</strong></span> <span class='ocrx_word' id='word_1_122' title='bbox 748 1815 911 1900; x_wconf 84' lang='lat' dir='ltr'><strong>praestitit</strong></span> <span class='ocrx_word' id='word_1_123' title='bbox 956 1815 1098 1899; x_wconf 80' lang='lat' dir='ltr'><strong>itaque4</strong></span> 
     </span>
     <span class='ocr_line' id='line_1_18' title="bbox 80 1908 1062 1994; baseline -0.002 -18"><span class='ocrx_word' id='word_1_124' title='bbox 80 1908 241 1976; x_wconf 71' lang='lat' dir='ltr'><strong>=Romanis</strong></span> <span class='ocrx_word' id='word_1_125' title='bbox 277 1909 375 1975; x_wconf 86' lang='lat' dir='ltr'><strong>crevit</strong></span> <span class='ocrx_word' id='word_1_126' title='bbox 409 1909 531 1973; x_wconf 89' lang='lat' dir='ltr'><strong>animus</strong></span> <span class='ocrx_word' id='word_1_127' title='bbox 571 1909 681 1974; x_wconf 94' lang='lat' dir='ltr'><strong>nuntio</strong></span> <span class='ocrx_word' id='word_1_128' title='bbox 716 1908 809 1974; x_wconf 84' lang='lat' dir='ltr'><strong>celeri</strong></span> <span class='ocrx_word' id='word_1_129' title='bbox 846 1930 904 1994; x_wconf 88' lang='lat' dir='ltr'><strong>per</strong></span> <span class='ocrx_word' id='word_1_130' title='bbox 938 1909 1062 1975; x_wconf 90' lang='lat' dir='ltr'><strong>ordines</strong></span> 
     </span>
     <span class='ocr_line' id='line_1_19' title="bbox 80 2001 1063 2087; baseline 0.006 -23"><span class='ocrx_word' id='word_1_131' title='bbox 80 2001 144 2083; x_wconf 85' lang='lat' dir='ltr'><strong>isso,</strong></span> <span class='ocrx_word' id='word_1_132' title='bbox 171 2005 355 2070; x_wconf 89' lang='lat' dir='ltr'><strong>destitutum</strong></span> <span class='ocrx_word' id='word_1_133' title='bbox 373 2002 413 2068; x_wconf 89' lang='lat' dir='ltr'><strong>ab</strong></span> <span class='ocrx_word' id='word_1_134' title='bbox 432 2004 535 2087; x_wconf 91' lang='lat' dir='ltr'><strong>equite</strong></span> <span class='ocrx_word' id='word_1_135' title='bbox 557 2002 681 2068; x_wconf 89' lang='lat' dir='ltr'><strong>hostem</strong></span> <span class='ocrx_word' id='word_1_136' title='bbox 704 2024 788 2081; x_wconf 90' lang='lat' dir='ltr'><strong>esse,</strong></span> <span class='ocrx_word' id='word_1_137' title='bbox 815 2025 910 2087; x_wconf 92' lang='lat' dir='ltr'><strong>quem</strong></span> <span class='ocrx_word' id='word_1_138' title='bbox 927 2005 1063 2071; x_wconf 87' lang='lat' dir='ltr'><strong>maxime</strong></span> 
     </span>
     <span class='ocr_line' id='line_1_20' title="bbox 80 2097 1097 2185; baseline 0.003 -25"><span class='ocrx_word' id='word_1_139' title='bbox 80 2110 216 2177; x_wconf 79' lang='lat' dir='ltr'><strong>eruerant,</strong></span> <span class='ocrx_word' id='word_1_140' title='bbox 253 2108 283 2163; x_wconf 92' lang='lat' dir='ltr'><strong>et</strong></span> <span class='ocrx_word' id='word_1_141' title='bbox 309 2097 407 2162; x_wconf 90' lang='lat' dir='ltr'><strong>territi</strong></span> <span class='ocrx_word' id='word_1_142' title='bbox 432 2097 557 2175; x_wconf 90' lang='lat' dir='ltr'><strong>hostes,</strong></span> <span class='ocrx_word' id='word_1_143' title='bbox 592 2106 811 2183; x_wconf 87' lang='lat' dir='ltr'><strong>praeterquam</strong></span> <span class='ocrx_word' id='word_1_144' title='bbox 841 2097 926 2182; x_wconf 86' lang='lat' dir='ltr'><strong>quod</strong></span> <span class='ocrx_word' id='word_1_145' title='bbox 952 2097 1097 2185; x_wconf 82' lang='lat' dir='ltr'><strong>(quia)5</strong></span> 
     </span>
     <span class='ocr_line' id='line_1_21' title="bbox 80 2190 1062 2279; baseline 0.002 -21"><span class='ocrx_word' id='word_1_146' title='bbox 80 2194 168 2259; x_wconf 74' lang='lat' dir='ltr'><strong>amma</strong></span> <span class='ocrx_word' id='word_1_147' title='bbox 199 2205 287 2279; x_wconf 84' lang='lat' dir='ltr'><strong>parte</strong></span> <span class='ocrx_word' id='word_1_148' title='bbox 319 2192 433 2256; x_wconf 87' lang='lat' dir='ltr'><strong>virium</strong></span> <span class='ocrx_word' id='word_1_149' title='bbox 464 2215 592 2258; x_wconf 88' lang='lat' dir='ltr'><strong>suarum</strong></span> <span class='ocrx_word' id='word_1_150' title='bbox 621 2214 685 2256; x_wconf 91' lang='lat' dir='ltr'><strong>non</strong></span> <span class='ocrx_word' id='word_1_151' title='bbox 715 2190 915 2269; x_wconf 86' lang='lat' dir='ltr'><strong>iuvabantur,</strong></span> <span class='ocrx_word' id='word_1_152' title='bbox 952 2194 1062 2260; x_wconf 91' lang='lat' dir='ltr'><strong>timore</strong></span> 
     </span>
     <span class='ocr_line' id='line_1_22' title="bbox 80 2285 1063 2372; baseline 0.001 -21"><span class='ocrx_word' id='word_1_153' title='bbox 80 2285 127 2353; x_wconf 76' lang='lat' dir='ltr'><strong>am</strong></span> <span class='ocrx_word' id='word_1_154' title='bbox 156 2290 298 2365; x_wconf 89' lang='lat' dir='ltr'><strong>incusso,</strong></span> <span class='ocrx_word' id='word_1_155' title='bbox 334 2310 374 2352; x_wconf 92' lang='lat' dir='ltr'><strong>ne</strong></span> <span class='ocrx_word' id='word_1_156' title='bbox 405 2287 445 2351; x_wconf 91' lang='lat' dir='ltr'><strong>ab</strong></span> <span class='ocrx_word' id='word_1_157' title='bbox 477 2296 601 2352; x_wconf 92' lang='lat' dir='ltr'><strong>suomet</strong></span> <span class='ocrx_word' id='word_1_158' title='bbox 626 2286 688 2371; x_wconf 92' lang='lat' dir='ltr'><strong>ipsi</strong></span> <span class='ocrx_word' id='word_1_159' title='bbox 714 2285 818 2370; x_wconf 87' lang='lat' dir='ltr'><strong>equite</strong></span> <span class='ocrx_word' id='word_1_160' title='bbox 844 2307 1063 2372; x_wconf 86' lang='lat' dir='ltr'><strong>oppugnaren-</strong></span> 
     </span>
     <span class='ocr_line' id='line_1_23' title="bbox 80 2380 1096 2469; baseline 0.004 -24"><span class='ocrx_word' id='word_1_161' title='bbox 80 2404 94 2447; x_wconf 66' lang='grc' dir='ltr'><strong>Γ.</strong></span> <span class='ocrx_word' id='word_1_162' title='bbox 134 2384 240 2467; x_wconf 88' lang='lat' dir='ltr'><strong>itaque</strong></span> <span class='ocrx_word' id='word_1_163' title='bbox 261 2383 347 2447; x_wconf 90' lang='lat' dir='ltr'><strong>haud</strong></span> <span class='ocrx_word' id='word_1_164' title='bbox 368 2383 474 2469; x_wconf 88' lang='lat' dir='ltr'><strong>magni</strong></span> <span class='ocrx_word' id='word_1_165' title='bbox 496 2380 673 2447; x_wconf 85' lang='lat' dir='ltr'><strong>certaminis</strong></span> <span class='ocrx_word' id='word_1_166' title='bbox 695 2380 768 2458; x_wconf 87' lang='lat' dir='ltr'><strong>fuit,</strong></span> <span class='ocrx_word' id='word_1_167' title='bbox 804 2380 922 2465; x_wconf 88' lang='lat' dir='ltr'><strong>primus</strong></span> <span class='ocrx_word' id='word_1_168' title='bbox 945 2381 1096 2450; x_wconf 77' lang='lat' dir='ltr'><strong>clamore</strong></span> 
     </span>
     <span class='ocr_line' id='line_1_24' title="bbox 80 2474 1062 2563; baseline -0.001 -22"><span class='ocrx_word' id='word_1_169' title='bbox 80 2497 125 2559; x_wconf 69' lang='lat' dir='ltr'><strong>lue</strong></span> <span class='ocrx_word' id='word_1_170' title='bbox 147 2479 282 2563; x_wconf 91' lang='lat' dir='ltr'><strong>impetus</strong></span> <span class='ocrx_word' id='word_1_171' title='bbox 304 2498 371 2541; x_wconf 91' lang='lat' dir='ltr'><strong>rem</strong></span> <span class='ocrx_word' id='word_1_172' title='bbox 394 2476 540 2541; x_wconf 87' lang='lat' dir='ltr'><strong>decrevit.</strong></span> <span class='ocrx_word' id='word_1_173' title='bbox 584 2474 739 2541; x_wconf 89' lang='lat' dir='ltr'><strong>Numidae</strong></span> <span class='ocrx_word' id='word_1_174' title='bbox 763 2496 835 2539; x_wconf 88' lang='lat' dir='ltr'><strong>eum</strong></span> <span class='ocrx_word' id='word_1_175' title='bbox 855 2474 889 2538; x_wconf 92' lang='lat' dir='ltr'><strong>in</strong></span> <span class='ocrx_word' id='word_1_176' title='bbox 907 2495 1062 2540; x_wconf 90' lang='lat' dir='ltr'><strong>concursu</strong></span> 
     </span>
     <span class='ocr_line' id='line_1_25' title="bbox 80 2567 1063 2654; baseline 0 -20"><span class='ocrx_word' id='word_1_177' title='bbox 80 2572 127 2636; x_wconf 89' lang='lat' dir='ltr'><strong>ieti</strong></span> <span class='ocrx_word' id='word_1_178' title='bbox 154 2572 314 2637; x_wconf 83' lang='lat' dir='ltr'><strong>stetissent</strong></span> <span class='ocrx_word' id='word_1_179' title='bbox 335 2570 367 2635; x_wconf 93' lang='lat' dir='ltr'><strong>in</strong></span> <span class='ocrx_word' id='word_1_180' title='bbox 389 2570 551 2647; x_wconf 87' lang='lat' dir='ltr'><strong>comibus,</strong></span> <span class='ocrx_word' id='word_1_181' title='bbox 579 2578 615 2633; x_wconf 91' lang='lat' dir='ltr'><strong>ut</strong></span> <span class='ocrx_word' id='word_1_182' title='bbox 636 2578 726 2654; x_wconf 91' lang='lat' dir='ltr'><strong>terga</strong></span> <span class='ocrx_word' id='word_1_183' title='bbox 746 2567 849 2632; x_wconf 91' lang='lat' dir='ltr'><strong>dantis</strong></span> <span class='ocrx_word' id='word_1_184' title='bbox 873 2589 948 2633; x_wconf 90' lang='lat' dir='ltr'><strong>suos</strong></span> <span class='ocrx_word' id='word_1_185' title='bbox 974 2568 1063 2634; x_wconf 85' lang='lat' dir='ltr'><strong>vide-</strong></span> 
     </span>
     <span class='ocr_line' id='line_1_26' title="bbox 80 2661 1097 2752; baseline 0.004 -24"><span class='ocrx_word' id='word_1_186' title='bbox 80 2674 117 2744; x_wconf 91' lang='lat' dir='ltr'><strong>nt,</strong></span> <span class='ocrx_word' id='word_1_187' title='bbox 152 2665 249 2752; x_wconf 85' lang='lat' dir='ltr'><strong>fugae</strong></span> <span class='ocrx_word' id='word_1_188' title='bbox 275 2673 397 2730; x_wconf 89' lang='lat' dir='ltr'><strong>tantum</strong></span> <span class='ocrx_word' id='word_1_189' title='bbox 423 2685 592 2749; x_wconf 88' lang='lat' dir='ltr'><strong>parumper</strong></span> <span class='ocrx_word' id='word_1_190' title='bbox 617 2662 746 2728; x_wconf 90' lang='lat' dir='ltr'><strong>comites</strong></span> <span class='ocrx_word' id='word_1_191' title='bbox 772 2661 862 2741; x_wconf 85' lang='lat' dir='ltr'><strong>facti,</strong></span> <span class='ocrx_word' id='word_1_192' title='bbox 893 2671 1097 2749; x_wconf 61' lang='lat' dir='ltr'><strong>postquam?</strong></span> 
     </span>
     <span class='ocr_line' id='line_1_27' title="bbox 80 2756 1060 2844; baseline 0 -22"><span class='ocrx_word' id='word_1_193' title='bbox 80 2780 140 2825; x_wconf 86' lang='lat' dir='ltr'><strong>mes</strong></span> <span class='ocrx_word' id='word_1_194' title='bbox 167 2759 379 2844; x_wconf 84' lang='lat' dir='ltr'><strong>Agrigentum</strong></span> <span class='ocrx_word' id='word_1_195' title='bbox 415 2757 535 2843; x_wconf 91' lang='lat' dir='ltr'><strong>trepido</strong></span> <span class='ocrx_word' id='word_1_196' title='bbox 570 2756 695 2844; x_wconf 89' lang='lat' dir='ltr'><strong>agmine</strong></span> <span class='ocrx_word' id='word_1_197' title='bbox 729 2764 871 2842; x_wconf 91' lang='lat' dir='ltr'><strong>petentes</strong></span> <span class='ocrx_word' id='word_1_198' title='bbox 906 2756 1060 2836; x_wconf 81' lang='lat' dir='ltr'><strong>viderunt,</strong></span> 
     </span>
     <span class='ocr_line' id='line_1_28' title="bbox 81 2846 1177 2937; baseline -0.002 -19"><span class='ocrx_word' id='word_1_199' title='bbox 81 2853 92 2917; x_wconf 91' lang='lat' dir='ltr'><strong>i</strong></span> <span class='ocrx_word' id='word_1_200' title='bbox 108 2864 196 2918; x_wconf 91' lang='lat' dir='ltr'><strong>metu</strong></span> <span class='ocrx_word' id='word_1_201' title='bbox 214 2853 385 2918; x_wconf 92' lang='lat' dir='ltr'><strong>obsidionis</strong></span> <span class='ocrx_word' id='word_1_202' title='bbox 403 2851 523 2937; x_wconf 86' lang='lat' dir='ltr'><strong>passim</strong></span> <span class='ocrx_word' id='word_1_203' title='bbox 540 2851 574 2916; x_wconf 91' lang='lat' dir='ltr'><strong>in</strong></span> <span class='ocrx_word' id='word_1_204' title='bbox 592 2851 726 2918; x_wconf 87' lang='lat' dir='ltr'><strong>civitatis</strong></span> <span class='ocrx_word' id='word_1_205' title='bbox 748 2872 919 2937; x_wconf 89' lang='lat' dir='ltr'><strong>proxumas</strong></span> <span class='ocrx_word' id='word_1_206' title='bbox 937 2851 1061 2937; x_wconf 85' lang='lat' dir='ltr'><strong>dilapsi.</strong></span> <span class='ocrx_word' id='word_1_207' title='bbox 1169 2846 1177 2861; x_wconf 82' lang='lat'>&#39;</span> 
     </span>
     <span class='ocr_line' id='line_1_29' title="bbox 80 2945 1061 3032; baseline -0.002 -20"><span class='ocrx_word' id='word_1_208' title='bbox 80 2947 130 3012; x_wconf 86' lang='lat' dir='ltr'><strong>lta</strong></span> <span class='ocrx_word' id='word_1_209' title='bbox 154 2947 241 3011; x_wconf 90' lang='lat' dir='ltr'><strong>milia</strong></span> <span class='ocrx_word' id='word_1_210' title='bbox 267 2946 429 3011; x_wconf 91' lang='lat' dir='ltr'><strong>hominum</strong></span> <span class='ocrx_word' id='word_1_211' title='bbox 456 2967 548 3011; x_wconf 88' lang='lat' dir='ltr'><strong>caesa</strong></span> <span class='ocrx_word' id='word_1_212' title='bbox 574 2956 726 3032; x_wconf 86' lang='lat' dir='ltr'><strong>captaque</strong></span> <span class='ocrx_word' id='word_1_213' title='bbox 749 2954 781 3010; x_wconf 90' lang='lat' dir='ltr'><strong>et</strong></span> <span class='ocrx_word' id='word_1_214' title='bbox 802 2954 872 3011; x_wconf 86' lang='lat' dir='ltr'><strong>octo</strong></span> <span class='ocrx_word' id='word_1_215' title='bbox 895 2945 1061 3031; x_wconf 86' lang='lat' dir='ltr'><strong>elephanti.</strong></span> 
     </span>
     <span class='ocr_line' id='line_1_30' title="bbox 80 3037 1061 3126; baseline -0.002 -20"><span class='ocrx_word' id='word_1_216' title='bbox 80 3064 107 3106; x_wconf 73' lang='lat' dir='ltr'><strong>rc</strong></span> <span class='ocrx_word' id='word_1_217' title='bbox 136 3042 245 3105; x_wconf 87' lang='lat' dir='ltr'><strong>ultima</strong></span> <span class='ocrx_word' id='word_1_218' title='bbox 266 3041 299 3104; x_wconf 91' lang='lat' dir='ltr'><strong>in</strong></span> <span class='ocrx_word' id='word_1_219' title='bbox 323 3037 430 3106; x_wconf 86' lang='lat' dir='ltr'><strong>Sicilia</strong></span> <span class='ocrx_word' id='word_1_220' title='bbox 451 3038 595 3106; x_wconf 89' lang='lat' dir='ltr'><strong>Marcelli</strong></span> <span class='ocrx_word' id='word_1_221' title='bbox 620 3063 728 3126; x_wconf 91' lang='lat' dir='ltr'><strong>pugna</strong></span> <span class='ocrx_word' id='word_1_222' title='bbox 755 3038 824 3104; x_wconf 82' lang='lat' dir='ltr'><strong>suit.</strong></span> <span class='ocrx_word' id='word_1_223' title='bbox 867 3038 968 3104; x_wconf 81' lang='lat' dir='ltr'><strong>victor</strong></span> <span class='ocrx_word' id='word_1_224' title='bbox 988 3040 1061 3104; x_wconf 92' lang='lat' dir='ltr'><strong>inde</strong></span> 
     </span>
     <span class='ocr_line' id='line_1_31' title="bbox 79 3134 328 3200; baseline -0.012 0"><span class='ocrx_word' id='word_1_225' title='bbox 79 3157 208 3200; x_wconf 87' lang='lat' dir='ltr'><strong>racusas</strong></span> <span class='ocrx_word' id='word_1_226' title='bbox 227 3134 328 3198; x_wconf 92' lang='lat' dir='ltr'><strong>rediit.</strong></span> 
     </span>
     <span class='ocr_line' id='line_1_32' title="bbox 91 3223 1096 3309; baseline -0.004 -15"><span class='ocrx_word' id='word_1_227' title='bbox 91 3229 165 3294; x_wconf 90' lang='lat' dir='ltr'><strong>Iam</strong></span> <span class='ocrx_word' id='word_1_228' title='bbox 190 3227 290 3293; x_wconf 85' lang='lat' dir='ltr'><strong>ferme</strong></span> <span class='ocrx_word' id='word_1_229' title='bbox 316 3229 350 3290; x_wconf 91' lang='lat' dir='ltr'><strong>in</strong></span> <span class='ocrx_word' id='word_1_230' title='bbox 375 3227 461 3291; x_wconf 87' lang='lat' dir='ltr'><strong>exitu</strong></span> <span class='ocrx_word' id='word_1_231' title='bbox 483 3249 583 3291; x_wconf 89' lang='lat' dir='ltr'><strong>annus</strong></span> <span class='ocrx_word' id='word_1_232' title='bbox 610 3235 690 3304; x_wconf 91' lang='lat' dir='ltr'><strong>erat,</strong></span> <span class='ocrx_word' id='word_1_233' title='bbox 717 3226 822 3309; x_wconf 88' lang='lat' dir='ltr'><strong>itaque</strong></span> <span class='ocrx_word' id='word_1_234' title='bbox 845 3234 972 3291; x_wconf 89' lang='lat' dir='ltr'><strong>senatus</strong></span> <span class='ocrx_word' id='word_1_235' title='bbox 994 3223 1096 3296; x_wconf 71' lang='lat' dir='ltr'><strong>lio-s</strong></span> 
     </span>
     <span class='ocr_line' id='line_1_33' title="bbox 81 3318 1061 3406; baseline -0.005 -16"><span class='ocrx_word' id='word_1_236' title='bbox 81 3323 275 3399; x_wconf 88' lang='lat' dir='ltr'><strong>edecrevit,</strong></span> <span class='ocrx_word' id='word_1_237' title='bbox 310 3333 346 3385; x_wconf 93' lang='lat' dir='ltr'><strong>ut</strong></span> <span class='ocrx_word' id='word_1_238' title='bbox 366 3319 406 3385; x_wconf 90' lang='lat' dir='ltr'><strong>P.</strong></span> <span class='ocrx_word' id='word_1_239' title='bbox 430 3320 595 3387; x_wconf 92' lang='lat' dir='ltr'><strong>Cornelius</strong></span> <span class='ocrx_word' id='word_1_240' title='bbox 621 3331 746 3406; x_wconf 92' lang='lat' dir='ltr'><strong>praetor</strong></span> <span class='ocrx_word' id='word_1_241' title='bbox 769 3320 887 3385; x_wconf 87' lang='lat' dir='ltr'><strong>litteras</strong></span> <span class='ocrx_word' id='word_1_242' title='bbox 916 3318 1061 3406; x_wconf 84' lang='lat' dir='ltr'><strong>Capuam</strong></span> 
     </span>
     <span class='ocr_line' id='line_1_34' title="bbox 104 3414 1093 3502; baseline -0.001 -17"><span class='ocrx_word' id='word_1_243' title='bbox 104 3417 251 3485; x_wconf 87' lang='lat' dir='ltr'><strong>consules</strong></span> <span class='ocrx_word' id='word_1_244' title='bbox 286 3418 439 3495; x_wconf 90' lang='lat' dir='ltr'><strong>mitteret,</strong></span> <span class='ocrx_word' id='word_1_245' title='bbox 479 3416 555 3482; x_wconf 88' lang='lat' dir='ltr'><strong>dum</strong></span> <span class='ocrx_word' id='word_1_246' title='bbox 591 3415 753 3491; x_wconf 85' lang='lat' dir='ltr'><strong>Hannibal</strong></span> <span class='ocrx_word' id='word_1_247' title='bbox 792 3414 901 3502; x_wconf 87' lang='lat' dir='ltr'><strong>procul</strong></span> <span class='ocrx_word' id='word_1_248' title='bbox 935 3414 1093 3484; x_wconf 80' lang='lat' dir='ltr'><strong>abessete</strong></span> 
     </span>
     <span class='ocr_line' id='line_1_35' title="bbox 80 3508 1059 3599; baseline -0.003 -20"><span class='ocrx_word' id='word_1_249' title='bbox 80 3535 89 3579; x_wconf 76' lang='lat' dir='ltr'><strong>r</strong></span> <span class='ocrx_word' id='word_1_250' title='bbox 118 3513 184 3578; x_wconf 91' lang='lat' dir='ltr'><strong>ulla</strong></span> <span class='ocrx_word' id='word_1_251' title='bbox 213 3513 320 3599; x_wconf 87' lang='lat' dir='ltr'><strong>magni</strong></span> <span class='ocrx_word' id='word_1_252' title='bbox 350 3510 537 3576; x_wconf 89' lang='lat' dir='ltr'><strong>discriminis</strong></span> <span class='ocrx_word' id='word_1_253' title='bbox 568 3532 619 3576; x_wconf 89' lang='lat' dir='ltr'><strong>res</strong></span> <span class='ocrx_word' id='word_1_254' title='bbox 650 3511 691 3577; x_wconf 89' lang='lat' dir='ltr'><strong>ad</strong></span> <span class='ocrx_word' id='word_1_255' title='bbox 718 3508 862 3597; x_wconf 85' lang='lat' dir='ltr'><strong>Capuam</strong></span> <span class='ocrx_word' id='word_1_256' title='bbox 890 3519 1059 3596; x_wconf 88' lang='lat' dir='ltr'><strong>gereretur,</strong></span> 
     </span>
     <span class='ocr_line' id='line_1_36' title="bbox 80 3602 1060 3692; baseline -0.003 -21"><span class='ocrx_word' id='word_1_257' title='bbox 80 3629 111 3671; x_wconf 88' lang='lat' dir='ltr'><strong>er</strong></span> <span class='ocrx_word' id='word_1_258' title='bbox 130 3629 253 3685; x_wconf 90' lang='lat' dir='ltr'><strong>eorum,</strong></span> <span class='ocrx_word' id='word_1_259' title='bbox 290 3606 316 3670; x_wconf 90' lang='lat' dir='ltr'><strong>si</strong></span> <span class='ocrx_word' id='word_1_260' title='bbox 338 3605 382 3671; x_wconf 87' lang='lat' dir='ltr'><strong>ita</strong></span> <span class='ocrx_word' id='word_1_261' title='bbox 402 3604 573 3683; x_wconf 87' lang='lat' dir='ltr'><strong>videretur,</strong></span> <span class='ocrx_word' id='word_1_262' title='bbox 600 3605 641 3671; x_wconf 91' lang='lat' dir='ltr'><strong>ad</strong></span> <span class='ocrx_word' id='word_1_263' title='bbox 662 3603 863 3692; x_wconf 88' lang='lat' dir='ltr'><strong>magistratus</strong></span> <span class='ocrx_word' id='word_1_264' title='bbox 887 3602 1060 3691; x_wconf 88' lang='lat' dir='ltr'><strong>subrogan-</strong></span> 
     </span>
     <span class='ocr_line' id='line_1_37' title="bbox 80 3697 1112 3785; baseline -0.002 -17"><span class='ocrx_word' id='word_1_265' title='bbox 80 3724 88 3768; x_wconf 82' lang='lat' dir='ltr'><strong>s</strong></span> <span class='ocrx_word' id='word_1_266' title='bbox 109 3699 247 3766; x_wconf 87' lang='lat' dir='ltr'><strong>Romam</strong></span> <span class='ocrx_word' id='word_1_267' title='bbox 273 3699 401 3765; x_wconf 86' lang='lat' dir='ltr'><strong>veniret.</strong></span> <span class='ocrx_word' id='word_1_268' title='bbox 449 3698 558 3765; x_wconf 85' lang='lat' dir='ltr'><strong>litteris</strong></span> <span class='ocrx_word' id='word_1_269' title='bbox 585 3698 722 3785; x_wconf 89' lang='lat' dir='ltr'><strong>acceptis</strong></span> <span class='ocrx_word' id='word_1_270' title='bbox 747 3698 828 3764; x_wconf 88' lang='lat' dir='ltr'><strong>inter</strong></span> <span class='ocrx_word' id='word_1_271' title='bbox 853 3719 888 3764; x_wconf 89' lang='lat' dir='ltr'><strong>so</strong></span> <span class='ocrx_word' id='word_1_272' title='bbox 914 3697 1057 3764; x_wconf 88' lang='lat' dir='ltr'><strong>consules</strong></span> <span class='ocrx_word' id='word_1_273' title='bbox 1078 3717 1112 3766; x_wconf 81' lang='grc' dir='ltr'><strong>ιο</strong></span> 
     </span>
    </p>
   </div>
   <div class='ocr_carea' id='block_1_3' title="bbox 80 3790 1110 3976">
    <p class='ocr_par' dir='ltr' id='par_1_4' title="bbox 80 3790 1110 3976">
     <span class='ocr_line' id='line_1_38' title="bbox 80 3790 1058 3882; baseline -0.004 -21"><span class='ocrx_word' id='word_1_274' title='bbox 80 3803 264 3882; x_wconf 88' lang='lat' dir='ltr'><strong>upararunt,</strong></span> <span class='ocrx_word' id='word_1_275' title='bbox 300 3802 335 3858; x_wconf 93' lang='lat' dir='ltr'><strong>ut</strong></span> <span class='ocrx_word' id='word_1_276' title='bbox 362 3790 515 3860; x_wconf 85' lang='lat' dir='ltr'><strong>Claudius</strong></span> <span class='ocrx_word' id='word_1_277' title='bbox 550 3792 677 3858; x_wconf 87' lang='lat' dir='ltr'><strong>comitia</strong></span> <span class='ocrx_word' id='word_1_278' title='bbox 709 3792 890 3879; x_wconf 86' lang='lat' dir='ltr'><strong>perliceret,</strong></span> <span class='ocrx_word' id='word_1_279' title='bbox 927 3791 1058 3857; x_wconf 83' lang='lat' dir='ltr'><strong>Fulvius</strong></span> 
     </span>
     <span class='ocr_line' id='line_1_39' title="bbox 86 3883 1110 3976; baseline -0.003 -20"><span class='ocrx_word' id='word_1_280' title='bbox 86 3888 236 3976; x_wconf 87' lang='lat' dir='ltr'><strong>Capuam</strong></span> <span class='ocrx_word' id='word_1_281' title='bbox 253 3898 402 3953; x_wconf 89' lang='lat' dir='ltr'><strong>maneret.</strong></span> <span class='ocrx_word' id='word_1_282' title='bbox 438 3887 583 3953; x_wconf 83' lang='lat' dir='ltr'><strong>eonsules</strong></span> <span class='ocrx_word' id='word_1_283' title='bbox 602 3884 755 3952; x_wconf 88' lang='lat' dir='ltr'><strong>Claudius</strong></span> <span class='ocrx_word' id='word_1_284' title='bbox 774 3886 890 3954; x_wconf 89' lang='lat' dir='ltr'><strong>creavit</strong></span> <span class='ocrx_word' id='word_1_285' title='bbox 908 3883 1059 3952; x_wconf 85' lang='lat' dir='ltr'><strong>On.Fu1-</strong></span> <span class='ocrx_word' id='word_1_286' title='bbox 1078 3906 1110 3955; x_wconf 86' lang='lat'><strong>11</strong></span> 
     </span>
    </p>
   </div>
   <div class='ocr_carea' id='block_1_4' title="bbox 0 0 1268 4530">
    <p class='ocr_par' dir='ltr' id='par_1_5' title="bbox 0 0 1268 4530">
     <span class='ocr_line' id='line_1_40' title="bbox 0 0 1268 4530; baseline 0 0"><span class='ocrx_word' id='word_1_287' title='bbox 0 0 1268 4530; x_wconf 95' lang='lat' dir='ltr'><strong> </strong></span> 
     </span>
    </p>
   </div>
  </div>
 </body>
</html>
