2528 4514
314 245 429 300 LIBER
445 245 559 317 XXVI,
578 247 699 302 22-24.
719 248 757 316 [a.
769 248 798 302 C.
809 247 872 317 211]
1046 236 1107 301 291

95 403 179 491 uagis
208 423 305 487 quam
330 412 457 480 norunt,
489 414 543 468 aut
568 405 724 491 principes
750 404 910 491 graviores
937 416 1113 493 temperan-

95 499 236 581 ioresque
256 520 276 561 a
294 496 438 581 cupidine
456 496 577 582 imperii
595 507 649 562 aut
666 497 897 563 multitudinem
914 499 1027 565 melius
1045 523 1113 566 mo-

95 601 177 657 atam
210 612 357 655 censeam
385 590 454 654 fieri
483 613 587 676 posse.
642 592 814 657 centuriam
844 614 920 658 vero
954 592 1111 659 iuniorum
1131 617 1162 664 15

95 686 219 751 eniores
247 683 408 750 consulere
434 684 591 764 voluisse,
622 686 737 771 quibus
767 686 934 773 imperium
961 687 1111 776 suffragio

95 779 256 857 randaret,
283 779 336 843 vix
358 793 393 842 ut
414 778 480 843 veri
503 780 603 844 simile
626 781 679 858 sit,
706 781 882 866 parentium
904 803 1029 866 quoque
1051 783 1112 848 hoc

95 873 207 939 seculo
226 872 297 937 vilis
314 872 455 957 levisque
473 883 549 960 aput
566 872 680 939 liberos
699 874 867 940 auctoritas
885 875 969 941 fecit.

141 967 282 1032 XXIII.
326 966 489 1033 Praetoria
509 968 582 1032 inde
605 967 731 1033 comitia
747 967 863 1034 habita.
913 967 951 1034 P.
970 969 1111 1036 Manlius
1131 994 1143 1039 1

95 1061 180 1128 lulso
200 1071 231 1126 et
249 1061 290 1126 L.
308 1060 449 1127 Manlius
467 1060 623 1128 Acidinus
641 1072 673 1129 et
692 1063 729 1129 O.
744 1063 912 1129 Laetorius
930 1072 962 1128 et
978 1065 1020 1130 L.
1036 1064 1112 1131 Oin-

95 1156 149 1222 :ius
165 1155 347 1222 Alimentus
370 1157 465 1222 creati
484 1167 565 1223 sunt.
609 1158 691 1222 forte
711 1158 755 1223 ita
777 1158 898 1236 incidit,
924 1167 961 1222 ut
977 1159 1111 1224 comitiis
1130 1181 1145 1228 2

95 1251 227 1317 ›erfectis
245 1251 454 1329 nuntiaretur,
471 1251 510 1316 Τ.
531 1250 716 1331 Otacilium,
735 1274 829 1337 quem
848 1252 886 1317 Τ.
901 1251 1033 1330 Manlio,
1051 1252 1112 1317 nisi

95 1345 294 1432 nterpellatus
318 1345 394 1410 ordo
417 1346 614 1411 comitiorum
637 1356 735 1425 esset,
763 1346 927 1433 conlegam
949 1345 1112 1411 absentem

95 1438 210 1505 laturus
242 1439 340 1504 fuisse
371 1439 536 1505 videbatur
565 1441 720 1527 populus,
756 1450 913 1505 mortuum
942 1439 975 1505 in
1003 1437 1113 1506 Sicilia

95 1555 162 1601 asse.

143 1629 232 1694 Ludi
254 1626 455 1714 Apollinares
478 1640 510 1694 et
530 1628 632 1716 priore
655 1651 738 1695 anno
759 1627 884 1693 fuerant
906 1637 937 1694 et
959 1651 997 1694 eo
1019 1651 1145 1708 annua

95 1723 247 1789 stfierent
268 1722 422 1788 referente
442 1721 613 1810 Calpurnio
635 1733 791 1810 praetore,
820 1732 946 1789 senatus
964 1723 1110 1803 decrevit,

95 1819 164 1883 utin
183 1828 369 1904 perpetuum
387 1828 584 1884 voverentur.

145 1912 268 1978 Eodem
291 1935 373 1977 anno
400 1913 543 1999 prodigia
564 1913 682 1998 aliquot
707 1913 777 1978 visa
797 1912 1002 1997 nuntiataque
1028 1924 1110 1978 sunt.
1129 1933 1146 1980 4

97 2003 124 2068 in
135 2007 206 2072 aede
217 2005 414 2072 Concordiae
423 2005 572 2085 Victoria,
591 2029 671 2091 quae
688 2006 722 2072 in
735 2007 871 2073 eulmine
883 2018 962 2086 erat,
981 2007 1112 2072 fulmine

97 2096 145 2166 itta
168 2102 365 2185 decussaque
392 2102 432 2165 ad
459 2100 635 2179 Victorias,
672 2123 753 2185 quae
784 2101 817 2165 in
843 2101 987 2166 antefixis
1014 2111 1111 2180 erant,

96 2187 181 2262 berit
196 2218 300 2280 neque
318 2195 391 2260 inde
409 2196 550 2281 procidit.
587 2206 618 2260 et
635 2193 803 2281 Anagniae
821 2204 852 2259 et
859 2195 1014 2281 Fregellis
1032 2219 1112 2261 nun·
1129 2216 1145 2263 5

95 2283 189 2356 tatum
216 2300 265 2355 est
292 2313 417 2354 murum
442 2301 611 2376 portasque
638 2291 677 2354 de
704 2289 791 2353 caelo
813 2297 913 2353 tactas
936 2297 967 2352 et
988 2288 1021 2352 in
1042 2288 1112 2354 foro

95 2374 260 2450 Subertano
289 2385 451 2471 sanguinis
481 2385 566 2450 rivos
597 2406 653 2470 per
683 2383 767 2448 diem
798 2392 897 2447 totum
924 2381 1053 2447 fluxisse
1080 2390 1112 2447 et

95 2466 167 2545 breti
193 2478 351 2565 lapidibus
378 2479 519 2565 pluvisse
546 2489 577 2544 et
602 2479 702 2544 Reate
724 2477 843 2542 mulam
859 2475 1029 2562 peperisse.
1074 2497 1144 2544 eat

95 2574 223 2660 trodigia
240 2574 352 2638 hostiis
371 2574 541 2640 maioribus
565 2584 639 2639 sunt
655 2582 820 2659 procurata
838 2581 870 2636 et
887 2569 1061 2637 obsecratio
1077 2569 1112 2634 iu

95 2681 179 2733 urum
196 2669 281 2732 diem
299 2669 414 2755 populo
432 2669 548 2733 indicta
566 2678 598 2733 et
614 2667 811 2733 novemdiale
831 2687 963 2732 sacrum.

146 2759 334 2828 Sacerdotes
366 2762 483 2848 publici
514 2762 633 2846 aliquot
663 2784 701 2827 eo
732 2783 814 2827 anno
845 2758 999 2825 demortui
1027 2769 1144 2838 sunt,v

95 2856 214 2940 ovique
235 2855 373 2921 suffecti:
393 2856 545 2921 inlocum
564 2856 620 2921 Μ’.
631 2854 760 2920 Aemilii
768 2855 924 2920 Numidae
942 2853 1111 2920 decemviri

95 2966 240 3016 actorum
263 2950 311 3015 M.
334 2950 491 3015 Aemilius
514 2951 673 3036 Lepidus,
701 2951 734 3014 in
757 2951 862 3016 locum
883 2948 931 3014 M.
954 2947 1112 3034 Pomponi

95 3037 242 3110 lathonis
278 3045 433 3130 pontificis
466 3045 504 3110 O.
532 3045 664 3124 Livius,
708 3045 741 3108 in
771 3044 876 3110 locum
908 3040 965 3128 Sp.
993 3041 1112 3106 Carvili

95 3133 214 3205 Iaximi
232 3140 361 3226 auguris
378 3139 426 3204 M.
447 3137 608 3205 Servilius.
646 3139 684 3204 Τ.
701 3137 857 3205 Otacilius
877 3135 1013 3200 Crassus
1032 3156 1110 3220 pon·
1128 3151 1145 3200 8

95 3234 168 3299 ufex
190 3234 266 3318 quia
288 3244 398 3299 exacto
421 3257 502 3298 anno
524 3243 667 3298 mortuus
690 3242 769 3310 erat,
798 3232 868 3295 ideo
890 3227 1061 3293 nominatio
1078 3225 1111 3290 in

95 3341 185 3394 lcum
199 3329 268 3393 cius
283 3351 346 3392 non
360 3338 408 3393 est
421 3328 513 3394 sacta.
551 3327 589 3393 C.
602 3327 756 3393 Claudius
770 3326 884 3391 flamen
892 3320 1007 3401 Dialis,
1026 3319 1111 3406 quod

95 3432 152 3487 xta
169 3444 335 3509 perperam
353 3422 493 3500 dederat,
512 3421 650 3487 flaminio
668 3420 754 3486 abiit.

142 3515 299 3580 XXHH.
344 3516 408 3581 Per
433 3517 517 3580 idem
543 3529 668 3601 tempus
694 3514 742 3579 M.
765 3511 912 3579 Valerius
936 3510 1109 3586 Laevinus,
1131 3529 1143 3573 1

95 3610 239 3695 emptatis
262 3610 350 3695 prius
372 3633 429 3696 per
452 3621 572 3676 secreta
598 3609 763 3693 conloquia
784 3606 961 3694 principum
987 3591 1110 3681 animis,

95 3703 120 3768 d
136 3704 289 3769 indictum
309 3715 380 3770 ante
398 3706 437 3770 ad
456 3705 489 3770 id
506 3705 611 3790 ipsum
629 3703 793 3769 concilium
807 3699 991 3765 Aetolomm
1010 3697 1112 3762 classe

95 3800 228 3886 xpedita
249 3799 343 3864 venit.
388 3799 443 3864 ubi
466 3806 538 3864 cu'm
562 3796 736 3884 Syracusas
761 3795 966 3882 Capuamque
988 3801 1111 3879 captam
1130 3810 1146 3857 2

95 3913 113 3957 u
132 3894 230 3959 fidem
252 3894 286 3958 iu
310 3891 456 3980 [Sicilia]
480 3893 634 3976 Italiaque
655 3914 758 3957 rerum
782 3888 989 3956 secundarum
1007 3896 1112 3952 osten·

95 4000 178 4054 asset
192 3988 436 4072 adiecissetque,
455 3988 518 4052 iam
531 3987 604 4052 inde
618 4010 637 4054 a
649 3985 818 4052 maioribus
832 3983 978 4048 traditum
992 4003 1110 4048 morem
1129 4001 1144 4048 3

888 4082 938 4137 19·
