2566 4538
378 880 599 966 [rumonim
620 888 728 947 arani
749 887 850 967 m]

146 1037 202 1106 [In
215 1032 330 1090 Italiam
346 1034 417 1090 belli
430 1034 533 1089 Punici
552 1035 670 1090 secundi
688 1042 782 1091 aetum
800 1042 899 1091 narrat
914 1043 943 1092 et
956 1028 1130 1094 Hannibalis

92 1114 179 1169 dueia
198 1113 362 1166 Poenorum
386 1116 487 1166 eontra
509 1111 612 1167 foedus
634 1128 686 1182 per
702 1111 841 1167 Hiberum
860 1110 964 1168 flumen
982 1116 1129 1170 transitus.

92 1208 111 1247 a
126 1202 187 1262 quo
202 1187 361 1260 mgentem
375 1186 516 1242 sotiorum
528 1189 628 1258 populi
642 1188 763 1243 Romani
778 1187 878 1244 oiritas
893 1190 1014 1246 obsessa
1027 1192 1129 1246 octavo

91 1283 195 1323 mense
214 1270 300 1336 oapta
316 1270 370 1320 est
410 1265 445 1319 de
469 1263 572 1336 qmbus
590 1264 701 1318 iniuriis
719 1264 798 1319 misei
815 1266 904 1337 legati
926 1266 964 1321 ad
982 1265 1129 1337 Carthagi·

92 1345 213 1400 nienses
224 1343 273 1414 qui
288 1347 482 1414 quererentur.
517 1358 580 1396 eum
594 1342 762 1398 satisfacere
772 1344 895 1413 nollent,
914 1343 1021 1408 bellum
1035 1343 1076 1398 ais
1089 1343 1131 1398 in-

94 1422 204 1477 dietum
217 1425 271 1475 est.
304 1418 452 1474 Hannibal
467 1423 601 1489 superato
614 1419 766 1491 Pyrenaeo
782 1421 858 1495 saltu
870 1437 923 1491 per
933 1419 1045 1476 Gallias
1058 1420 1130 1475 fusis

92 1497 210 1568 Volcis,
231 1497 279 1570 qui
297 1495 438 1552 obsistere
452 1496 548 1550 eonati
561 1501 642 1551 erant
655 1497 696 1566 ei,
716 1503 745 1553 et
758 1498 795 1552 ad
809 1496 899 1569 Alpes
915 1497 992 1552 venit
1006 1503 1036 1552 et
1049 1496 1130 1552 labo·

92 1577 176 1631 rioso
188 1578 242 1646 pei
255 1582 305 1636 aas
318 1571 453 1643 flumin,
473 1589 536 1628 eum
550 1578 701 1629 montanos
716 1586 832 1646 quoqne
847 1573 948 1631 Gallos
963 1574 1064 1631 obvios
1080 1574 1130 1629 ali-

93 1659 169 1724 quot
176 1650 295 1724 proeliis
304 1649 465 1721 repulisset,
481 1648 790 1707 deseenditinltaliam
799 1652 874 1706 etad
884 1651 1016 1706 'l'ioinum
1025 1644 1130 1706 flumen

94 1730 243 1786 Romanos
253 1727 379 1799 equestri
386 1727 498 1799 proelio
507 1728 591 1782 fudit.
626 1728 722 1800 inquo
736 1729 915 1784 vulneratum
923 1728 957 1783 P.
967 1727 1129 1783 Cornelium

96 1806 263 1878 Scipionem
284 1803 409 1876 protexit
430 1804 519 1875 filius,
544 1806 594 1877 qui
610 1805 739 1861 Africani
761 1811 865 1879 postea
881 1822 985 1861 nomen
1007 1805 1128 1876 aceepit.

95 1884 258 1955 iterumque
276 1878 401 1938 exercitu
418 1880 548 1938 Romam
567 1884 605 1937 ad
622 1881 728 1938 flumen
746 1876 881 1938 Trebiam
900 1882 964 1937 fuso
982 1881 1129 1938 Hannibal

96 1960 280 2031 Apenninum
303 1974 416 2031 quoque
439 1976 595 2031 permagna
617 1960 767 2016 vexatione
789 1959 908 2014 militum
934 1966 1051 2030 propter
1072 1959 1129 2013 vim

94 2037 308 2108 tempestatium
321 2036 442 2091 transiit.
478 2035 529 2091 Cn.
546 2036 695 2092 Cornelius
710 2036 806 2107 Scipio
824 2037 856 2091 in
869 2036 1011 2107 Hispania
1029 2040 1130 2092 eontra

94 2116 213 2171 Poenos
225 2130 363 2186 prospero
375 2114 514 2185 pugnavit
528 2114 601 2170 duee
615 2115 738 2169 hostium
752 2114 876 2184 Magone
892 2118 999 2185 eapte]

481 2458 598 2540 ΤΙΤΙ
624 2457 748 2540 LIVI

342 2614 411 2678 ΑΒ
446 2615 588 2677 vana
626 2610 887 2678 norman

498 2800 627 2863 LIBER
646 2803 736 2863 XXI.

164 2954 192 3018 l.
226 2953 266 3017 In
288 2961 376 3038 parte
400 2953 503 3038 operis
525 2953 588 3017 mei
609 2952 682 3017 lieet
707 2953 784 3016 mihi
809 2952 958 3038 praefari,
986 2952 1072 3035 quod
1097 2951 1130 3016 in
1151 2975 1160 3017 1

98 3047 254 3135 principio
271 3070 413 3113 summae
430 3047 526 3112 totius
543 3046 679 3133 professi
692 3047 833 3133 plerique
847 3056 920 3111 sunt
932 3067 1037 3110 rerum
1055 3045 1131 3110 sori-

98 3153 220 3229 ptores,
247 3140 374 3207 bellum·
387 3141 525 3206 maxime
546 3140 686 3207 omnium
711 3139 927 3217 memorabile,
955 3161 1037 3222 quae
1063 3161 1132 3203 um-

99 3258 199 3320 quam
218 3244 311 3322 gesta
332 3236 408 3313 sint,
436 3258 487 3300 me
510 3235 714 3321 scripturum,
740 3235 825 3319 quod
849 3231 1030 3298 Hannibale
1051 3231 1131 3296 duee

101 3328 381 3417 Carthaginienses
400 3351 472 3395 eum
484 3329 602 3417 populo
614 3328 758 3394 Romano
774 3348 911 3414 gessere.
938 3349 1013 3392 nam
1029 3348 1131 3410 neque
1150 3347 1163 3392 2

101 3423 268 3490 validiores
286 3422 399 3510 opibus
417 3423 500 3489 ullae
518 3424 598 3488 inter
616 3445 655 3488 se·
673 3422 814 3488 oivitales
832 3431 1005 3510 gentesque
1024 3431 1133 3487 eontu-

101 3518 206 3583 lenmt
226 3541 314 3584 arma
335 3540 438 3602 neque
460 3518 510 3584 hie
532 3517 609 3603 ipsis
633 3526 754 3582 tantum
775 3539 927 3602 umquam
947 3516 1061 3582 virium
1078 3527 1132 3580 aut

100 3612 224 3678 roboris
245 3613 321 3692 iuit3
348 3622 379 3677 et
399 3612 486 3678 haud
506 3612 630 3699 ignotas
652 3611 727 3678 beili
748 3620 834 3678 artes·
858 3613 938 3701 inter
964 3632 1048 3688 sese,
1076 3610 1133 3674 sed

102 3717 248 3792 expertos
269 3708 374 3794 primo
393 3706 519 3774 Punico
541 3706 747 3774 oonserebant
767 3706 869 3784 bello‚·
893 3696 1026 3772 et‘adeo
1046 3704 1133 3770 varia
1244 3770 1248 3779 ,

101 3801 231 3866 fortuna
250 3801 327 3868 belli
348 3824 527 3888 aneepsque
543 3800 633 3867 Mars
651 3801 724 3879 fuit,
751 3811 787 3866 ut
805 3780 935 3887 ffioplus
958 3798 1131 3885 perieulum

102 3895 223 3960 fuerint
242 3895 301 3981 qui·
318 3896 478 3974 vicerune·
501 3896 580 3962 odiis
603 3896 698 3962 etiam
718 3918 816 3985 prope
836 3893 1007 3960 maioribus
1034 3904 1165 3962 certe-3

103 3998 176 4054 runt
185 4011 282 4074 quam
289 3989 419 4069 viribus,
437 3991 591 4058 Romanis
598 3991 843 4079 indignantibus,
862 3991 949 4076 quod
961 3989 1131 4056 viatoribus

156 4090 298 4137 tinootil.
552 4112 554 4117 ·
944 4091 960 4144 1
