2528 4530
299 231 419 287 amaa
436 231 640 301 xxvu1‚sa
661 231 808 300 [aoros.
821 233 885 302 aas]
1044 219 1108 286 427

104 390 216 457 sancitu
232 389 267 454 in
284 388 476 474 Hispaniam
493 388 580 452 velut
597 389 639 453 ad
656 387 848 474 colligendas
865 388 1012 474 reliquias
1031 413 1109 457 nau-

102 485 172 570 fragii
191 483 293 549 nostri
314 482 455 548 misistis.
499 481 538 547 P.
562 491 594 547 et
612 481 672 548 Cn.
693 481 832 547 Cornelii
849 504 889 547 ex
907 506 969 567 qno
986 484 1020 548 in
1036 507 1109 571 pro·
1126 506 1142 552 4
1220 546 1230 569 ,

100 577 212 642 vinciam
236 586 403 655 venerunt,
431 575 518 641 nullo
541 586 682 661 tempore
705 576 889 642 destiterunt
910 600 991 661 quae
1017 580 1107 646 nobis

99 671 215 736 secunda
240 691 384 754 quaeque
407 671 541 735 adversa
562 670 706 736 hostibus
729 671 844 737 nostris
867 683 973 738 essent
994 674 1107 739 facere.

96 763 143 829 iam
169 764 311 830 omnium
341 763 478 851 primum
510 764 661 850 oppidum
690 765 782 830 nobis
808 766 1023 846 restituerunt,
1053 790 1142 855 pers

95 881 200 925 omnem
221 859 415 945 Hispaniam
442 858 520 924 civis
546 869 670 924 nostros
697 859 944 938 venumdatos,
971 862 1109 929 dimissis

95 952 134 1035 qui
152 954 386 1037 conquirerent,
413 975 454 1017 ex
477 952 626 1016 servitute
647 953 681 1016 in
701 950 876 1018 libertatem
897 955 1108 1022 restituerunt.

94 1067 150 1111 cum
165 1047 228 1111 iam
247 1069 346 1133 prope
364 1056 463 1125 esset,
486 1055 521 1110 ut
538 1045 708 1130 optabilem
725 1069 766 1111 ex
788 1047 962 1114 miserrima
983 1048 1109 1115 fortuna
1127 1071 1142 1118 6

93 1137 280 1218 haberemus,
303 1140 342 1206 P.
365 1151 398 1207 et
416 1138 476 1205 On.
497 1138 626 1204 Corneli
645 1141 848 1226 imperatores
871 1142 967 1207 vestri
988 1142 1109 1209 luctuo-

94 1232 143 1299 sius
164 1234 258 1301 nobis
282 1257 407 1320 quoquc
430 1257 525 1320 quam
548 1233 638 1299 vobis
660 1235 827 1321 perienmt.
873 1245 939 1300 turn
965 1259 1040 1303 vero
1066 1238 1140 1304 ads

93 1324 138 1393 hoc
158 1329 285 1394 retracti
307 1351 347 1394 ex
364 1327 553 1396 distantibus
571 1328 648 1394 loeis
666 1329 700 1393 in
718 1329 826 1394 sedem
843 1330 1004 1413 antiquam
1021 1331 1108 1396 vide·

93 1417 195 1501 hamur,
223 1423 395 1489 utiterum
416 1423 589 1510 periremus
612 1433 644 1487 et
665 1423 797 1488 alterum
815 1424 971 1490 excidium
988 1426 1106 1510 patriae

93 1515 255 1584 aderamus
277 1539 337 1583 nec
358 1519 399 1583 ad
420 1518 591 1604 perniciem
612 1527 751 1582 nostram
770 1517 1024 1604 Carthaginiensi
1045 1519 1106 1584 uti·
1125 1539 1140 1588 8

92 1621 218 1692 queant
245 1612 325 1677 duce
352 1624 408 1677 aut
434 1612 572 1677 exercitu
598 1633 678 1696 opus
700 1634 785 1689 esse,
813 1613 853 1677 ab
876 1612 1026 1679 Turdulis
1048 1636 1106 1680 nos

91 1706 251 1771 veterrimis
265 1705 424 1784 hostibus,
443 1706 498 1791 qui
511 1705 623 1792 prioris
637 1727 761 1791 quoque
775 1705 888 1771 excidii
902 1729 999 1772 causa
1015 1707 1106 1773 nobis

89 1795 218 1878 luerunt,
242 1801 384 1887 extingui
405 1822 500 1887 posse
517 1837 558 1878 -,
582 1822 654 1864 cum
672 1822 712 1866 ex
729 1801 886 1887 insperato
903 1812 1031 1887 repente
1049 1802 1107 1867 mi·
1126 1821 1140 1869 a

86 1891 159 1961 risus
169 1894 263 1960 nohis
273 1894 400 1960 huncP.
413 1893 603 1981 Scipionem,
618 1917 712 1979 quem
720 1895 960 1962 fortunatissimi
968 1897 1108 1962 omnium

85 1981 327 2077 Saguntinorum
340 1989 485 2053 videmur
497 1989 571 2073 quia
583 1990 745 2055 consulem
759 1990 951 2056 declaratum
964 1991 1107 2056 videmus

80 2101 114 2150 uo
132 2084 253 2150 vidisse
275 2107 333 2149 nos
356 2082 478 2150 civibus
501 2085 615 2150 nostris
639 2086 843 2150 renuntiaturi
866 2109 990 2164 sumus,
1019 2109 1107 2172 spem

80 2195 202 2245 omnam
224 2178 421 2262 salutemque
442 2188 591 2242 nostram.
628 2179 682 2261 qui
705 2200 777 2242 curn
799 2179 948 2263 plurimas
970 2180 1107 2245 hostiurn
1127 2201 1159 2248 10

80 2284 251 2339 vestrorum
269 2273 405 2358 cepisset
417 2272 450 2337 in
465 2271 622 2357 Hispania
635 2271 743 2349 urbes,
762 2270 878 2355 ubique
892 2283 1106 2357 exceptorum

80 2385 209 2433 numero
226 2377 368 2432 excretos
384 2364 577 2454 Saguntinos
595 2366 628 2431 in
646 2367 777 2452 patriam
795 2366 928 2442 remisit,
947 2375 1106 2451 postremo
1126 2389 1155 2435 11

80 2455 316 2540 Pnrdetaniam,
335 2462 414 2527 adeo
431 2461 580 2527 infestam
597 2460 703 2539 nobis,
722 2470 756 2524 ut
774 2460 829 2525 illa
845 2470 940 2547 gente
957 2459 1106 2525 incolumi

80 2565 159 2622 stare
168 2553 351 2642 Saguntum
365 2579 429 2621 non
441 2565 564 2642 posset,
583 2555 628 2620 ita
640 2554 722 2620 bello
736 2553 870 2633 adflixit,
889 2564 998 2619 utnon
1012 2554 1107 2619 modo

80 2650 167 2716 uobis
179 2686 208 2697 -
221 2649 305 2715 absit
322 2650 418 2716 verbo
435 2650 597 2727 invidia—,
615 2671 655 2714 ne
672 2649 806 2735 posteris
824 2649 951 2732 quidem
969 2648 1106 2713 timenda

80 2744 191 2811 uostris
214 2754 309 2810 esset.
355 2744 490 2809 deletam
511 2742 622 2808 urbem
645 2743 800 2807 cernimus
822 2765 945 2821 sorum,
973 2765 1157 2828 quorum12

80 2862 107 2903 n
118 2837 256 2926 gratiam
271 2835 452 2925 Saguntum
467 2836 624 2902 deleverat
634 2835 809 2915 Hannibal,
828 2837 964 2925 vectigal
977 2860 1016 2903 ex
1029 2860 1107 2924 agro

80 2954 187 2999 sorum
204 2932 362 3018 capimus,
380 2933 467 3017 quod
480 2931 571 2997 nobis
589 2954 652 2997 non
670 2941 735 2997 tam
752 2931 857 2998 fructu
873 2932 1040 2998 iucundius
1059 2943 1108 2997 est

80 3051 173 3114 quam
196 3027 324 3094 ultione.
369 3027 411 3093 ob
432 3028 525 3105 haec,
553 3027 668 3111 quibus
690 3026 809 3092 maiora
829 3050 888 3093 nec
906 3049 1031 3113 sperare
1049 3048 1107 3091 neo
1127 3051 1157 3097 13

80 3133 186 3210 optare
204 3122 245 3187 ab
262 3123 312 3188 dls
329 3121 558 3187 immortalibus
575 3132 770 3208 poteramus,
792 3121 909 3208 gratias
926 3131 1030 3186 actum
1048 3142 1106 3185 nos

80 3218 188 3285 iecem
199 3217 321 3303 legatos
338 3214 534 3304 Saguntinus
554 3226 681 3282 senatus
698 3215 896 3301 populusque
914 3216 956 3280 ad
972 3237 1030 3280 vos
1048 3214 1107 3279 mi·

80 3313 130 3392 sit,
150 3312 246 3378 simul
258 3312 463 3399 gratulatum,
482 3311 568 3396 quod
584 3312 629 3376 ita
644 3333 695 3377 res
713 3311 773 3375 hos
791 3332 889 3376 annos
902 3310 935 3374 in
948 3309 1106 3394 Hispania
1125 3331 1157 3377 14

80 3417 171 3492 atque
193 3407 287 3473 ltalia
312 3407 471 3494 gessistis,
498 3406 545 3471 uti
566 3404 756 3491 Hispaniam
781 3427 845 3470 non
866 3403 988 3470 Hibero
1014 3426 1106 3469 amne

80 3524 185 3579 zanua,
212 3503 269 3567 sed
290 3524 353 3586 qua
375 3511 527 3567 terrarum
550 3500 675 3566 ultimas
692 3499 761 3564 finit
778 3521 928 3577 oceanus,
956 3497 1106 3563 domitam
1200 3526 1202 3531 ·

80 3594 173 3663 armis
195 3595 352 3674 habeatis,
378 3595 505 3673 Italiae,
531 3594 593 3660 nisi
615 3603 768 3678 quatenus
790 3593 907 3659 vallum
933 3603 1106 3659 castrorum

80 3690 190 3778 tingit,
220 3690 298 3755 nihil
327 3689 512 3775 reliqueritis
540 3689 659 3754 Poeno.
707 3688 778 3754 Iovi
810 3688 928 3774 optimo
957 3686 1104 3763 maximo,
1126 3707 1157 3754 15

80 3783 215 3872 praesidi
242 3784 437 3872 Capitolinae
463 3784 560 3863 areis,
592 3806 656 3849 non
681 3794 787 3871 grates
813 3792 933 3849 tantum
960 3781 1001 3847 ob
1027 3780 1105 3846 haec

80 3900 173 3966 agere
194 3879 274 3945 iussi
293 3903 417 3958 sumus,
440 3880 498 3945 sed
515 3879 633 3944 donum
650 3879 710 3944 hoo
728 3878 835 3957 etiam,
860 3879 887 3943 si
904 3901 962 3943 vos
979 3875 1107 3963 permit·
1126 3896 1158 3945 16

80 3974 193 4052 eretis,
212 3996 360 4041 coronam
373 3997 501 4041 auream
513 3974 547 4039 in
556 3972 748 4060 Capitolium
762 3973 912 4039 rictoriae
925 3993 1001 4059 ergo
1014 3970 1105 4038 ferre.
