2528 4514
137 210 203 281 216
362 222 483 280 LIBER
497 221 596 291 XXV,
613 221 673 277 23.
691 224 768 292 [au.
779 218 873 277 cde
882 220 950 292 542]

138 382 214 449 huic
238 380 358 470 petenti
383 378 574 447 aedilitatem
597 401 674 445 cum
699 377 889 445 obsisterent
915 378 1035 445 tribuni
1062 402 1075 466 p

139 486 292 565 negantes
309 475 463 541 rationem
481 474 550 541 eius
566 472 745 540 habendam
764 494 849 553 esse,
872 474 962 557 quod
979 475 1075 539 nondu

106 571 311 661 apetendum
337 569 479 656 legitima
509 578 596 635 aetas
627 577 726 646 esset,
763 568 806 634 ‘si
831 567 896 634 me'
921 568 1026 652 inquit
1051 574 1075 634 ‘c

141 665 283 750 Quirites
310 663 444 731 aedilem
470 662 575 729 facere
601 661 729 740 volunt,
765 661 842 727 satis
869 684 1026 728 annorum
1050 662 1075 727 ha

141 770 229 827 tanto
259 760 332 825 inde
368 759 477 823 favore
507 758 549 823 ad
584 757 771 843 suffragium
805 755 974 822 ferendum
1008 756 1042 821 in
1071 780 1075 813 t

141 855 321 921 discursum
350 863 421 929 est,
457 861 493 916 ut
523 851 640 916 tribuni
674 858 802 935 repente
833 850 961 937 incepto
993 851 1075 916 destit

107 948 285 1019 saedilicia
310 947 434 1034 largitio
460 947 539 1011 haec
565 945 644 1010 fuit:
680 945 746 1009 ludi
773 944 910 1010 Romani
941 968 1000 1031 pro
1027 956 1075 1012 ten

141 1043 225 1110 illius
248 1042 347 1127 copiis
370 1040 537 1128 magnifice
559 1040 636 1106 facti
662 1049 693 1104 et
716 1040 799 1104 diem
821 1063 921 1104 unum
939 1040 1075 1106 instaura

143 1136 238 1225 cangi
255 1135 316 1202 olei
332 1136 367 1200 in
384 1137 470 1201 vicos
490 1135 631 1222 singulos
650 1134 724 1198 dati.

109 1252 124 1300 9
207 1232 249 1297 1..
268 1229 384 1295 Villius
407 1228 573 1316 Tappulus
599 1239 631 1293 et
656 1226 705 1293 Μ.
727 1227 913 1293 Fundanius
931 1228 1075 1294 Fundulu

142 1325 221 1391 diles
239 1324 344 1412 plebei
365 1323 484 1408 aliquot
505 1333 664 1389 matronas
688 1332 764 1409 aput
784 1323 939 1409 populum
961 1322 1066 1409 probri

144 1428 265 1496 serunt,
302 1419 457 1502 quasdam
483 1417 596 1483 exeis
623 1417 787 1482 damnatas
818 1418 852 1481 in
879 1417 1010 1482 exilium
1037 1439 1075 1504 eg

92 1534 125 1605 ¹.⁰
143 1514 210 1579 ludi
235 1512 340 1599 plebei
365 1534 422 1598 per
447 1510 579 1576 biduum
605 1511 770 1577 instaurati
796 1519 827 1576 et
852 1510 941 1576 Iovis
964 1511 1075 1597 epuluu

143 1605 289 1673 ludorum
306 1628 412 1672 causa.

110 1724 124 1770 1
208 1700 271 1765 III.
339 1699 380 1784 Q
398 1699 532 1765 Fulvius
549 1699 684 1765 Flaccus
707 1700 846 1776 tertium,
872 1698 1003 1785 Appius
1023 1698 1075 1765 Cla

110 1818 126 1865 2
145 1794 343 1861 consulatum
364 1794 484 1859 ineunt.
529 1803 560 1858 et
581 1803 740 1880 praetores
763 1794 942 1878 provincias
967 1794 1065 1859 sortiti

144 1889 183 1953 P.
199 1887 364 1954 Cornelius
385 1885 475 1953 Sulla
493 1887 644 1952 urbanam
663 1897 695 1952 et
711 1887 924 1973 peregrinam,
945 1889 1075 1971 quaeda

145 1992 217 2048 ante
236 2004 304 2046 sors
322 1981 439 2057 fuerat,
460 1981 520 2046 Cn.
538 1981 672 2046 Fulvius
689 1981 825 2046 Flaccus
844 1981 1008 2066 Apuliam,
1029 1981 1063 2048 C.

111 2078 216 2147 adius
238 2075 322 2141 Nero
346 2073 547 2153 Suessulam,
574 2076 753 2141 Mlucius
777 2074 905 2142 Silanus
924 2076 1057 2143 Tuscos.

74 2239 77 2244 ,
145 2171 266 2238 sulibus
285 2169 404 2236 bellum
422 2193 494 2236 cum
503 2171 683 2236 Hannibale
701 2180 733 2236 ct
750 2171 842 2235 binae
860 2171 1003 2257 legiones
1023 2173 1075 2237 deu

145 2266 223 2333 alter
240 2290 260 2331 a
278 2264 319 2350 Q.
339 2266 440 2332 Fabio
465 2265 633 2352 superioris
656 2266 730 2329 anni
753 2266 895 2341 consule,
924 2266 1004 2331 alter
1026 2262 1075 2332 al

109 2381 127 2427 4
147 2360 335 2428 Centumalo
354 2361 518 2446 acciperet.
557 2370 736 2445 praetorum
754 2359 849 2424 Fulvi
865 2360 989 2438 Flacci,
1013 2383 1075 2445 quat

145 2457 246 2522 ocriae
273 2454 332 2520 sub
356 2453 495 2520 Aemilio
521 2465 678 2540 praetore,
710 2454 844 2519 Neronis
874 2454 1005 2534 Claudi,
1039 2477 1075 2539 qu

144 2550 263 2616 Piceno
282 2548 341 2615 sub
361 2547 399 2613 C.
420 2549 568 2614 Terentio
586 2548 735 2626 fuissent,
753 2548 894 2636 legiones
914 2560 1075 2628 essent,s1

144 2656 285 2710 mentum
305 2645 340 2709 in
362 2666 415 2709 eas
438 2644 500 2729 ipsi
523 2643 693 2709 scriberent
713 2643 782 2709 sibi.
825 2643 873 2708 M.
894 2643 987 2709 Iunio
1005 2642 1075 2708 inl

110 2741 285 2826 clegiones
322 2739 460 2804 urbanae
494 2740 607 2826 prioris
643 2740 717 2804 anni
752 2739 853 2804 datae.
912 2740 963 2804 Ti.
993 2738 1075 2825 Sem]

147 2831 292 2900 Graccho
311 2842 342 2898 et
360 2833 398 2898 P.
420 2831 606 2921 Sempronio
621 2833 782 2899 Tuditano
800 2834 968 2919 imperium
986 2835 1075 2920 provi

145 2948 208 3010 que
224 2927 350 2992 Lucani
376 2937 407 2991 et
426 2925 549 2993 Galliae
576 2950 648 2993 cum
676 2929 741 2992 suis
769 2928 958 2992 exercitibus
981 2950 1074 3014 proro

111 3040 126 3088 6
146 3021 221 3087 item
238 3020 277 3086 P.
296 3021 445 3100 Lentule,
464 3044 527 3105 qua
544 3033 635 3088 vetus
653 3023 814 3108 provincia
835 3021 869 3087 in
890 3022 997 3088 Sicilia
1017 3045 1075 3088 esst

145 3114 298 3181 Marcello
322 3113 500 3201 Syracusae
524 3127 555 3182 et
576 3138 640 3202 qua
656 3116 808 3182 Hieronis
830 3138 965 3202 regnum
984 3117 1075 3183 fuisse

147 3207 285 3276 Otacilio
303 3210 428 3288 classis,
457 3208 592 3276 Graecia
608 3210 656 3275 Μ.
675 3210 819 3289 Valerio,
844 3207 992 3276 Sardinia
1011 3210 1054 3295 Q.
1071 3210 1075 3275 ἶ

112 3323 126 3369 ⁷
147 3301 334 3383 Scaevolae,
360 3305 539 3392 Hispaniae
564 3305 602 3371 P.
627 3318 657 3370 et
685 3304 744 3371 On.
775 3304 941 3371 Corneliis.
992 3307 1034 3371 ad
1060 3329 1075 3371 r

147 3399 301 3464 exercitus
332 3400 414 3466 duae
443 3400 581 3466 urbanae
612 3399 754 3486 legiones
786 3424 806 3465 a
832 3400 1016 3466 consulibus
1050 3423 1075 3467 s(

147 3514 333 3576 summaque
350 3486 444 3558 trium
462 3505 493 3558 et
510 3494 621 3582 viginti
638 3493 800 3580 legionum
818 3516 856 3559 co
874 3517 960 3559 auno
978 3496 1075 3560 effect

111 3606 127 3655 8
210 3585 373 3652 Dilectum
385 3588 550 3654 consulum
563 3587 610 3653 M.
620 3587 777 3654 Postumii
785 3588 963 3676 Pyrgensis
978 3613 1053 3655 cum
1066 3616 1075 3655 1

113 3698 244 3768 aprope
270 3691 357 3747 motu
391 3705 496 3749 rerum
527 3684 646 3749 facturn
675 3683 827 3768 impediit.
891 3684 1075 3770 publicanus

145 3773 345 3855 Postumius,
380 3777 435 3862 qui
460 3778 566 3844 multis
597 3779 687 3843 annis
714 3799 823 3863 parem
848 3775 962 3843 fraude
989 3780 1075 3845 avari

146 3869 304 3936 neminem
315 3871 350 3936 in
363 3872 488 3939 civitate
501 3871 653 3940 habuerat
664 3881 788 3959 praeter
796 3871 836 3938 Τ.
846 3870 1075 3960 Pomponium*

147 3971 271 4043 tanum,
294 3986 388 4050 quem
405 3968 607 4054 populantem
625 3977 854 4055 temere-agros
871 3968 906 4033 in
923 3968 1070 4035 Lucanis
