2528 4530
298 234 420 290 muns
435 233 642 304 xxr,o1.5a.
663 239 700 304 [a.
711 233 741 291 c.
751 236 815 301 218]
1031 225 1075 292 43

64 395 188 463 aesidii
207 416 281 458 cum
298 390 393 479 paulo
411 392 516 456 minus
535 390 659 457 duobus
681 392 807 459 milibus
829 393 962 460 militum
986 397 1076 483 oppi-

64 512 176 574 umque
196 510 271 554 cum
287 486 392 552 insula
409 486 551 551 traditur.
590 485 664 551 inde
681 496 753 572 post
769 508 888 572 paucos
907 490 975 556 dies
992 491 1074 556 redi-

64 608 102 650 rm
122 581 336 668 Lilybaeum,
368 580 546 666 captivique
573 589 604 646 et
629 603 649 646 a
675 582 803 647 consule
830 592 861 647 et
887 606 906 648 a
931 594 1073 669 praetore

64 686 159 744 raetcr
190 676 335 762 insignes
365 674 528 740 nobilitate
559 674 643 740 viros
673 675 732 740 sub
759 697 875 741 corona
899 678 1072 743 venierunt

64 781 207 856 ostquam
229 768 272 835 ab
294 792 334 835 ea
354 777 442 855 parte
461 768 537 833 satis
556 776 657 833 tutam
676 765 817 834 Siciliam
834 770 982 837 comebat
999 794 1106 841 eon-s

64 866 102 944 ul,
119 865 161 932 ad
178 863 302 930 insulas
316 862 466 940 Vulcani,
485 862 560 946 quia
572 862 660 927 fama
677 872 743 927 erat
762 873 843 930 stare
860 864 905 930 ibi
917 863 1071 931 Punicam

64 959 187 1037 basem,
207 958 342 1036 traiecit,
362 978 420 1023 nec
439 957 605 1041 quisquam
623 957 762 1023 hostium
780 957 862 1023 circa
880 980 934 1025 eas
951 960 1071 1026 insulas

64 1065 197 1121 aventus.
232 1053 296 1117 iam
323 1051 404 1116 sorte
431 1052 667 1116 transmiserant
692 1052 734 1117 ad
754 1054 940 1118 vastandam
962 1055 1107 1124 Italiaes

64 1171 142 1227 ram,
165 1147 421 1234 depopulatoque
439 1145 627 1212 Viboniensi
644 1168 721 1233 agro
738 1146 849 1212 urbem
866 1149 960 1213 ctiam
979 1159 1074 1215 terre-

64 1255 126 1313 ant
167 1243 324 1330 repetenti
353 1239 494 1307 Siciliam
525 1242 646 1307 consuli
677 1243 840 1308 exscensic
870 1242 1009 1308 hostium
1040 1245 1107 1312 ino

64 1360 152 1429 grum
169 1338 402 1404 Viboniensem
424 1336 508 1401 facta
525 1338 687 1402 nuntiatur
702 1338 885 1422 litteraeque
903 1338 944 1404 ab
963 1348 1073 1404 senatu

64 1432 88 1507 b
108 1434 241 1500 transitu
266 1434 300 1497 in
325 1430 451 1497 Italiam
476 1429 667 1496 Hannibalis
694 1440 726 1496 et
751 1440 787 1496 ut
817 1433 917 1518 primo
948 1453 1072 1518 quoque

64 1548 180 1615 empore
200 1526 351 1614 conlegae
364 1525 460 1590 ferret
473 1525 624 1590 auxilium
637 1526 753 1591 missae
766 1527 939 1592 traduntur.
967 1528 1072 1592 multis
1092 1547 1107 1594 6

64 1621 134 1687 imul
150 1622 268 1688 anxius
287 1621 369 1686 curis
388 1620 560 1685 exercitum
577 1620 734 1706 extemplo
747 1621 780 1685 in
792 1642 889 1686 naves
903 1622 1073 1707 inpositum

64 1712 221 1789 himinum
239 1715 319 1780 mari
337 1735 451 1800 supero
465 1713 560 1792 misit,
581 1711 680 1780 Sexto
693 1713 869 1800 Pomponio
882 1715 987 1802 legato
1001 1737 1074 1779 cum

64 1809 150 1898 viginti
167 1810 309 1895 quinque
327 1808 430 1896 longis
448 1807 582 1873 navibus
601 1807 828 1874 Viboniensem
847 1832 958 1896 agrum
980 1809 1074 1873 mari·

64 1902 224 1988 imamque¹
241 1926 329 1968 oram
354 1901 465 1967 Italiae
492 1903 640 1967 tuendam
667 1902 828 1981 adtribuit,
860 1901 908 1968 M.
935 1901 1073 1969 Aemilio

64 1999 175 2085 praetori
194 1996 424 2085 quinquaginta
440 1997 567 2061 navium
587 1996 721 2061 classem
739 1998 885 2082 explevit.
911 1999 980 2083 ipse
998 2020 1073 2063 con·
1091 2019 1105 2064 7

64 2093 152 2179 psitie
174 2089 304 2158 Siciliae
324 2090 420 2157 rebus
442 2091 551 2156 decem
572 2090 706 2156 navibus
730 2113 816 2156 oram
833 2091 944 2156 Italiae
965 2092 1073 2176 legens

64 2184 222 2259 lriminum
246 2184 396 2271 pervenit.
420 2186 506 2263 ¹inde
528 2207 600 2249 cum
623 2185 760 2250 exercitu
779 2208 836 2250 suo
854 2184 1014 2272 profectus
1032 2184 1074 2249 ad

64 2276 194 2367 lmbiam
211 2279 331 2343 flumen
348 2278 498 2365 conlegae
516 2279 724 2364 coniungitur.

106 2373 182 2439 LII.
229 2373 300 2437 Iam
330 2372 423 2439 ambo
449 2371 596 2438 consules
623 2381 654 2437 et
679 2371 833 2456 quidquid
858 2372 1105 2439 Romanarumr

64 2466 154 2555 virium
178 2476 247 2532 crat
267 2465 444 2532 Hannibali
465 2466 643 2552 oppositum
666 2475 721 2530 aut
741 2465 803 2530 illis
826 2466 924 2550 copiis
948 2459 1077 2530 delendi

64 2578 136 2647 quase
156 2561 339 2627 Romanum
364 2561 530 2647 imperium
557 2570 611 2625 aut
637 2581 726 2646 spem
747 2559 865 2623 nullam
888 2559 981 2624 aliam
1004 2579 1074 2623 esse

64 2657 121 2721 tatis
141 2654 332 2720 declarabat.
368 2664 474 2720 tamen
497 2653 607 2720 consul
625 2654 703 2719 altar
720 2654 857 2737 equestri
874 2653 992 2739 proelio
1010 2675 1073 2719 uno
1091 2673 1107 2720 2

64 2750 224 2817 tlvulnere
248 2771 306 2814 suo
329 2746 388 2834 (et)
410 2748 549 2813 minutus
573 2745 654 2812 trahi
675 2770 742 2812 rem
764 2746 914 2825 malebat,
940 2747 1074 2813 recentis

64 2842 138 2909 nimi
163 2844 245 2909 alter
265 2865 366 2928 eoque
387 2842 522 2908 ferocior
544 2842 662 2908 nullam
685 2843 866 2908 dilationem
888 2843 1073 2930 patiebatur.

64 2938 127 3026 prod
142 2938 226 3003 inter
244 2937 392 3003 Trebiam
409 2936 598 3022 Padumque
617 2937 685 3023 agri
702 2946 751 3002 est
769 2933 853 3002 Galli
875 2948 943 3002 tum
960 2936 1077 3003 incole·
1094 2957 1109 3005 3

64 3024 131 3110 lant,
153 3033 190 3097 in
207 3033 343 3097 duorum
360 3032 610 3117 praepotentium
628 3030 815 3117 populorum
834 3033 1001 3096 certamine
1018 3053 1076 3116 per

64 3125 227 3214 unbiguum
245 3126 388 3190 favorem
400 3123 478 3190 haut
491 3124 585 3190 dubie
598 3125 732 3211 gratiam
745 3126 871 3189 victoris
887 3134 1073 3211 spectantes.

64 3216 240 3298 tuomani,
259 3221 353 3287 modo
370 3241 411 3284 ne
428 3220 506 3303 quid
522 3228 697 3296 moverent,
717 3240 818 3303 aequo
837 3220 928 3297 satis,
946 3217 1074 3283 Poenus
1092 3239 1110 3284 4

64 3315 205 3401 periniquo
224 3315 330 3380 animo
347 3314 483 3392 ferebat,
507 3314 547 3379 ab
567 3311 669 3380 Gadis
687 3313 821 3379 accitum
840 3312 1017 3378 sevenisse
1035 3312 1077 3377 ad

64 3404 221 3475 iterandos
241 3431 296 3475 eos
315 3409 470 3475 dictitans.
507 3408 548 3474 ob
576 3430 647 3474 eam
667 3407 761 3486 iram,
788 3406 882 3472 simul
903 3415 939 3471 ut
959 3406 1111 3493 praeda5

64 3503 173 3577 ailitem
195 3505 308 3583 aleret,
335 3505 398 3570 duo
420 3505 508 3570 milia
529 3504 670 3590 peditum
692 3513 723 3569 et
745 3502 830 3567 mille
852 3503 987 3586 equites,
1010 3501 1077 3566 Nu·

64 3597 142 3665 uides
174 3598 358 3686 plerosque,
391 3599 506 3664 mixtos
533 3598 687 3683 quosdam
718 3607 750 3664 et
777 3594 902 3675 Gallos,
934 3595 1078 3682 populari

64 3715 170 3759 mnem
204 3693 355 3780 deinceps
391 3716 503 3780 agrum
537 3715 638 3778 usque
673 3692 715 3758 ad
744 3691 826 3757 Padi
854 3691 939 3777 ripas
973 3690 1076 3756 iussit.

64 3799 173 3878 gentes
196 3810 258 3873 ope
278 3785 377 3866 Galli,
404 3809 476 3853 cum
498 3788 539 3854 ad
559 3788 594 3852 id
614 3787 727 3853 dubios
748 3796 926 3853 servassent
944 3785 1075 3864 animos,
1096 3803 1110 3853 6

64 3885 141 3950 nacti
160 3881 202 3948 ab
222 3883 403 3948 auctoribus
421 3882 552 3948 iniuriae
570 3882 612 3947 ad
628 3881 769 3947 vindices
783 3880 906 3945 futuros
920 3879 1078 3945 declinant

64 3980 222 4067 galleque
239 3978 281 4044 ad
299 3977 443 4044 consules
461 3977 567 4043 missis
586 3976 737 4043 auxilium
750 3976 965 4041 Romanorum
978 3983 1078 4042 terrae
