2528 4530
143 239 210 305 520
377 245 497 304 LIBER
514 244 616 315 m,
634 244 734 300 3536.
753 246 937 316 [auaht'fl]
1184 174 1190 243 l

143 407 266 499 proelio
282 406 378 473 modo
396 428 446 482 se,
464 403 522 469 sed
538 403 624 468 bello
639 403 772 482 victum,
789 424 851 469 nec
868 426 962 491 spem
979 403 1146 472 salutisalrbi
1172 430 1175 435 ·

145 526 242 591 quam
258 502 293 566 in
308 521 388 588 pace
404 497 604 585 impetranda
620 519 703 562 esse.

113 622 127 669 1
210 594 382 662 xxm
422 591 532 678 Scipio
549 591 717 656 confestim
735 615 756 656 a
770 591 892 678 proelio
910 594 1092 680 expugnatis
1104 593 1144 659 ho

147 688 372 757 stiumcastris
390 686 585 772 direptisque
605 706 680 750 cum
700 685 1143 773 ingentipraedaadmareac

113 806 247 854 anaves
272 781 366 847 rediit
385 780 496 845 nuntio
519 779 639 856 adlato,
664 779 705 844 P.
726 780 902 844 Lentulum
923 802 999 846 cum
1022 782 1141 866 qninqua-
1178 844 1181 849 .

146 879 236 967 ginta
251 875 410 952 rostratis,
428 884 556 939 centum
572 873 739 952 onmiis,
761 896 835 939 cnm
851 876 940 940 omni
956 898 1071 963 genere
1082 896 1138 942 son-

112 984 270 1043 smeatua
297 970 339 1034 ad
354 969 485 1036 Uticam
511 967 695 1033 accessisse.
740 969 977 1035 admovendum
1001 971 1140 1058 iginum·

148 1066 243 1151 dique
261 1076 413 1130 terrorem
429 1061 595 1149 perculsae
612 1059 800 1150 Carthagini
815 1075 920 1142 ratus,
947 1065 1045 1130 misso
1059 1062 1144 1129 Laelio

145 1161 284 1227 Romam
305 1179 378 1222 cum
399 1156 549 1222 victoriae
570 1156 681 1223 nuntio
704 1155 878 1222 Octavium
902 1159 1044 1224 terrestri
1063 1157 1144 1223 itinere

147 1255 262 1319 ducere
279 1252 421 1339 legiones
432 1248 660 1336 Carthaginem
676 1250 776 1329 iubet3
793 1250 864 1339 ipse
879 1252 921 1316 ad
934 1276 1025 1318 suam
1037 1264 1145 1318 veterem

145 1371 230 1414 nova
250 1345 384 1412 Lentuli
405 1345 509 1409 classe
530 1345 679 1409 adiuncta
697 1346 860 1432 profectus
878 1347 921 1411 ah
937 1347 1035 1414 Uria
1048 1357 1146 1434 portam

112 1440 353 1528 scarthaginis
378 1438 466 1526 petit
511 1437 597 1503 haud
621 1439 733 1526 procul
758 1440 881 1519 aberat,
908 1462 984 1506 cum
1004 1441 1098 1506 relata
1113 1439 1147 1503 iu·

146 1536 221 1601 lulis
252 1534 412 1619 ramisque
442 1533 531 1598 oleae
562 1530 875 1620 Carthaginiensium
909 1535 1045 1601 occurrit
1069 1533 1147 1599 naris.

147 1629 258 1695 decem
275 1629 373 1715 legati
391 1638 493 1705 erant,
510 1626 670 1713 principes
688 1627 838 1706 civitatis,
857 1626 1149 1695 motoraHamibda

113 1724 237 1791 amissi
264 1723 305 1787 ad
330 1722 501 1809 petendam
526 1743 648 1808 pacem.
692 1722 746 1807 qui
766 1743 840 1787 oum
865 1723 907 1788 ad
927 1723 1060 1813 puppim
1080 1743 1151 1811 prae·

147 1818 246 1883 toriae
267 1817 359 1883 navis
382 1816 593 1881 accessissent
614 1816 792 1882 velamenta
813 1817 995 1904 supplicum
1015 1818 1153 1905 porrigen-

147 1922 210 1988 tes,
237 1921 363 1977 orantes
381 1910 649 1996 implorantesque
667 1911 763 1976 fidem
784 1933 823 1976 ac
838 1913 1083 1979 misericordiam
1098 1908 1152 1976 sd

113 2003 264 2091 opionis,
299 2003 423 2067 nullum
456 2003 495 2069 iis
531 2003 618 2068 aliud
650 2027 839 2092 responsum
873 2006 986 2072 datum
1018 2029 1106 2092 quam
1128 2015 1152 2068 nt

146 2097 305 2186 Tynetem
323 2098 479 2162 venirent:
512 2117 550 2163 eo
569 2120 604 2162 se
621 2110 781 2164 moturum
798 2111 912 2166 castra.
955 2100 1027 2188 ipse
1043 2100 1083 2166 ad
1097 2121 1154 2164 cou-

147 2193 363 2280 templandum
390 2190 595 2280 Carthaginis
622 2194 738 2271 situm,
773 2217 839 2260 non
868 2206 935 2259 tam
965 2193 1154 2261 noscendiin

145 2288 326 2375 praesentia
356 2309 452 2372 quam
483 2287 679 2374 deprimendi
710 2288 811 2354 hostis
841 2309 938 2354 causa
968 2285 1155 2377 [provectus]9

113 2406 126 2451 7
145 2383 289 2459 Uticam,
319 2383 432 2448 eodem
455 2391 487 2447 et
510 2381 647 2448 Octavio
672 2394 834 2460 revocato,
860 2384 965 2449 rediit
1009 2385 1082 2450 inde
1101 2405 1157 2471 pro

147 2478 330 2542 cedentibus
355 2477 396 2540 ad
413 2476 572 2561 Tynetem
593 2476 722 2540 nuntius
745 2477 883 2555 adlatus,
909 2477 1096 2546 Verminam
1112 2475 1157 2560 Sy·
1187 2506 1190 2525 ¹

145 2571 256 2657 phocis
290 2571 391 2636 filium
420 2591 494 2634 cum
524 2571 681 2654 equitibus
712 2571 855 2658 pluribus
886 2593 985 2656 quam
1019 2573 1155 2660 peditibus
1188 2604 1190 2611 ·

111 2666 253 2731 svenire
285 2663 602 2752 Carthaginiensibus
635 2665 760 2731 auxilio.
813 2689 887 2752 pars
918 2668 1080 2734 exercitus
1104 2687 1158 2733 cum

145 2760 232 2824 omni
258 2760 398 2842 equitatu
422 2757 643 2824 Saturnalibus
664 2759 774 2846 primis
797 2782 912 2848 agmen
939 2761 1096 2848 adgressa
1109 2761 1160 2828 Nu·

145 2853 302 2916 midarum
319 2852 383 2916 levi
400 2854 570 2918 certamine
588 2853 679 2918 fudit.
716 2854 803 2919 exitu
820 2876 948 2939 quoque
967 2857 1067 2944 fugae
1083 2858 1160 2922 inter·

146 2945 234 3010 cluso
259 2957 349 3033 parte
371 2947 457 3011 omni
483 2948 685 3013 circumdatis
707 2948 864 3033 equitibus
887 2950 1074 3034 quindecim
1092 2950 1160 3017 milis

145 3037 309 3104 hominum
328 3061 434 3118 caesa,
461 3041 547 3106 mille
570 3052 601 3105 et
619 3041 746 3107 ducenti
768 3042 833 3107 vivi
854 3043 939 3128 capti
963 3056 1043 3110 sunt
1059 3056 1090 3110 ct
1104 3039 1160 3125 equi

144 3133 302 3198 Numidici
319 3135 405 3199 mille
427 3145 459 3199 et
481 3135 660 3222 quingenti,
689 3136 781 3223 signa
802 3135 951 3202 militaria
974 3138 1041 3204 duo
1060 3150 1091 3205 et
1104 3156 1159 3220 sep·

145 3229 297 3315 tuaginta.
349 3229 478 3316 regulus
504 3229 586 3294 inter
611 3230 780 3295 tumultum
811 3251 883 3294 oum
912 3232 1030 3318 paucis
1059 3229 1160 3316 effugit·

111 3341 125 3389 9
145 3331 212 3386 tum
230 3323 271 3388 ad
288 3323 447 3408 Tynetem
464 3324 577 3389 eodem
594 3345 656 3408 quo
675 3336 748 3390 ante
770 3325 840 3390 loco
858 3335 965 3391 castra
986 3327 1106 3413 posita,
1127 3323 1162 3387 lo

143 3417 272 3502 gatique
294 3417 424 3504 triginta
446 3415 641 3504 CarthagIne
663 3420 705 3484 ad
727 3417 909 3505 Scipionem
933 3432 1102 3486 venerumt.
1137 3426 1162 3479 tl

143 3510 188 3575 illi
211 3512 338 3595 quidem
360 3512 459 3578 multo
481 3513 691 3578 miserabilius
715 3535 810 3597 quam
837 3524 947 3592 antea,
984 3537 1052 3600 quo
1077 3511 1163 3599 magis

143 3606 278 3692 cogebat
291 3606 431 3684 fortuna,
450 3618 592 3693 egerunt,
612 3607 669 3672 sed
684 3607 843 3690 aliquanto
857 3607 982 3674 minore
997 3631 1072 3674 oum
1085 3607 1163 3673 mise·

93 3717 125 3764 10
142 3699 277 3764 ricordia
295 3701 335 3764 ab
352 3694 471 3765 recenti
489 3702 640 3766 memoria
656 3702 806 3788 perfidiae
825 3701 924 3766 auditi
940 3714 1027 3769 sunt.
1055 3704 1087 3768 in
1103 3723 1164 3767 oon·

143 3791 213 3858 silio
231 3814 423 3878 quamquam
444 3795 528 3859 iusta
548 3795 596 3860 ira
617 3794 719 3860 omnis
743 3796 784 3860 ad
801 3795 973 3862 delendam
996 3795 1163 3862 stimulabat

144 3882 389 3973 Carthaginem,
426 3899 532 3953 tamen
558 3909 630 3953 cum
657 3900 689 3954 et
716 3899 834 3975 quanta
858 3911 911 3955 res
940 3903 1049 3970 esset,
1083 3907 1161 3974 quam

142 3975 230 4064 longi
248 3982 397 4067 temporis
416 3981 539 4048 obsidio
562 3994 626 4048 tam
648 3982 787 4049 munitae
810 3994 926 4050 ettam
945 3985 1072 4052 validae
1089 3980 1162 4048 urbis
