2528 4514
161 237 278 292 Lmen
295 237 422 307 xxvn,
441 237 482 293 24.
496 237 538 292 25.
559 237 711 309 [aenos]
889 227 953 296 353

94 416 126 455 m
154 393 260 458 edixit.
304 395 377 459 inde
407 406 515 481 portas
547 397 705 462 custodire
730 396 810 462 iussi
836 397 953 462 tribuni

95 488 291 572 ›raefectique
311 489 431 553 socitlm
445 500 477 554 et
491 489 704 568 centuriones,
722 513 764 557 ne
777 493 847 576 quis
860 507 953 560 nocte

95 595 130 647 et.
174 581 207 645 id
226 584 355 669 segnius
373 583 656 670 neglegentiusque
673 586 807 652 factum:
832 599 954 674 septem
971 607 988 654 4

103 689 244 755 senatus,
263 678 447 762 priusquam
466 678 627 743 custodiae
644 678 678 742 in
694 680 794 766 portis
812 681 955 748 locaren-

95 782 220 836 noctem
238 793 310 835 cum
327 771 434 836 liberis
453 783 632 837 evaserunt.
666 785 795 859 postero
813 775 864 841 die
881 776 952 842 luce
971 797 987 842 5

95 890 142 930 um
166 877 293 932 senatus
314 866 348 930 in
370 868 473 932 lorum
492 867 581 931 citari
599 880 729 954 coeptus
747 882 846 949 esset,
870 871 955 937 desi-

95 983 214 1045 onaque
237 984 345 1026 eorum
368 961 542 1027 venierunt.
579 963 731 1028 aceteris
755 966 952 1032 senatoribus

95 1054 184 1142 iginti
202 1056 343 1133 obsides,
361 1055 451 1120 liberi
468 1056 624 1142 ipsorum,
648 1057 769 1143 accepti
786 1058 953 1143 traditique

97 1150 140 1214 tio
166 1150 302 1215 Romam
330 1150 515 1215 deducendi.
568 1150 597 1215 is
627 1151 733 1216 omnia
759 1153 987 1238 suspectiores

95 1267 111 1308 e
129 1244 254 1308 fuerant
270 1244 304 1307 in
323 1255 434 1309 senatu
456 1244 541 1310 fecit.
584 1244 691 1329 itaque
713 1256 874 1330 tamquam
894 1247 954 1312 im·

95 1339 227 1403 Etrusco
258 1338 393 1402 tumultu
422 1337 580 1425 legionem
610 1362 720 1416 unam,
752 1339 882 1405 alteram
913 1364 954 1407 ex

95 1433 250 1496 Arretium
269 1433 383 1496 ducere
399 1432 506 1497 iussus
524 1433 593 1518 ipse
612 1431 651 1498 C.
665 1433 848 1513 Terentius,
868 1458 954 1501 eam·

95 1549 126 1590 re
147 1527 181 1589 in
202 1526 360 1612 praesidio
382 1527 483 1605 urbis3
509 1524 548 1592 0.
565 1527 739 1592 Hostilium
758 1550 829 1593 cum
848 1540 986 1596 ceteros

95 1621 187 1686 rlacet
205 1632 303 1686 totam
320 1621 515 1707 provinciam
531 1644 701 1707 peragrare
719 1633 751 1688 et
768 1643 894 1702 cavere,
911 1647 953 1690 ne

95 1714 130 1779 io
148 1738 265 1781 novare
284 1715 481 1802 cupientibus
499 1738 551 1780 res
566 1715 702 1782 daretur.
730 1715 769 1782 G.
783 1717 951 1783 Terentius
970 1732 987 1781 8

95 1833 149 1873 um
177 1831 249 1872 cum
274 1810 399 1896 legione
426 1809 526 1886 venit,
561 1809 666 1875 claves
693 1822 854 1897 portarum
880 1833 953 1878 cum

95 1927 128 1968 us
143 1904 356 1990 poposcisset,
374 1905 563 1992 negantibus
577 1905 616 1970 iis
631 1927 823 1993 comparere,
841 1909 953 1974 fraude

95 1998 158 2084 agis
168 2011 255 2063 ratus
265 2022 360 2082 qnam
369 2000 570 2088 neglegentia
578 2000 785 2080 intercidisse,
795 2001 864 2089 ipse
874 2002 951 2068 alias

95 2093 197 2157 mibus
224 2093 323 2179 portis
349 2094 512 2180 imposuit,
540 2094 685 2178 cavitque
707 2117 779 2161 cum
801 2118 890 2176 cura,
917 2107 953 2162 nt

110 2198 267 2274 potestate
290 2211 348 2252 sua
370 2199 491 2266 essent3
517 2188 692 2254 Hostilium
712 2188 863 2255 intentius
885 2209 985 2256 nno-9

95 2307 111 2345 n
129 2305 166 2346 eo
186 2305 276 2367 spem
294 2305 357 2347 non
375 2294 517 2348 moturos
536 2283 704 2365 quicquam
721 2283 877 2349 Etruscos
894 2306 953 2370 po·

95 2399 131 2440 ne
151 2377 227 2460 quid
243 2376 364 2440 moveri
381 2387 492 2463 posset
509 2377 656 2441 cavisset.

98 2519 105 2534 .
140 2471 193 2534 De
212 2470 392 2535 Tarentinis
410 2471 483 2534 inde
501 2493 618 2556 magna
635 2469 833 2537 contentione
852 2471 885 2535 in
903 2493 952 2536 se·
972 2491 985 2537 1

97 2589 129 2628 m
152 2588 258 2630 coram
275 2565 392 2643 Fabio,
420 2565 609 2630 defendente
632 2564 702 2650 ipso
724 2587 804 2649 quos
826 2577 954 2652 ceperat

97 2660 123 2724 is
142 2659 274 2724 infensis
294 2671 325 2725 et
341 2660 501 2745 plerisque
520 2659 726 2743 aequantibus
745 2681 799 2724 eos
815 2657 953 2745 Campa·

97 2776 156 2817 xae
179 2776 373 2839 poenaeque.
420 2764 547 2818 senatus
570 2753 749 2819 consultum
769 2752 804 2816 in
827 2764 985 2821 senten-2

96 2847 182 2910 Acili
205 2848 324 2911 factum
348 2856 410 2924 est,
438 2857 473 2911 ut
495 2847 645 2934 oppidum
667 2846 824 2934 praesidio
848 2860 953 2914 custo·

97 2941 291 3024 arentinique
314 2964 424 3006 omnes
451 2941 534 3005 intra
559 2942 684 3007 moenia
710 2942 952 3019 continerentur,

95 3060 119 3099 *a
135 3046 248 3121 postea
264 3037 443 3113 referretur,
466 3057 537 3099 cum
555 3035 750 3118 tranquillior
769 3046 869 3100 status
886 3036 953 3099 Ita-

95 3156 108 3193 :.
154 3140 186 3193 et
213 3131 252 3194 de
273 3129 322 3194 M.
344 3130 440 3194 Livio
466 3129 626 3215 praefecto
654 3129 734 3192 areis
762 3129 987 3194 Tarentinaea

95 3245 154 3288 rore
178 3224 347 3288 certamine
366 3234 470 3288 actum
489 3233 551 3302 est,
575 3223 643 3287 aliis
663 3233 791 3286 senatus
810 3221 953 3289 consulto

95 3341 108 3381 s
127 3318 337 3402 praefectum,
356 3319 441 3400 quod
459 3319 526 3383 eius
542 3316 685 3383 socordia
693 3316 867 3380 Tarentum
880 3337 954 3400 pro-

95 3412 130 3475 rti
148 3423 247 3488 esset,
271 3411 340 3476 aliis
358 3413 499 3497 praemia
516 3410 771 3487 decernentibus,
795 3410 881 3493 quod
896 3432 953 3496 per
971 3429 988 3476 4

95 3505 177 3568 nium
194 3527 299 3570 arcem
317 3516 436 3570 tutatus
455 3518 540 3570 esset
557 3504 756 3587 maximeque
773 3503 867 3568 unius
886 3503 953 3569 eius

95 3612 204 3685 eptum
217 3600 392 3664 Tarentum
406 3601 502 3679 foret,
520 3600 632 3664 mediis
653 3599 694 3663 ad
711 3620 872 3675 censores,
889 3618 953 3662 non
972 3616 987 3664 5

97 3717 128 3757 m
142 3694 301 3759 notionem
316 3695 355 3759 de
366 3716 403 3760 eo
412 3695 568 3782 pertinere
578 3692 764 3757 dicentibus.
783 3691 871 3756 cuius
882 3712 954 3755 sen·

107 3788 228 3853 Fabius
246 3787 319 3866 fuit3
340 3789 454 3854 adiecit
472 3800 577 3853 tamen
594 3786 687 3851 fateri
705 3809 754 3863 se,
773 3808 869 3870 opera
877 3783 954 3848 Livi

95 3892 284 3968 deceptum,
298 3884 383 3966 quod
393 3883 485 3948 amici
494 3883 561 3947 eius
571 3881 667 3968 vulgo
676 3880 710 3944 in
720 3890 831 3945 senatu
840 3879 955 3944 iactas-

94 3997 134 4040 ue
150 3976 234 4041 enim
246 3977 465 4064 recipiundum
479 3976 587 4055 fuisse,
606 3974 668 4040 nisi
681 3974 833 4040 amissum
845 3973 937 4040 foret.

96 4077 121 4120 Η·
748 4075 782 4129 23
