2528 4530
134 243 198 309 452
340 252 460 308 niens
478 250 635 321 xxuur,
655 250 753 305 10.11.
773 249 961 322 [aucus]

132 435 242 501 posse,
261 411 288 477 si
301 409 407 475 Mater
423 407 520 473 Idaea
537 433 557 472 a
568 407 758 473 Pessinunte
768 407 905 474 Romam
923 409 1053 474 advecta
1067 409 1133 477 foret

100 528 115 575 e
133 508 166 572 id
184 527 309 572 carmen
326 502 366 569 ab
384 501 569 568 decemviris
587 502 750 567 inventum
767 525 804 568 eo
818 502 921 589 magis
936 511 1040 588 patres
1052 505 1131 580 morit,

133 600 218 688 quod
237 609 268 664 et
289 598 398 685 legati,
425 595 479 681 qui
501 598 619 661 donum
640 596 785 682 Delphos
806 605 1131 695 portaverant,ere·
1046 597 1131 663 relere·
1178 652 1181 657 .

133 695 224 772 bant,
250 703 281 759 et
304 690 585 758 sacrificantibus
576 691 654 777 ipsis
671 690 788 776 Pythio
809 690 963 800 Apolloni
983 668 1063 758 laeta
1081 702 1132 757 exta

132 789 233 854 fuisse
251 796 282 852 et
299 808 485 872 responsum
498 784 624 850 oraculo
637 785 765 864 editum,
784 785 935 851 maiorem
949 786 1047 852 multo
1062 786 1133 851 ricto
1181 802 1187 835 4

132 883 213 947 riam
230 903 325 965 quam
343 882 432 945 cuius
450 901 490 943 ex
508 878 615 965 spoliis
634 879 717 944 dona
738 889 898 966 portarent
915 882 1029 947 adesse
1045 879 1133 966 populo

100 976 287 1043 chmano.
331 975 364 1038 in
386 972 526 1039 eiusdem
549 973 617 1059 spei
639 996 794 1039 summam
816 973 1021 1041 conferebant
1035 973 1070 1039 P.
1087 971 1135 1040 Sci·

132 1068 236 1156 pionis
262 1067 348 1133 velut
373 1067 623 1154 praesagientem
648 1067 788 1133 animum
814 1067 854 1132 de
879 1067 942 1133 fine
963 1065 1051 1146 belli,
1074 1065 1137 1152 quod

98 1181 114 1229 8
133 1163 370 1249 depoposcisset
385 1160 579 1247 provinciam
596 1159 749 1226 Africam.
783 1161 904 1246 itaque,
932 1183 996 1247 quc
1013 1161 1138 1229 maturius

132 1255 221 1333 fatis,
240 1253 414 1320 ominibus
450 1253 647 1338 oraculisque
671 1254 886 1341 portendentis
914 1277 986 1322 sese
1016 1255 1139 1322 victoriae

130 1358 293 1436 compotes
314 1348 438 1424 fierent,
464 1346 498 1411 id
520 1348 671 1434 cogitare,
701 1369 783 1433 qnae
804 1349 883 1414 ratio
905 1349 1141 1436 transportandae

132 1444 269 1510 Romam
287 1442 365 1507 deae
383 1452 475 1507 esset.

98 1560 113 1606 1
197 1536 262 1601 XI.
306 1535 492 1601 Nullasdum
515 1536 548 1599 in
565 1533 647 1602 Asia
669 1538 769 1603 socias
793 1537 935 1603 civitates
953 1537 1088 1604 habebat
1102 1559 1142 1624 po

131 1630 226 1716 pulus
252 1630 429 1707 Romanus3
457 1638 561 1694 tamen
587 1652 757 1709 memores,
783 1631 1014 1719 Aesculapium
1040 1653 1142 1718 quoque

132 1748 173 1790 ex
191 1722 326 1792 Graecia
347 1725 505 1808 quondam
528 1725 689 1790 hauddum
713 1726 777 1792 ullo
794 1727 922 1793 foedere
944 1729 1065 1794 sociata
1079 1727 1143 1793 vala·

98 1819 249 1887 atudinis
276 1818 385 1904 populi
411 1841 506 1883 eausa
532 1819 730 1897 arcessitum,
766 1829 839 1886 tunc
864 1821 929 1886 iam
955 1843 1030 1887 cum
1055 1821 1143 1887 Attalo

132 1935 206 1998 rege
219 1921 345 1998 propter
358 1934 522 1978 commune
536 1914 687 1979 adversus
696 1913 879 2001 Philippum
891 1914 1012 1981 bellum
1021 1926 1144 2003 coeptam

132 2007 302 2072 amicitiam
319 2028 402 2085 esse,
422 2007 577 2073 facturum
596 2030 668 2073 eum
686 2029 767 2093 quae
784 2018 893 2095 posset
905 2011 1018 2096 populi
1031 2009 1145 2078 Romani

99 2122 115 2169 3
133 2123 242 2179 causa,
260 2101 382 2188 legatos
400 2102 441 2166 ad
454 2125 527 2167 eum
540 2102 724 2181 decernunt,
743 2102 790 2168 M.
801 2102 964 2174 Valerium
973 2106 1145 2182 Laevinum

132 2196 187 2279 qui
205 2195 254 2260 bis
273 2195 383 2261 consul
399 2195 502 2261 fuerat
519 2219 556 2261 ac
573 2219 624 2262 res
642 2197 675 2261 in
694 2194 828 2263 Graecia
844 2208 1003 2284 gesserat,
1022 2200 1072 2266 M.
1083 2199 1145 2266 Cae·

132 2291 238 2355 cilium
255 2289 420 2355 Metellum
437 2293 641 2376 praetorium,
667 2290 735 2358 Ser.
756 2290 931 2379 Sulpicium
952 2291 1091 2361 Galbam
1109 2314 1146 2359 ae·

131 2385 283 2462 dilicium,
313 2385 392 2449 duos
416 2386 624 2468 quaestorios,
653 2385 712 2452 On.
737 2387 940 2453 Tremellium
958 2388 1147 2456 Flaccumet

96 2498 116 2546 4
130 2479 178 2544 M.
193 2479 355 2543 Valerium
372 2479 548 2545 Faltonem.
583 2480 622 2545 iis
640 2480 777 2565 quinque
794 2502 891 2546 naves
909 2482 1147 2568 quinqueremes,

130 2585 166 2638 ut
184 2597 224 2638 ex
242 2574 392 2660 dignitate
410 2573 517 2658 populi
527 2572 664 2639 Romani
681 2575 802 2639 adirent
819 2597 873 2640 eas
892 2585 1009 2654 terras,
1029 2578 1147 2661 adquae

130 2668 325 2733 concilianda
350 2666 498 2732 maiestas
525 2667 645 2732 nomini
670 2667 814 2733 Romano
840 2678 943 2747 esset,
979 2672 1147 2737 decernunt

97 2780 112 2826 5
130 2763 225 2847 legati
240 2761 352 2826 Asiam
369 2770 511 2846 petentes
528 2763 670 2847 protinus
683 2762 828 2849 Delphos
846 2786 919 2828 cum
937 2767 1148 2841 escendissent,

130 2855 292 2921 oraculum
310 2855 453 2919 adierunt
475 2856 688 2934 consulentes,
716 2857 757 2922 ad
778 2859 864 2941 quod
885 2861 1056 2946 negotium
1072 2862 1147 2927 dono

129 2949 219 3014 missi
237 2960 356 3025 essent,
382 2949 563 3034 perficiendi
585 2950 653 3016 eius
675 2972 770 3035 quam
788 2951 849 3017 sibi
872 2975 963 3038 spem
986 2955 1149 3042 populoque

96 3060 111 3107 6
130 3044 274 3110 Romano
292 3044 499 3129 portenderet.
526 3067 712 3130 responsum
731 3068 801 3111 esse
818 3045 933 3125 ferunt,
952 3049 1146 3133 perAttalun

129 3161 237 3225 regem
264 3147 426 3223 compotes
453 3138 521 3203 eius
548 3139 616 3203 fore
641 3141 727 3223 quod
751 3150 907 3227 peterent;
935 3163 1014 3208 cum
1031 3145 1146 3211 &man

129 3233 221 3297 deam
239 3232 452 3308 derexissent,
472 3240 538 3297 tum
557 3243 713 3311 curarent,
731 3243 767 3297 ut
784 3256 868 3311 eam,
886 3235 943 3318 qui
961 3238 1015 3303 vir
1031 3238 1145 3325 optima

96 3326 250 3391 rRomae
273 3335 370 3403 esset,
397 3326 534 3412 hospitio
561 3327 726 3413 exciperet.
771 3326 968 3413 Pergamum
996 3333 1040 3397 ad
1059 3350 1145 3418 regen

128 3429 289 3484 venerunt.
333 3421 362 3486 is
388 3421 509 3507 legatos
541 3422 670 3488 comiter
700 3431 845 3507 acceptos
871 3422 1145 3493 Pessinuntemin

128 3513 302 3600 Phrygiam
320 3514 450 3579 deduxit
467 3538 653 3600 sacrumque
674 3516 713 3582 iis
731 3516 883 3603 lapidem,
912 3539 1014 3603 quam
1035 3531 1142 3588 mahen

128 3609 223 3672 dehm
242 3631 312 3674 esse
330 3609 450 3674 incolae
469 3611 627 3687 dicebant,
648 3611 773 3676 tradidit
791 3632 828 3675 ac
846 3612 1018 3698 deportare
1031 3617 1141 3681 Rornm

94 3720 110 3768 8
127 3703 228 3768 iussit
264 3704 455 3788 praemissus
475 3703 514 3770 ab
532 3705 644 3791 legatis
662 3704 709 3769 M.
720 3704 866 3772 Valerius
885 3707 984 3775 Falto
1002 3706 1138 3777 nuntiavit

127 3797 219 3860 deam
246 3796 416 3906 adportari.
443 3799 708 3882 quaerendum
680 3822 780 3864 virum
803 3800 996 3885 optimum
986 3827 1020 3869 m
1041 3803 1138 3870 civim
1185 3848 1187 3877 ,

129 3911 213 3967 csse,
232 3892 287 3974 qui
304 3914 374 3956 eam
390 3893 448 3958 rite
466 3892 601 3978 hospitio
619 3895 783 3980 acciperet.
1182 3922 1187 3953 4

94 4003 109 4050 e
195 3981 235 4064 Q.
256 3982 413 4050 Caecilius
431 3986 501 4053 Met
502 3987 580 4053 ellus
604 3988 737 4055 dictator
757 3989 797 4054 ab
820 3991 988 4057 consule
977 4016 1013 4058 m
1032 3983 1133 4057 Bruttiis
1181 4003 1187 4046 4
