2566 4538
211 241 255 307 70
473 252 595 309 ‘LIBER
613 252 716 326 XXII,
735 255 778 310 15.
799 258 875 325 [au.
886 256 985 327 cust]

212 413 307 479 etiam
324 410 447 477 Romae
468 409 621 479 infamem
642 435 735 478 suam
753 412 984 483 cunctationem
1001 434 1090 494 esse,
1112 414 1235 484 obstine-

211 517 264 572 tus
295 514 402 573 tumen
431 513 539 571 tenore
571 507 683 573 eodem
709 506 913 579 consiliorum
938 507 1068 577 aestatis
1094 509 1232 596 reliquum

177 620 193 669 ι
212 603 360 680 extraxit,
384 610 420 669 ut
436 600 600 668 Hannibal
618 603 786 671 destitutus
805 602 845 669 ab
864 625 922 689 spe
940 626 1067 669 summa
1084 626 1147 692 ope
1162 606 1231 693 pcdli

212 697 390 767 certaminis
416 696 480 763 iam
506 695 645 763 hibernis
671 698 777 763 locum
799 698 1090 785 circumspectaret,
1117 700 1190 785 quic
1204 720 1231 769 eu

211 793 299 881 regio
316 792 491 879 praesentis
515 799 582 857 erat
604 792 726 877 copiae,
753 815 818 858 non
838 802 1025 879 perpetuae,
1053 791 1183 861 arbusta
1197 794 1231 859 ri·

211 908 353 971 neceque
371 896 402 952 et
419 884 543 953 consita
560 886 666 952 omnia
679 886 782 973 magis
797 886 938 953 amoenis
951 909 1049 973 quam
1061 887 1230 955 necessariis

179 981 378 1048 structibus.
414 980 494 1047 haec
510 1002 568 1067 per
585 979 797 1067 exploratores
815 980 914 1047 relata
930 979 1043 1048 Fabio.
1080 1003 1155 1049 cum
1172 981 1256 1049 sutis·

212 1076 305 1143 sciret
327 1098 385 1163 per
407 1075 535 1141 easdem
554 1075 731 1161 angustias,
756 1074 871 1160 quibus
889 1075 1063 1141 intraverat
1079 1075 1232 1143 Falernum
1251 1068 1260 1093 ²

211 1194 339 1259 agrum,
363 1170 550 1248 rediturum,
575 1168 763 1236 Calliculam
785 1180 925 1237 montem
946 1181 978 1236 et
997 1169 1175 1237 Casilinum
1191 1192 1233 1237 oo-
1257 1186 1260 1191 '

212 1276 307 1352 cupat
337 1265 470 1330 modicis
500 1264 681 1350 praesidiis,
717 1286 798 1349 quse
827 1264 904 1331 urbs
930 1263 1090 1331 Vulturno
1121 1263 1233 1331 flumine

177 1375 194 1422 4
212 1363 367 1448 dirempta
388 1360 559 1427 Falernum
581 1383 601 1426 a
624 1357 789 1445 Campano
816 1382 893 1446 agro
920 1360 1046 1425 dividit:
1074 1361 1145 1448 ipse
1164 1360 1233 1449 iugis

211 1457 313 1522 isdem
336 1454 508 1522 exercitum
530 1453 651 1521 reducit
674 1455 773 1521 misso
793 1453 990 1540 exploratum
1009 1477 1083 1521 cum
1100 1453 1234 1540 quadrir-

178 1563 193 1610 5
211 1550 315 1637 gentis
339 1547 497 1634 equitibus
522 1548 680 1613 sociorum
700 1549 743 1613 L.
766 1547 907 1615 Hostilio
923 1547 1087 1615 Mancino.
1132 1548 1186 1635 qui
1202 1568 1248 1625 ex,

212 1644 305 1710 turba
325 1644 477 1710 iuvenum
499 1643 694 1709 audientium
721 1666 816 1730 saepe
842 1642 954 1711 ferocit
941 1653 989 1709 ter
1014 1644 1235 1712 contionantem

211 1738 398 1827 magistrum
422 1737 563 1822 equitum
585 1760 772 1825 progressus
794 1738 896 1823 primo
918 1737 1127 1824 exploratoris
1143 1738 1234 1817 modo,

211 1844 248 1897 ut
273 1855 313 1898 ex
339 1841 408 1898 tuto
434 1831 649 1918 specularetur
673 1831 745 1897 host
733 1842 811 1910 t,em
839 1831 894 1898 ubi
917 1856 1017 1920 vagos
1043 1834 1168 1919 passim
1189 1854 1235 1921 prr

178 1940 192 1986 e
211 1924 463 1992 vicosNumidas
476 1925 568 2004 vidit,
587 1949 644 2012 per
658 1926 857 1991 occasionem
872 1935 903 1992 et
903 1927 966 1991 iam
983 1949 1105 2013 paucos
1124 1926 1234 2005 occidit,

211 2019 369 2106 extemplo
392 2031 563 2106 occupatus
586 2020 755 2087 certamine
778 2031 827 2086 est
850 2020 973 2086 animus
999 2021 1233 2107 excideruntque

209 2123 379 2202 praecepta
396 2114 571 2193 dictatoris,
590 2115 647 2199 qui
663 2123 817 2198 quantum
834 2123 903 2180 tuto
920 2126 1030 2200 posset
1041 2137 1233 2204 progressum

209 2208 297 2296 prius
321 2208 461 2295 recipere
480 2230 551 2276 sese
568 2209 704 2276 iusserat
721 2232 817 2294 quam
834 2209 868 2274 in
885 2219 1090 2295 conspectum
1109 2210 1233 2279 hostium

178 2318 191 2364 7
210 2304 340 2370 veniret.
383 2301 541 2371 Numidae
563 2303 616 2371 alii
633 2313 728 2389 atque
747 2303 800 2369 alii
818 2313 1018 2371 occursantes
1036 2304 1233 2393 refugientes·

209 2420 272 2484 que
290 2398 332 2464 ad
350 2407 452 2465 castra
468 2420 567 2486 prope
579 2399 686 2486 ipsum
699 2420 773 2464 cum
786 2397 970 2485 fatigatione
985 2420 1140 2484 equorum
1153 2409 1233 2485 atque

176 2506 191 2556 8
209 2493 374 2561 bominum
390 2494 580 2605 pertrabere.
615 2493 689 2559 inde
708 2492 873 2573 Carthalo,
892 2515 990 2580 penes
1008 2516 1106 2580 quem
1124 2514 1235 2563 summu

209 2589 365 2675 equestris
395 2589 519 2675 imperii
551 2597 630 2667 erat,
668 2587 830 2655 concitatis
862 2589 951 2673 equis
981 2587 1129 2657 invectus
1163 2610 1233 2667 cum.

207 2682 393 2769 priusquam
425 2682 467 2749 ad
493 2682 670 2750 coniectum
696 2682 751 2749 teli
776 2683 910 2761 veniret,
943 2683 1112 2751 avertisset
1136 2683 1234 2761 bostis,

208 2776 349 2861 quinque
370 2775 471 2842 ferme
492 2777 579 2843 milia
601 2777 772 2845 continenti
795 2799 890 2843 cursu
908 2785 1036 2845 secutus
1054 2788 1106 2845 est
1122 2777 1236 2867 fugien-

176 2883 190 2930 a
209 2867 261 2935 tis.
301 2867 486 2949 Mancinus,
504 2881 673 2957 postquam
690 2893 749 2937 nec
767 2870 892 2938 hostem
909 2871 1061 2939 desistere
1078 2872 1173 2959 sequi
1187 2890 1236 2939 neo

209 2985 300 3048 spem
326 2963 404 3029 vidit
427 2963 600 3053 effugiendi
622 2989 707 3044 esse,
735 2965 916 3033 cohortatus
939 2988 1014 3032 suos
1036 2966 1070 3033 in
1091 2966 1236 3053 proelium

159 3072 191 3120 10
208 3057 301 3124 rediit
328 3059 413 3125 omni
438 3070 527 3146 parte
552 3061 667 3126 virium
692 3060 793 3146 inpar.
837 3058 943 3144 itaque
973 3060 1043 3147 ipse
1074 3072 1109 3127 et
1132 3058 1253 3129 delecti·

209 3153 350 3238 equitum
364 3155 569 3221 circumventi
581 3156 781 3234 occiduntur;
800 3155 896 3220 ceteri
910 3153 1013 3222 effuso
1025 3178 1139 3223 rursus
1151 3176 1237 3225 cursu

209 3248 305 3315 Cales
328 3251 477 3337 primum,
505 3252 579 3318 iude
602 3274 700 3338 prope
721 3251 815 3317 inviis
839 3250 971 3317 ccllibus
993 3251 1034 3317 ad
1059 3251 1238 3321 dictatorem

158 3392 161 3397 -
207 3343 424 3431 perfugerunt.

158 3451 188 3499 11
272 3438 324 3506 Eo
345 3440 426 3507 forte
448 3442 500 3507 die
521 3439 683 3506 Minucius
711 3462 745 3506 se
771 3440 976 3507 coniunxerat
997 3439 1101 3509 Fabio
1126 3440 1238 3509 missin

207 3534 249 3600 ad
266 3533 455 3601 firmandum
472 3535 629 3622 praesidio
647 3535 776 3612 saltum,
800 3534 855 3618 qui
873 3557 968 3620 super
986 3533 1241 3603 Tarracinamiu

207 3638 291 3695 artas
310 3638 437 3696 coactus
454 3628 563 3695 fauces
581 3628 712 3694 inminet
725 3627 819 3706 mari,
838 3650 878 3694 ne
892 3628 932 3695 ab
948 3626 1106 3697 Sinuessa
1112 3628 1240 3697 Poenus

207 3723 334 3808 Appiae
351 3723 449 3789 limite
467 3724 629 3810 pervenire
647 3724 680 3789 in
694 3745 806 3810 agrum
819 3722 1001 3791 Romanum
1012 3735 1134 3810 posset.
1172 3748 1242 3793 con-
1272 3778 1275 3813 4

206 3817 321 3883 iunctis
346 3816 534 3883 exercitibus
558 3819 690 3884 dictator
706 3839 744 3883 ac
761 3817 912 3904 magister
929 3819 1070 3902 equitum
1089 3820 1244 3887 emmiu
1273 3818 1275 3831 '

207 3909 292 3975 viam
318 3911 478 3990 deferunt,
505 3934 569 3996 qua
589 3911 752 3979 Hannibal
778 3912 930 3979 ducturus
957 3922 1032 3979 erat.
1078 3913 1145 3981 duo
1172 3914 1243 3981 indo

206 4004 293 4070 milis
310 4004 417 4074 hostes
437 4007 575 4076 aberant.
