2528 4530
283 220 405 279 nunu
420 219 508 291 XXI,
527 222 569 277 dd.
583 222 626 277 bb
645 226 684 293 [a.
695 222 727 280 0.
735 224 799 294 218]
1015 214 1060 281 45

14 414 19 449 r
78 378 254 449 Hannibal
267 401 354 458 θιιιιι,
370 379 450 462 quid
460 379 619 465 optimum
632 379 714 447 foret
725 381 819 460 hosti,
839 394 987 464 cerneret,
1006 386 1061 451 vix

15 476 117 547 ullam
150 495 245 560 apem
273 471 413 541 babebat
437 482 556 540 temere
582 483 676 558 atque
699 475 864 561 inprovide
890 478 1061 563 quicquam

16 569 172 637 merdas
196 577 345 637 acturust
380 589 454 635 cum
483 567 612 634 alterius
643 568 818 656 ingenium,
849 571 937 639 sama
961 574 1093 659 prinas

10 662 135 737 'minda
149 685 196 731 ne
213 662 397 750 mquidem,
424 662 578 747 percitum
596 684 638 731 aa
658 663 750 731 ferron
772 666 865 732 sciret
886 688 958 733 esse
975 666 1059 733 lero-

10 759 154 849 tuaque
172 755 296 825 smtum
306 777 459 843 prospero
472 777 545 823 oum
558 757 795 866 praedatoribus
811 758 877 826 suis
891 761 1059 827 certamine

10 852 179 989 {musra
201 851 320 920 desse
342 850 501 937 gerendae
520 852 568 917 rei
589 851 748 919 fortunam
773 853 859 919 houd
883 854 1057 923 diffidebat

24 968 112 1029 ¹rurus
125 969 174 1015 ne
187 946 279 1031 quod
295 944 556 1032 praetennitteret
570 956 712 1032 ·‚tempus
737 947 915 1016 sollicitus
906 960 1059 1017 mlenlus·
1078 975 1092 1021 o

17 1062 86 1127 ique
100 1049 190 1118 mat,
213 1040 295 1109 alum
312 1039 536 1107 titubantium
559 1040 649 1107 miles
672 1052 769 1120 esset,
797 1042 873 1109 dum
898 1043 1060 1110 meliorem

26 1157 69 1209 ,Β
81 1133 218 1203 ducibus
231 1133 379 1203 »inutilem
398 1133 661 1212 varssenaere,
686 1136 763 1203 dum
782 1133 945 1205 Gallorum
963 1138 1060 1203 animi
1079 1163 1109 1210 ro

27 1229 183 1315 opacat,
200 1249 342 1313 rquerum
358 1228 521 1317 ingentem
535 1228 769 1297 multitudinem
787 1229 907 1295 sciebat
930 1232 1059 1318 segnius

25 1333 220 1401 ΜΝ,
237 1332 357 1407 quante
374 1321 500 1409 longius
519 1321 559 1393 ab
578 1323 672 1389 domo
691 1323 895 1391 traherentur.
928 1346 1000 1389 eum
1017 1325 1058 1391 ob
1079 1346 1108 1391 11

23 1412 102 1493 {law
119 1416 263 1502 taliaque
286 1427 425 1503 speraret
445 1418 630 1503 propincum
653 1427 811 1487 conamen
833 1429 864 1484 et
885 1418 1004 1497 facere,
1032 1420 1060 1486 si

35 1522 210 1589 manetur.
224 1521 358 1597 ·ouperet
370 1511 645 1598 speculatoresque
655 1509 749 1591 Galli,
763 1513 804 1581 ad
818 1535 856 1578 ea
870 1513 1060 1599 exmomnda

128 1605 229 1677 vetet
252 1606 384 1675 tutiores
411 1606 485 1690 qnia
510 1606 544 1671 in
568 1607 709 1690 utrisque
736 1607 847 1675 metris
873 1606 1058 1686 militabant,

24 1704 150 1787 :pratos
166 1723 298 1788 pugrrae
312 1723 387 1769 csse
403 1700 566 1771 Romame
584 1701 791 1779 rettulissent,
808 1700 919 1767 locum
934 1702 1058 1769 insidiis

27 1795 288 1887 inconspectum
305 1795 434 1863 Poenus
451 1797 564 1885 coepit.

28 1938 36 1951 .
84 1890 203 1963 LII-IL
239 1890 320 1959 Erat
335 1892 369 1955 in
385 1891 491 1957 medio
505 1890 594 1959 rivus
613 1891 740 1976 peraltis
756 1891 914 1975 utrimque
931 1891 1058 1959 clausus
1079 1915 1091 1959 1

29 1989 100 2076 ripis
118 2000 151 2057 st
168 1989 253 2055 cinca
271 1988 392 2055 obsitus
410 1988 602 2074 palushibus
621 1987 726 2054 herbis
745 1996 788 2067 et,
808 1987 923 2072 quibus
941 1988 1059 2055 inculta

31 2082 122 2151 denne
139 2083 328 2161 vestiuntur,
347 2082 490 2169 virgultis
504 2081 725 2167 vepribusque.
753 2104 848 2166 quem
865 2081 920 2147 ubi
937 2083 1058 2166 equites
1086 2134 1089 2140 .

26 2196 151 2264 'quoque
169 2178 307 2264 tegendo
326 2176 402 2243 satis
420 2177 613 2243 latebrosum
630 2176 736 2242 locum
749 2177 976 2243 circumvectus
989 2177 1058 2262 ipse

28 2272 349 2359 aun-perlustravit,
369 2271 436 2337 ‘hie
444 2272 503 2337 erit
511 2271 599 2337 locus
606 2272 624 2348 ,'
642 2270 776 2357 Magoni
789 2270 878 2335 fratri
891 2271 936 2337 ait
949 2276 1059 2354 ‘quem

28 2374 142 2437 luteas.
171 2367 277 2454 delige
289 2378 437 2434 centenos
450 2366 534 2433 viros
549 2388 589 2431 ex
607 2365 692 2431 omni
709 2364 814 2450 pedite
831 2374 925 2448 atque
943 2366 1057 2446 equite,
1078 2386 1091 2431 ι

29 2482 99 2529 nturra
115 2461 234 2547 quibus
253 2461 294 2527 ad
310 2482 362 2527 me
379 2460 488 2546 vigilia
499 2460 605 2547 prima
618 2459 741 2537 venias;
759 2480 843 2523 nunc
857 2480 989 2543 serpere
1006 2479 1060 2523 ou-

30 2578 95 2624 rtare
111 2568 239 2645 tempus
258 2556 324 2622 est!
357 2556 403 2621 ita
423 2556 613 2641 pastorium
634 2554 777 2619 missum.
813 2575 890 2619 mox
911 2574 984 2617 cum
1006 2551 1061 2617 de·
1079 2573 1093 2619 3

20 2648 116 2719 ¹rleetia
133 2651 238 2738 Mage
255 2652 373 2717 adea.
411 2649 537 2717 ‘robora
553 2649 692 2715 virorum
710 2647 828 2726 cerno,’
850 2646 952 2731 inquit
968 2645 1060 2713 Han-

21 2745 126 2826 ·-u'bal;
155 2746 228 2814 ‘sed
246 2745 292 2811 uti
307 2766 439 2812 numero
458 2744 568 2822 etiam,
593 2766 657 2809 non
674 2743 787 2809 animis
805 2743 899 2809 modo
917 2741 1059 2820 ualeatis,

32 2838 159 2928 :cingulis
192 2839 286 2907 vobis
318 2861 459 2905 nouenos
491 2861 531 2905 ex
562 2839 673 2904 turmis
704 2838 934 2925 manipulisque
964 2837 1061 2903 vestri

33 2933 144 3003 :amur
155 2935 280 3024 eligite.
310 2933 411 3020 Mago
428 2934 533 2999 locum
551 2933 752 3010 monstrabit,
770 2955 865 3016 quem
882 2932 1059 2999 insidentis:

19 3026 150 3107 ‚iteam
163 3053 299 3097 emaum
316 3030 358 3096 ad
372 3029 432 3095 has
450 3028 526 3095 belli
544 3038 625 3093 artes
644 3026 787 3093 habetis?
817 3028 861 3093 ita
874 3027 960 3093 mille
974 3029 1062 3112 equi-
1079 3048 1095 3093 t

41 3124 111 3193 dns
128 3126 307 3214 (Magoni),
326 3125 414 3191 mille
434 3123 594 3210 peditibus
618 3123 757 3189 dimissis
774 3122 939 3189 Hannibal
960 3124 1062 3207 prima

10 3232 17 3313 J
32 3216 98 3287 :lnce
108 3221 265 3288 Numidas
277 3219 401 3304 equites
416 3228 630 3304 transgressos
638 3216 788 3283 Trebiam
801 3217 919 3281 flumen
932 3215 1062 3299 obequi-

29 3322 94 3381 lare
108 3315 200 3382 iubet
210 3315 351 3381 hostium
363 3314 478 3400 portis,
496 3311 747 3396 meulandoque
738 3336 771 3377 ιιι
785 3311 935 3377 stationes
950 3309 1061 3377 elicere

27 3408 72 3475 ad
86 3433 225 3498 pugnam
243 3409 381 3487 hostem,
399 3408 513 3473 iniecto
527 3407 641 3474 deinde
654 3406 822 3473 certandae
836 3406 976 3472 cedendo
989 3427 1062 3471 sen-

25 3505 89 3570 sin
104 3505 184 3571 ciba
198 3504 319 3571 flumen
331 3490 520 3590 pertrahere.
546 3501 627 3567 baec
638 3502 787 3567 mandata
799 3499 959 3567 Numidis:
978 3510 1093 3566 cete-5

21 3598 73 3667 'ris
87 3599 223 3667 duribus
240 3599 382 3685 peditum
401 3598 605 3682 equitumque
621 3607 768 3683 praecept
769 3619 837 3675 um,
855 3594 1061 3682 utprendere

19 3716 137 3761 amnes
150 3693 310 3774 iuberent,
329 3702 466 3760 armatas
480 3691 615 3758 deinde
605 3691 808 3776 instratisque
824 3689 915 3775 equis
934 3689 1061 3776 signum

14 3922 20 3931 ·
88 3883 302 3970 Sempronius
320 3883 362 3951 ad
379 3882 548 3948 tumultum
560 3880 767 3948 Numidarum
780 3879 917 3968 primum
935 3902 1060 3946 omnem
1080 3900 1093 3947 e

12 3980 214 4067 :equitatum
233 3978 324 4046 ferox
336 3987 471 4067 eaparte
479 3977 603 4058 virium,
621 3975 734 4043 deinde
748 3975 1060 4064 sexmiliapeditum‚
