2528 4530
307 278 436 335 nnana
453 278 611 350 xxvml,
630 281 654 335 e.
669 279 710 335 10.
731 284 769 349 [a.
781 278 885 382 03205]
1053 271 1115 336 451

105 447 200 521 spectu
224 460 288 502 non
314 437 487 502 maiestatis
513 438 620 515 modo,
648 446 695 502 set
722 438 816 502 etiam
842 438 1056 518 humanitatis,
1083 440 1117 506 in

99 523 227 619 legatum
251 533 405 617 impetum
430 531 591 597 lictoribus
622 532 708 618 prius
736 532 900 618 indignum
929 533 964 597 in
988 535 1116 600 modum

98 626 232 692 mulcatis
254 625 388 705 faciunt3
416 635 490 691 tunc
510 626 615 711 ipsum
637 625 677 691 ab
700 626 765 691 suis
787 626 995 717 interceptum
1016 639 1045 694 et
1068 652 1152 712 se-,r

96 721 211 787 elusum
228 719 382 785 hostiliter
398 719 536 785 lacerant
552 730 585 784 et
605 742 702 806 prope
724 742 919 807 exsanguem
940 745 1018 788 naso
1036 727 1118 789 auri-

95 811 212 900 busque
247 813 397 879 mutilatis
431 813 619 897 relinquunt.
671 814 722 878 his
748 813 933 880 Messanam
967 817 1153 885 nuntiatis8

95 905 214 996 Scipio,
240 916 313 993 post
333 928 452 993 paucos
478 907 545 972 dies
563 907 686 972 Locros
712 906 827 973 hexere
854 910 1019 988 advectus,
1046 933 1117 976 cum

93 1024 218 1069 eausam
235 1001 371 1068 Plemini
397 1011 428 1067 et
454 1000 648 1067 tribunorum
675 1002 828 1080 audisset,
854 1002 1011 1069 Pleminio
1032 1027 1117 1070 noxa

91 1093 220 1164 liberato
236 1095 407 1180 relictoque
424 1095 458 1159 in
476 1095 616 1161 eiusdem
630 1095 690 1161 loci
708 1097 874 1182 praesidio,
894 1096 1026 1163 tribunis
1046 1120 1120 1163 son-

92 1192 174 1259 tibus
190 1190 337 1256 iudicatis
356 1190 437 1256 etin
453 1190 557 1256 vincla
574 1191 736 1269 coniectis,
763 1201 799 1256 ut
816 1191 951 1256 Romam
969 1192 1010 1256 ad
1029 1214 1119 1257 sena-

91 1295 157 1350 tum
173 1285 383 1363 mitterentur,
409 1283 594 1350 Messanam
616 1295 709 1370 atque
731 1285 804 1349 inde
824 1282 999 1370 Syracusas
1017 1285 1118 1351 rediit.

90 1376 263 1445 Pleminius
280 1379 436 1465 impotens
453 1379 532 1457 irae,
555 1378 732 1466 neglectam
750 1378 791 1444 ab
811 1377 957 1464 Scipione
975 1388 1007 1444 et
1023 1379 1117 1444 nimis
1137 1402 1152 1450 9

89 1472 197 1540 leviter
214 1473 310 1539 latam
329 1495 419 1538 suam
440 1473 586 1538 iniuriam
606 1483 707 1552 ratus,
734 1495 793 1538 nec
815 1495 1006 1558 quemquam
1024 1474 1118 1539 aesti-
1137 1495 1169 1542 10

91 1590 174 1634 mare
192 1568 289 1632 alium
306 1589 376 1632 eam
393 1567 480 1632 litem
497 1588 593 1653 posse
610 1567 670 1631 nisi
688 1568 742 1652 qui
765 1568 959 1632 atrocitatem
978 1568 1045 1632 eius
1062 1590 1119 1653 pa-

90 1663 193 1728 tiendo
213 1662 377 1740 sensisset,
404 1661 546 1728 tribunos
564 1661 686 1726 adtrahi
703 1662 744 1726 ad
767 1684 801 1727 se
819 1661 924 1739 iussit,
950 1661 1119 1727 laceratos·

92 1780 151 1842 que
176 1756 323 1823 omnibus
355 1778 437 1840 quae
461 1756 527 1842 pati
557 1777 670 1841 corpus
696 1756 795 1821 ullum
821 1766 925 1843 potest
956 1756 1117 1843 suppliciis

91 1851 245 1917 interfecit
265 1871 324 1915 nco
346 1850 476 1916 satiatus
498 1850 642 1915 vivorum
664 1872 766 1936 poena
786 1851 961 1939 insepultos
978 1851 1117 1937 proiecit.

94 1946 183 2011 simili
209 1944 391 2010 crudelitate
417 1943 507 2008 etin
533 1945 742 2010 Locrensium
768 1946 924 2032 principes
955 1956 1003 2011 est
1028 1967 1167 2023 usus,11

93 2062 168 2124 quos
186 2038 228 2105 ad
246 2037 480 2123 conquerendas
498 2037 627 2103 iniurias
646 2040 686 2103 ad
703 2038 741 2104 P.
763 2038 942 2125 Scipionem
960 2039 1118 2126 profectos

92 2134 228 2219 audivit3
264 2142 295 2198 et
320 2154 401 2218 quae
427 2141 519 2198 antea
548 2154 605 2218 per
634 2132 807 2197 lubidinem
837 2142 930 2217 atque
956 2135 1118 2199 avaritiam
1138 2154 1169 2201 12

91 2230 183 2296 foeda
202 2229 345 2315 exempla
362 2229 396 2293 in
413 2228 514 2294 socios
532 2228 685 2305 ediderat,
713 2237 788 2291 tuno
810 2226 851 2291 ab
872 2227 919 2291 ira
936 2227 1120 2311 multiplicia

90 2326 197 2402 edere,
222 2323 371 2388 infamiae
389 2333 483 2407 atque
500 2323 635 2387 invidiae
652 2343 716 2386 non
734 2319 794 2384 sibi
814 2320 923 2396 modo,
951 2320 1119 2383 sedetiam

88 2418 271 2505 imperatori
290 2439 370 2483 esse.

153 2511 201 2577 X.
246 2511 315 2577 Iam
338 2512 535 2577 comitiorum
558 2509 725 2597 adpetebat
746 2518 883 2594 tempus,
912 2528 983 2570 cum
1005 2505 1042 2570 P.
1061 2506 1152 2574 Li-1

89 2608 164 2674 cinii
190 2605 329 2672 consulis
354 2605 476 2671 litterae
501 2605 638 2670 Romam
663 2603 788 2679 allatae,
825 2623 859 2666 se
887 2599 1119 2683 exercitumque

88 2724 184 2768 suum
202 2700 291 2789 gravi
307 2699 418 2766 morbo
436 2699 600 2777 adfectari,
618 2718 677 2762 nec
695 2696 764 2761 sisti
780 2694 936 2782 potuisse,
958 2694 992 2758 ni
1009 2694 1120 2759 eadem

87 2797 138 2862 vis
164 2795 241 2860 mali
266 2804 321 2859 aut
346 2795 472 2880 gravior
497 2793 591 2857 etiam
616 2792 650 2855 in
670 2789 771 2856 hostis
791 2789 977 2878 ingruisset:
1004 2789 1118 2874 itaque,
1138 2808 1155 2855 a

88 2888 240 2977 quoniam
256 2889 325 2974 ipse
342 2888 448 2955 venire
466 2886 506 2951 ad
524 2885 649 2950 comitia
666 2906 729 2949 non
747 2893 863 2970 posset,
882 2882 910 2949 si
923 2883 966 2948 ita
978 2883 1120 2969 patribus

87 2985 262 3060 videretur,
291 3004 326 3048 se
344 2981 385 3065 Q.
406 2980 578 3047 Caecilium
596 2978 761 3045 Metellum
779 2978 962 3044 dictatorem
980 2979 1121 3043 comitio-

87 3102 160 3145 rum
184 3099 280 3142 causa
305 3077 474 3142 dicturum:
506 3076 676 3140 exercitum
699 3073 740 3157 Q.
767 3073 886 3138 Caecili
912 3070 1026 3135 dimitti
1048 3091 1065 3134 e
1087 3091 1122 3134 re

87 3172 218 3260 publica
239 3192 323 3248 esse,
351 3192 424 3235 nam
446 3191 548 3254 neque
570 3192 663 3235 usum
685 3167 752 3232 eius
770 3166 868 3230 ullum
891 3164 924 3228 in
945 3162 1156 3249 praesentiae

89 3288 176 3345 esse,
205 3286 278 3333 cum
303 3263 465 3331 Hannibal
491 3265 554 3329 iarn
580 3264 614 3328 in
638 3260 770 3326 hiberna
797 3280 871 3324 suos
896 3256 1062 3342 receperit,
1090 3266 1122 3321 et

89 3372 179 3429 tanta
204 3360 367 3427 incesserit
392 3360 425 3425 in
452 3382 489 3425 ea
511 3366 614 3424 castra
635 3356 683 3421 vis
701 3352 816 3430 morbi,
844 3361 892 3429 ut,
918 3351 980 3416 nisi
1001 3360 1122 3415 mature

92 3457 297 3534 dimittantur,
314 3477 408 3520 nemo
425 3454 565 3519 omnium
583 3450 801 3538 superfuturus
814 3446 965 3512 videatur.
993 3467 1031 3510 ea
1049 3466 1123 3510 oon-

92 3551 154 3618 snli
171 3574 192 3616 a
208 3549 350 3637 patribus
367 3548 526 3626 facienda,
554 3557 588 3611 ut
606 3569 623 3611 e
640 3567 674 3611 re
695 3542 821 3630 publica
842 3540 966 3624 fideque
985 3561 1042 3604 sua
1064 3538 1122 3602 dn-

94 3655 190 3724 corat,
209 3645 373 3731 permissa.

157 3738 329 3807 Civitatem
346 3760 383 3803 eo
401 3746 540 3823 tempore
557 3757 666 3801 recens
684 3732 794 3820 religio
805 3731 976 3806 invaserat,
994 3727 1121 3791 invento
1139 3746 1157 3792 4

95 3835 232 3903 carmine
256 3834 290 3898 in
311 3833 399 3898 libris
419 3831 581 3918 Sibyllinis
606 3838 734 3916 propter
758 3825 897 3892 crebrius
919 3846 957 3889 eo
979 3843 1060 3887 anno
1082 3820 1122 3885 de

95 3930 180 3998 caelo
207 3928 380 4014 lapidatum
406 3926 572 4012 inspectis,
609 3923 796 4008 quandoque
823 3919 922 3986 hostis
948 3917 1156 4002 alienigenae

93 4032 194 4093 terrae
211 4022 324 4088 Italiae
341 4021 459 4087 bellum
480 4019 651 4097 intulisset,
679 4038 749 4084 eum
768 4014 842 4103 pelli
863 4013 958 4168 Itqlpq
977 4011 1122 4094 vincique
