2528 4514
399 184 684 257 amararum.
706 185 859 258 [scara]
1103 179 1147 245 23

109 344 193 415 tibus
221 352 382 429 cantuque
408 343 506 409 moris
533 342 583 409 sui
608 344 784 429 quatientes
813 356 903 411 scuta
929 368 1024 432 super
1045 349 1148 435 capita

112 438 335 524 sihmteeque
355 436 491 504 dexteris
506 437 581 516 tela,
600 455 791 526 quamquam
805 449 836 505 et
850 462 897 529 ex·
904 439 1037 507 adverso
1052 451 1148 510 terre·
1165 467 1181 514 ι

117 532 191 600 bant
208 541 297 599 tanta
318 532 368 599 vis
392 531 522 598 navium
545 555 618 598 cum
639 533 761 621 ingenti
783 555 860 601 sono
878 534 1017 602 fluminis
1035 547 1068 602 et
1085 537 1148 605 cla-

120 649 199 695 more
215 627 304 695 vario
321 635 502 705 nautarum,
521 626 670 707 militum,
690 638 721 693 et
739 628 793 713 qui
810 628 990 696 nitebantur
1006 652 1148 718 perrum-

76 718 80 727 '
118 742 185 809 pere
209 721 366 807 impetum
392 720 530 786 fluminis
558 731 589 787 et
615 720 670 830 qui
696 744 736 788 ex
759 723 856 789 altera
878 723 948 811 ripa
969 725 1146 794 traicientes

119 836 187 883 suos
212 812 429 881 hortabantur.
473 815 536 880 iam
568 812 644 880 satis
674 826 825 901 paventes
851 818 984 884 adverso
1011 819 1181 891 tumultus

92 908 278 997 terribilior
303 907 345 977 ab
371 919 461 1018 tergo
488 909 615 974 adortus
642 910 761 976 clamor
786 911 896 977 castris
922 912 962 980 ab
988 912 1147 999 Hannone

120 1004 222 1091 captis.
257 1023 335 1069 mox
352 1002 470 1090 etipse
488 1003 596 1085 aderat
612 1026 791 1091 ancepsque
809 1017 909 1071 terror
925 992 1148 1077 circumstabat

121 1108 149 1163 et
162 1118 180 1163 e
195 1095 331 1163 navibus
349 1104 437 1163 tanta
453 1096 487 1162 vi
503 1099 721 1163 armatorum⁸
711 1123 746 1163 ιιι
763 1109 878 1164 terram
896 1100 1048 1167 evadente
1063 1112 1094 1167 et
1106 1101 1146 1169 ab

123 1200 202 1279 tergo
219 1189 386 1278 inprovisa
407 1200 569 1278 premente
591 1192 667 1257 acie.
714 1189 799 1259 Galli
821 1203 991 1302 postquam
1014 1206 1181 1304 utroques

125 1283 180 1361 tim
199 1284 305 1352 facere
327 1285 432 1352 conati
453 1283 658 1394 pellebantur,
683 1309 746 1395 qua
762 1297 870 1374 patere
889 1288 992 1354 visum
1009 1289 1146 1357 maxime

125 1376 175 1463 iter
197 1389 404 1467 perrumpunt
430 1379 640 1489 trepidique
630 1404 664 1444 ιιι
689 1381 777 1446 vicos
804 1380 924 1467 passim
951 1404 1026 1448 suos
1053 1380 1147 1449 diffu-

112 1548 117 1555 ,
125 1470 211 1581 giuut
237 1472 401 1540 Hannibal
414 1473 526 1540 ceteris
540 1474 638 1560 copiis
651 1496 709 1561 per
722 1475 821 1539 otium
839 1476 975 1542 traiectis
994 1499 1145 1565 spernens

125 1564 178 1657 ιιιιι
194 1564 334 1635 Gallicos
352 1569 504 1635 tumultus
523 1580 627 1635 castra
643 1568 735 1647 locat

177 1660 426 1749 Elephantorum
441 1663 682 1730 traiciendorum
697 1664 783 1729 varia
793 1664 1032 1730 consiliafuisse
1041 1666 1145 1744 credo,
1165 1690 1181 1736 o

108 1765 197 1829 uerte
217 1758 339 1824 variata
361 1758 513 1824 memoria
534 1767 624 1825 actae
645 1758 700 1823 rei.
737 1759 865 1843 quidam
882 1760 1087 1870 copgregatis
1106 1761 1147 1826 ad

125 1850 213 1939 ripam
226 1851 401 1939 elephantis
419 1852 546 1918 tradunt
563 1851 795 1918 ferocissimum
813 1876 853 1919 ex
869 1853 908 1919 iis
927 1854 1032 1920 inritat
1034 1877 1087 1919 um
1105 1853 1146 1921 ab

126 1955 231 2013 rectore
249 1967 324 2026 suo,
348 1968 421 2017 cum
437 1945 646 2034 refugientem
665 1946 830 2032 inaquam
849 1958 976 2014 nantem
1000 1971 1147 2034 sequere-

127 2046 176 2118 tur,
200 2040 335 2107 traxisse
356 2063 501 2149 gregem,
528 2050 563 2106 ut
586 2063 743 2150 quemque
765 2041 927 2108 timentem
950 2042 1147 2110 altitudinem

127 2087 295 2207 dedtitueret
312 2135 444 2213 vadum,
466 2135 586 2220 impetu
603 2135 673 2220 ipso
690 2135 855 2201 fluminis⁸
846 2161 880 2201 ur
897 2136 1147 2225 alteram⁸r1pam

90 2298 96 2303 ζ
128 2226 260 2312 rapiente.
297 2239 437 2294 ceterum
454 2230 556 2318 magis
580 2239 702 2296 constat
724 2230 879 2296 ratibust
866 2230 1028 2310 traiectos;
1055 2231 1089 2297 id
1111 2240 1179 2302 utt

77 2312 100 2413 ξ·
132 2317 214 2428 ιιιιιιιι
228 2322 394 2393 consilium
412 2333 484 2390 ante
501 2347 568 2391 rem
586 2324 682 2403 foret,
701 2325 746 2388 ita
763 2333 833 2389 acta
850 2347 884 2390 re
903 2325 944 2389 ad
961 2325 1055 2391 fidem
1073 2348 1146 2411 pro-

131 2412 191 2485 nin
205 2427 257 2483 est
292 2428 393 2484 ratem
411 2442 521 2498 unam,
541 2419 693 2485 ducentos
710 2419 840 2504 longam
856 2416 969 2503 pedes,
990 2419 1144 2503 quinqua-
1163 2444 1177 2489 ι

77 2496 100 2551 ¹5
126 2505 202 2597 glute
220 2510 378 2592 latam,a
403 2523 485 2579 terra
510 2514 544 2579 in
570 2535 695 2579 amnem
721 2520 940 2598 porrexerunt,
968 2534 1079 2596 quam,
1106 2534 1146 2577 ne

90 2596 93 2601 ⁸
126 2605 251 2672 munda
267 2629 350 2716 aqua
368 2606 550 2686 deferretur,
568 2607 711 2694 pluribus
730 2606 842 2672 validis
860 2606 1039 2672 retinaculis
1057 2615 1146 2693 parte

125 2700 272 2786 superlore
293 2701 380 2787 ripae
402 2701 567 2788 religatam
589 2702 693 2788 pontis
715 2701 749 2767 in
770 2701 901 2766 modum
917 2702 1015 2767 humo
1031 2701 1147 2769 iniecta

97 2803 364 2875 consuaserunt,
337 2806 422 2860 tut
439 2795 551 2863 beluae
569 2796 719 2862 audacter
736 2796 822 2861 velut
838 2818 896 2882 per
918 2795 1051 2861 solum⁸
1042 2818 1147 2884 mgre·

127 2882 272 2968 darentur3
295 2889 393 2957 altera
410 2891 485 2956 ratis
504 2912 603 2975 aeque
620 2891 664 2955 lat
652 2900 699 2969 ta,
717 2891 813 2976 longa
830 2890 927 2976 pedes
946 2901 1018 2956 cent
1020 2913 1086 2970 um,
1105 2890 1180 2957 ada

78 2988 100 3193 ιζ
127 2982 318 3051 traiciendum
343 2985 461 3050 flumen
487 2997 603 3073 apta,
612 2984 687 3051 huic
713 2984 859 3071 copulata
884 2993 947 3064 est,
983 2984 1034 3070 (ut
1058 2988 1145 3070 cum)

125 3073 271 3163 elephanti
286 3102 344 3167 per
361 3078 506 3145 stabilem
523 3090 623 3145 ratem
642 3089 803 3165 tamquam
820 3079 905 3144 viam
926 3078 1148 3165 praegredien-

78 3167 198 3275 {tibus
215 3172 341 3239 feminis
360 3175 421 3240 acti
439 3174 525 3241 ubi⁸
516 3197 550 3239 ιιι
571 3175 725 3239 minorem
746 3174 935 3260 adplicatam
957 3171 1147 3283 transgressi

78 3252 201 3347 irunt,
220 3268 378 3379 extemplq
395 3269 542 3337 resolutis
560 3269 675 3356 quibus
692 3269 804 3335 leviter
821 3267 1024 3334 adnexat
958 3278 1024 3333 erat
1037 3268 1146 3332 vincu-
1165 3288 1179 3336 9

78 3340 170 3439 lis,
192 3361 300 3430 abt
248 3373 300 3431 act
300 3364 396 3431 uariis
415 3364 533 3449 aliquot
550 3364 684 3430 navibus
703 3364 744 3430 ad
762 3362 1009 3471 alteram⁸r1pam
1026 3371 1146 3472 pertra-

124 3408 206 3525 trith.
240 3457 286 3524 ita
307 3458 417 3545 primis
440 3458 589 3545 expositis
613 3458 666 3525 alii
689 3458 801 3523 deinde
823 3455 947 3566 repetiti
970 3478 1008 3522 ac
1026 3456 1146 3521 traiecti

122 3561 196 3617 sunt
230 3552 310 3619 nihil
328 3574 404 3619 sane
421 3552 633 3640 trepidabant,
653 3553 753 3618 donec
766 3552 926 3617 continent
926 3575 937 3615 1
914 3550 1036 3615 t'velut
1024 3560 1143 3636 tpontc
1166 3570 1198 3618 ιο

119 3657 290 3733 agerentur,
318 3639 437 3733 primus
461 3656 526 3714 erat
548 3669 656 3734 pavor,
681 3669 753 3756 cum
772 3647 874 3712 soluta
891 3644 931 3710 ab
950 3643 1061 3710 ceteris
1079 3654 1145 3710 rate

116 3737 148 3804 in
163 3740 262 3807 altum
283 3751 480 3827 raperentur
429 3740 551 3807 ur·ibi
572 3740 772 3828 urgentesin
739 3751 819 3806 mter
838 3763 872 3807 se
890 3738 1073 3805 cedentibus
1092 3761 1147 3805 ex·
1165 3760 1195 3809 ιι

115 3837 219 3902 tremis
247 3836 288 3903 ab
312 3858 394 3922 aqua
415 3836 629 3924 trepidationis
652 3837 848 3922 aliquantum
870 3834 1018 3915 edebant,
1045 3836 1146 3901 donee

110 3933 252 4018 quietem
282 3931 352 4018 ipse
383 3932 475 3998 timor
506 3930 838 4018 circumspectantibus
866 3951 981 4017 equam
1006 3927 1143 3998 fecisset.

1119 4140 1256 4250 Ι·
