2528 4514
326 254 442 309 mssa
459 255 573 324 xxvr,
593 254 690 308 17.18.
711 257 748 322 [a.
761 253 863 324 nnn]
1042 241 1108 308 285

95 436 134 480 ¹ec
155 421 284 498 postero
306 411 356 476 die
378 435 429 478 res
452 411 546 476 finem
567 410 695 476 invenit.
739 413 784 478 ita
805 413 924 497 aliquot
951 414 1018 479 dies
1044 413 1108 478 dis·
1127 433 1159 481 11

95 507 231 594 eptando
253 505 358 591 palam
380 507 419 570 de
441 505 565 592 legibus
587 516 758 590 noctesque
786 508 963 574 emittendis
986 508 1067 574 clam
1089 530 1108 573 e

95 602 186 667 astris
212 599 527 685 Carthaginiensibus
554 599 748 685 absumptae.
792 611 824 667 et
845 612 1013 687 postquam
1034 625 1108 688 pars

94 696 175 760 raior
202 695 320 760 emissa
345 695 500 760 exercitus
527 705 606 773 erat,
638 696 701 760 iarn
727 717 767 761 ne
793 697 833 762 iis
858 698 1000 784 quidem,
1028 720 1108 781 quae

96 791 156 855 ltro
171 790 256 854 dicta
269 798 370 867 erant,
390 789 543 866 stabatur‚
562 791 730 874 minusque
743 813 780 855 ac
793 791 897 856 minus
910 815 982 858 cum
996 793 1107 858 timore
1127 810 1159 857 12

95 885 171 949 imul
190 884 252 948 fide
270 885 470 949 decrescente
489 883 704 949 conveniebat.
748 885 813 949 iam
830 885 928 950 ferme
946 888 1107 971 pedestres

96 1003 187 1044 mnes
214 979 322 1064 copiae
349 989 512 1044 evaserant
539 1001 556 1042 e
579 978 674 1056 saltu,
703 1001 774 1043 cum
796 979 898 1064 prima
918 979 988 1046 luce
1010 983 1109 1047 densa

95 1074 194 1140 rebula
212 1074 326 1138 saltum
345 1096 469 1138 omnem
486 1095 678 1158 camposque
696 1073 779 1138 circa
795 1073 915 1138 intexit.
951 1076 1036 1158 quod
1053 1076 1108 1142 ubi

95 1169 176 1232 rensit
203 1166 401 1245 Hasdrubal,
437 1167 531 1232 mittit
558 1169 598 1232 nd
625 1166 782 1232 Neronem
809 1168 863 1251 qui
888 1168 921 1232 in
946 1179 1108 1253 posterum

95 1263 163 1327 liem
189 1262 388 1345 conloquium
415 1262 566 1326 differret:
596 1262 684 1326 illum
711 1263 795 1327 diem
820 1260 1003 1348 religiosum
1030 1262 1109 1329 Car·

95 1357 328 1443 baginiensibus
347 1357 386 1421 ad
405 1357 561 1442 agendum
580 1357 748 1440 quicquam
765 1357 811 1421 rei
830 1358 928 1422 seriae
947 1379 1027 1423 esse.
1068 1381 1108 1425 ne
1128 1382 1160 1430 rs

95 1475 147 1516 um
168 1452 295 1535 quidem
319 1462 465 1536 suspecta
486 1450 582 1515 fraus.
627 1473 699 1515 cum
726 1461 810 1516 esset
832 1452 906 1516 data
927 1452 1019 1516 venia
1041 1453 1108 1520 eius

95 1546 142 1610 liei
168 1546 387 1630 extemploque
413 1544 597 1610 Hasdrubal
619 1567 691 1610 cum
710 1546 850 1629 equitatu
873 1547 1108 1632 elephantisque

95 1641 189 1705 astris
208 1662 370 1727 egressus,
390 1640 457 1704 sine
475 1639 538 1704 ullo
557 1639 692 1703 tumultu
709 1640 742 1703 in
760 1649 862 1705 tutum
880 1641 989 1706 evasit.
1032 1641 1109 1707 hora
1128 1663 1161 1711 14

95 1735 177 1800 ierme
195 1745 306 1818 quarta
323 1735 464 1820 dispulsa
482 1734 547 1799 sols
564 1734 680 1799 nebula
693 1737 814 1820 aperuit
831 1736 928 1813 diem,
947 1758 1108 1820 vacuaque

95 1830 216 1895 bostium
235 1840 338 1894 castra
355 1842 586 1913 conspexerunt
602 1829 748 1894 Romani.
785 1840 852 1894 tum
870 1832 998 1895 demum
1012 1830 1109 1896 Clau·
1128 1854 1161 1900 15

95 1923 153 1990 dius
172 1925 326 1989 Punicam
352 1924 495 1988 fraudem
522 1924 732 2009 adgnoscens,
761 1934 796 1989 ut
822 1947 855 1990 se
882 1925 954 1990 dolo
981 1936 1108 2011 captum

95 2020 195 2097 sensit,
231 2018 480 2104 proficiscentem
506 2017 618 2082 institit
644 2019 751 2102 sequi,
787 2029 914 2103 paratus
941 2020 1108 2106 confligere

95 2113 161 2183 acie:
188 2115 245 2178 sed
262 2114 362 2177 hostis
381 2112 571 2178 detrectabat
589 2136 742 2198 pugnam3
769 2112 851 2178 levia
869 2124 973 2178 tamen
990 2115 1108 2200 proelia
1128 2135 1160 2183 16

95 2204 160 2273 inter
180 2220 354 2273 extremum
376 2207 533 2272 Punicum
555 2230 669 2293 agmen
691 2229 972 2292 praecursoresque
989 2209 1110 2274 Roma-

97 2319 190 2366 norum
209 2303 337 2367 fiebant.

146 2396 280 2462 XVIII,
325 2397 412 2460 Inter
437 2397 515 2461 haec
537 2396 713 2480 Hispaniae
739 2396 846 2482 populi
872 2418 931 2460 nec
956 2397 1011 2480 qui
1036 2405 1109 2480 post
1129 2418 1143 2464 1

95 2486 199 2556 obtem
222 2501 383 2575 acceptam
410 2491 589 2556 defecerant
614 2490 758 2556 redibant
784 2492 825 2555 ad
845 2490 1021 2568 Romanos,
1052 2511 1111 2554 neo

95 2581 134 2651 uli
153 2587 229 2652 novi
252 2585 446 2651 deficiebant.
491 2596 522 2650 et
543 2586 665 2650 Romae
692 2585 814 2650 senatui
839 2583 1018 2669 populoque
1040 2593 1144 2669 posta

95 2691 237 2766 receptam
256 2679 399 2764 Capuam
417 2702 480 2743 non
498 2679 607 2743 Italiae
625 2679 688 2743 iam
706 2678 805 2743 maior
822 2700 917 2762 quam
934 2677 1110 2763 Hispaniae

95 2784 154 2840 lura
170 2785 238 2840 erat
256 2784 287 2838 et
305 2774 474 2838 exercitum
493 2773 602 2859 augeri
624 2785 655 2838 et
672 2775 891 2858 imperatorem
908 2773 990 2838 mitti
1006 2773 1112 2859 place·

95 2879 141 2934 ar.
186 2892 246 2934 nec
273 2880 379 2934 tamen
405 2891 499 2953 quern
526 2870 683 2934 mitterent
706 2868 783 2935 satis
811 2868 987 2947 constabat,
1014 2889 1145 2952 quame

95 2951 168 3042 lud,
192 2964 248 3028 ubi
266 2965 329 3028 duo
348 2964 463 3027 summi
479 2964 682 3049 imperatores
700 2965 782 3029 intra
799 2965 866 3030 dies
884 2964 1013 3050 triginta
1030 2963 1111 3028 ceei-

95 3051 212 3134 issent,
241 3059 296 3141 qui
312 3058 346 3122 in
362 3057 467 3123 locum
489 3059 622 3124 duorum
646 3061 839 3135 succederet,
867 3057 1111 3123 extraordinaria

95 3167 153 3218 ura
176 3153 379 3239 deligendum
402 3175 481 3218 esse.
526 3176 597 3218 curn
620 3153 673 3218 alii
699 3154 795 3218 alium
817 3152 1027 3227 nominarent,
1054 3170 1145 3234 p0-4

95 3249 232 3312 tremum
251 3269 288 3311 eo
307 3249 473 3311 decursum
492 3258 553 3324 est,
572 3257 607 3311 ut
625 3248 759 3332 populus
777 3245 958 3332 proconsuli
975 3243 1110 3310 creando

95 3357 112 3402 t
128 3342 321 3427 Hispaniam
339 3343 464 3407 comitia
481 3342 623 3419 haberet,
651 3343 797 3426 diemque
819 3340 942 3406 comitis
965 3338 1110 3405 consules

95 3433 253 3500 dixerunt.
298 3437 399 3520 primo
418 3445 671 3521 expectaverant,
699 3436 805 3519 utqui
824 3458 858 3499 se
877 3443 962 3499 tanto
979 3433 1110 3517 imperio
1129 3452 1144 3499 5

95 3523 193 3616 *dgnos
213 3531 375 3595 crederent
392 3532 519 3595 nomina
535 3531 763 3616 profiterentur.
808 3552 889 3613 quae
906 3540 941 3592 ut
962 3528 1111 3593 destituta

96 3626 256 3709 xpectatio
278 3635 340 3706 est,
367 3626 596 3710 redintegratus
618 3624 721 3690 luctus
744 3634 890 3709 acceptae
913 3622 1010 3687 cladis
1028 3621 1111 3685 desi-

95 3709 263 3802 leriumque
281 3720 503 3803 imperatorum
525 3721 722 3784 amissorum.
766 3726 887 3782 maesta
908 3716 1013 3800 itaque
1036 3715 1111 3780 civi-
1130 3735 1144 3782 6

95 3827 143 3888 ns,
168 3835 268 3899 prope
285 3813 376 3898 inops
396 3814 530 3892 consilii,
559 3815 754 3879 comitiorum
776 3813 827 3877 die
845 3821 950 3876 tamen
972 3811 1005 3874 iu
1027 3833 1111 3875 cam-

95 3921 157 3970 ·um
175 3908 351 3985 descendit3
375 3919 467 3991 atque
484 3908 518 3971 in
535 3909 736 3995 magistratus
750 3907 833 3971 versi
851 3907 1111 3991 circumspectant

95 4016 136 4063 ’ra
152 4003 327 4087 principum
347 4002 477 4067 aliorum
497 4003 573 4068 alios
592 4003 777 4067 intuentium
795 4002 1008 4085 fremuntque,
1031 4000 1110 4066 adeo
