2528 4530
129 218 193 298 202
352 238 472 296 ninas
489 239 622 311 xxmr,
640 239 738 296 oasa
757 237 941 310 [suasa]

103 420 186 467 'vos
212 399 357 465 fraudem
384 398 479 463 dellm
505 397 606 484 primo
632 393 841 484 benignitate,
877 397 953 462 dein
976 408 1085 463 vestra
1109 399 1149 486 ips

128 497 243 561 virtute
260 493 328 559 dies
347 501 519 576 noctesque
536 492 706 578 perstando
729 513 766 557 ac
783 491 1003 578 pervigilando
1024 493 1057 557 in
1076 496 1149 563 armi

128 589 261 656 vitastis.
298 587 420 653 utinam
432 586 564 652 relicum
576 596 701 672 tempus
720 608 779 652 nec
797 586 945 671 patiendo
961 586 1094 652 infanda
1110 610 1149 657 nee

95 683 275 752 stactendo
301 682 424 747 traduci
449 679 572 767 possetl
616 681 695 745 haec
722 680 845 745 occulta
871 680 904 745 in
930 681 1044 746 fraude
1066 683 1149 749 cautio

129 786 193 857 est,
219 798 283 862 qua
300 776 351 842 usi
368 775 472 841 adhuc
490 797 615 854 sumus3
643 774 694 838 cui
716 774 866 858 quonism
887 797 1001 860 parum
1019 777 1149 855 succedit,

129 880 236 958 aperte
248 893 287 937 ac
299 869 463 956 propalam
476 869 582 935 claves
595 877 757 954 portarum
774 880 959 953 reposcunt,
978 891 1059 954 quas
1076 869 1149 936 simul

97 992 103 1009 «
128 965 363 1042 tradiderimus,
384 962 696 1051 Carthaginiensium
713 963 873 1048 extemplo
889 963 1009 1029 Henna
1025 964 1084 1029 erit
1100 964 1149 1030 foe·

129 1060 263 1143 diusque
281 1059 333 1124 hic
341 1058 568 1124 trucidabimur
584 1079 682 1142 quam
694 1056 898 1144 Murgantiae
910 1058 1101 1144 praesidinm
1115 1059 1149 1123 in·

96 1176 115 1222 e
132 1153 299 1219 terfectum
308 1162 365 1218 est.
389 1162 514 1218 noctem
523 1175 619 1217 unam
629 1173 723 1238 aegre
733 1152 774 1216 ad
784 1151 1027 1217 consultandum
1037 1152 1149 1238 sumpsi,

129 1269 193 1333 qna
210 1270 267 1313 vos
282 1247 430 1313 certiores
443 1246 575 1333 periculi
587 1246 732 1311 instantis
746 1247 894 1311 facerem.
930 1256 999 1312 orta
1010 1246 1082 1313 luce
1093 1269 1149 1312 con·

100 1344 103 1349 '
129 1344 247 1407 tionem
264 1340 401 1407 habituri
418 1351 493 1407 sunt
511 1342 552 1406 ad
570 1340 799 1407 criminandum
816 1362 868 1406 me
886 1342 1149 1425 concitandumque

94 1459 111 1506 5
129 1436 164 1501 in
180 1457 237 1502 vos
255 1435 418 1521 populum.
462 1435 570 1518 itaque
588 1435 724 1500 crastino
742 1435 794 1501 die
811 1445 866 1499 aut
884 1445 990 1501 vestro
1008 1445 1063 1501 aut
1079 1434 1149 1500 Hen-

95 1560 98 1565 ·
129 1529 276 1595 nensium
299 1529 453 1616 sanguine
471 1529 590 1594 Henna
611 1528 824 1594 inundabitur.
869 1550 928 1594 nec
948 1527 1149 1615 praeoccupat*

130 1646 219 1711 spem
242 1622 340 1688 ullam
363 1644 421 1688 neo
444 1631 635 1709 occupantes
656 1622 788 1709 periculi
810 1622 980 1708 quicquam
1002 1622 1149 1689 habebitis

130 1719 186 1802 qui
202 1718 288 1803 prior
306 1717 464 1783 strinxerit
481 1717 614 1795 fenum,
633 1718 701 1782 eius
719 1717 849 1782 victoria
867 1717 934 1782 erit
966 1716 1077 1783 intenti
1091 1738 1149 1804 erge

96 1818 112 1884 'a
131 1833 241 1876 omnes
260 1811 435 1894 armatique
457 1810 585 1896 signnm
607 1810 841 1896 exspectabitis.
886 1832 946 1899 ego
969 1811 1004 1875 in
1024 1811 1149 1878 contione

132 1928 186 1971 ero
204 1914 236 1970 et
253 1914 393 1990 tempus,
421 1906 527 1988 quoad
548 1907 654 1971 omnia
671 1906 824 1971 instructa
846 1904 922 1984 sint,
949 1905 1103 1991 loquendo
1116 1904 1149 1971 el·

98 2023 112 2070 t
131 1998 343 2083 tercandoque
361 1999 492 2064 traham.
530 2021 602 2064 cum
619 2009 694 2086 toga
712 2000 839 2086 signum
856 1999 988 2078 dedero,
1007 2010 1074 2065 tum
1089 1994 1149 2065 mihi

96 2094 102 2105 '
130 2092 269 2177 undique
287 2093 423 2159 clamore
441 2093 566 2160 sublato
580 2093 704 2160 turbam
717 2094 856 2159 invadite
870 2115 907 2159 ac
921 2095 1051 2160 sternite
1064 2093 1149 2161 omne

130 2187 228 2266 ferro,
248 2198 279 2254 et
297 2197 405 2254 cavete
423 2188 593 2273 quicquam
607 2188 757 2275 supersit,
776 2188 865 2255 euius
883 2200 938 2254 aut
950 2189 1000 2255 vis
1014 2200 1069 2255 ant
1078 2188 1149 2254 haus

96 2301 112 2351 8
131 2281 233 2347 timeri
254 2283 365 2368 possit.
410 2305 482 2359 vos,
512 2281 610 2348 Ceres
633 2293 732 2347 mater
754 2305 791 2347 ac
813 2281 1019 2368 Proserpina,
1049 2302 1149 2370 precor,

95 2384 99 2413 ·’
131 2374 226 2441 ceteri
244 2376 350 2462 superi
367 2376 543 2461 infamique
561 2377 608 2454 di,
632 2376 687 2460 qui
704 2376 786 2441 hanc
803 2376 929 2455 urbem,
952 2377 1012 2443 hos
1031 2385 1149 2442 sacram!

128 2469 217 2535 lactu
240 2469 394 2555 lucosque
417 2471 534 2549 colitis,
561 2480 597 2535 nt
617 2471 662 2536 ita
683 2470 775 2537 nobis
798 2471 939 2537 volentes
961 2471 1086 2559 propitii
1109 2469 1149 2535 ad·

131 2563 213 2642 sitis,
240 2565 268 2630 si
285 2566 446 2643 vitandae,
473 2588 537 2630 non
555 2564 703 2630 ferendae
721 2563 841 2631 fraudis
861 2586 958 2631 causa
979 2566 1042 2632 hoc
1058 2560 1149 2631 consil

96 2679 111 2727 9
130 2658 282 2743 capimus.
318 2660 461 2745 pluribus
479 2681 552 2738 vos,
577 2659 705 2737 milites,
724 2658 879 2738 hortarer,
903 2661 1023 2726 sicum
1040 2658 1149 2726 amau

130 2751 290 2818 dimicatio
318 2754 425 2819 futura
451 2763 549 2819 esset:
576 2754 726 2831 inermes,
754 2754 898 2820 incantos
925 2755 968 2820 ad
993 2755 1149 2821 satietatem

132 2844 346 2925 trucidabitis,
363 2856 393 2912 et
411 2847 549 2912 consulis
563 2857 666 2914 castra
683 2848 717 2912 in
734 2848 911 2934 propinquo
929 2859 1018 2928 sunt,
1036 2842 1149 2933 nequid

133 2937 173 3003 ab
191 2937 371 3006 Himilcone
389 2949 421 3005 et
439 2938 754 3028 Carthaginiensibus
774 2942 877 3007 timeri
893 2942 1018 3028 possit'.

78 3056 112 3103 ἰ
196 3033 420 3101 XXXVIIII.
473 3035 528 3102 Ab
554 3037 615 3103 hac
645 3037 862 3102 adhortatione
888 3037 1013 3104 dimissi
1041 3054 1149 3125 colpum

131 3138 250 3195 curant.
294 3140 422 3217 postero
448 3131 498 3197 die
525 3130 578 3195 alii
604 3130 672 3196 aliis
698 3130 777 3197 locis
800 3131 841 3196 ad
863 3131 1040 3199 obsidenda
1060 3132 1149 3198 itinere

80 3228 86 3269 -'
131 3223 384 3310 claudendosque
410 3226 584 3312 opposituri
611 3248 646 3292 se
672 3226 790 3305 exitus,
816 3249 890 3312 pars
913 3228 1054 3294 maxima
1075 3243 1149 3312 supet

131 3318 287 3384 theatrum
305 3320 463 3405 circaque,
491 3321 615 3387 adsueti
638 3333 670 3387 et
688 3331 761 3387 ante
779 3320 960 3407 spectaculo
977 3323 1149 3395 contionum

96 3433 112 3481 2
131 3414 315 3483 consistunt.
358 3417 531 3503 productus
550 3417 591 3481 ad
611 3417 765 3504 populum
783 3440 802 3482 a
820 3415 1058 3504 magistratibus
1079 3434 1149 3504 pree

130 3506 233 3574 fectus
251 3510 414 3578 Romanus
433 3534 506 3578 cnm
525 3512 662 3578 consulis
681 3512 721 3577 de
744 3534 783 3578 ea
804 3533 838 3577 re
855 3512 906 3579 ius
925 3535 964 3579 ac
980 3520 1149 3599 potestaten

96 3623 215 3681 essse,
243 3627 307 3670 non
325 3628 429 3684 suam,
456 3616 488 3672 et
509 3605 659 3692 pleraque
681 3606 792 3672 eadem
814 3627 896 3691 quae
917 3606 1020 3694 pridie
1037 3605 1149 3672 dixisset

131 3707 162 3762 et
178 3698 279 3786 primo
302 3701 420 3767 sensim
444 3722 482 3767 ac
504 3700 610 3789 plures
632 3701 763 3767 reddere
786 3701 906 3781 claves,
933 3701 1008 3768 dein
1024 3702 1086 3767 iam
1102 3714 1149 3763 unt

130 3812 208 3856 voce
232 3792 268 3858 id
292 3816 401 3860 omnes
428 3795 571 3861 iuberent
595 3795 818 3880 cunctantique
845 3805 876 3861 et
902 3795 1059 3861 differenti
1083 3792 1149 3858 tere

131 3884 208 3951 citer
224 3889 440 3954 minitarentur
461 3912 521 3956 nec
543 3890 722 3956 viderentur
744 3890 826 3956 ultra
842 3890 908 3956 vim
929 3890 1070 3956 ultimam
1084 3882 1149 3951 dib·

63 4038 66 4043 .
132 3977 206 4056 turi,
233 3990 300 4047 tum
322 3983 500 4069 praefectus
523 3995 598 4072 toga
615 3984 755 4071 signum,
783 3994 820 4051 ut
841 3993 1042 4063 convenerat,
1066 3974 1149 4047 dedita
