2528 4514
141 231 206 298 478
349 240 469 296 LIBER
485 238 631 297 XXVIIII
636 279 644 308 ,
662 235 705 291 34.
718 235 762 292 35.
783 240 823 306 [a.
832 255 860 291 u.
870 253 894 291 c.
904 234 965 306 510]

141 410 266 490 posset,
293 399 420 466 cederet
439 396 607 484 paulatim:
636 418 671 462 se
692 394 727 460 in
748 404 892 482 tempore
913 416 1024 483 pugnae
1036 393 1111 460 obra-
1152 389 1166 437 '‹

109 509 259 566 uturum.
303 504 426 559 tantum
447 503 602 569 moratus,
629 500 785 576 quantum
807 489 886 556 satis
909 489 1039 577 temporis
1055 508 1112 576 pue·
1149 528 1153 533 -

144 612 256 678 gresso
273 588 379 653 visum
397 588 439 652 ad
456 587 627 652 eliciendos
646 584 763 664 hostis,
781 606 855 650 cum
871 584 1010 652 Romano
1024 581 1112 669 equiti!
1147 578 1166 659 s

145 694 288 760 secutus,
314 681 495 768 tegentibus
514 680 659 758 tumulis,
682 679 737 765 qni
754 691 986 766 peropportune
1000 672 1116 744 circsvbt
1159 672 1162 683 '

94 799 126 846 10
144 780 247 844 flexus
273 774 412 863 oppositi
434 787 539 853 erant,
565 775 707 841 occultus
729 775 897 860 processit.
940 772 1114 840 Masinissae
1162 857 1166 871 1

145 870 320 958 composito
346 892 431 936 nunc
453 869 614 948 terrentis,
640 891 726 935 nunc
747 868 888 935 timentis
911 871 1001 936 modo
1021 862 1114 952 aut‘qd
1160 876 1166 889 ¹

145 967 350 1051 obequitabat
374 965 475 1052 portis
498 975 553 1031 aut
579 965 735 1044 cedendo,
772 986 846 1030 cum
871 966 990 1032 timoris
1014 957 1117 1030 siurbia
1162 1047 1166 1057 Ι

147 1061 312 1128 audaciam
329 1061 414 1126 hosti
432 1061 561 1137 faceret,
581 1060 622 1124 ad
638 1060 872 1143 insequendum
889 1071 1004 1126 temere
1019 1054 1119 1125 eiciebt.
1161 1090 1166 1108 ι

96 1173 125 1219 11
147 1157 289 1223 nondum
315 1177 426 1222 omnes
453 1154 575 1240 egressi
602 1165 692 1220 erant
718 1155 867 1239 varieque
890 1156 957 1220 dux
976 1152 1122 1241 fatigatam

146 1252 225 1318 alios
243 1249 318 1316 vino
336 1261 369 1315 et
385 1272 498 1315 somno
516 1249 623 1335 gravis
642 1271 730 1313 arma
752 1270 865 1336 capere
889 1261 922 1315 et
938 1250 1050 1315 frenare
1062 1262 1125 1330 equs
1160 1332 1166 1337 -

146 1347 305 1434 cogendo,
333 1345 407 1424 alis,
432 1367 474 1410 ne
500 1343 604 1431 sparsi
631 1354 663 1410 et
687 1344 842 1410 inconditi
867 1345 938 1411 sine
960 1345 1067 1421 ordine,
1085 1340 1126 1406 sie

96 1456 126 1502 12
147 1441 247 1528 signis
265 1441 412 1506 omnibus
429 1438 529 1526 portis
548 1450 764 1517 excurrerent,
783 1439 979 1507 obsistendo.
1012 1433 1129 1528 primun

146 1545 237 1600 caute
251 1559 286 1601 se
300 1535 464 1601 evehentis
477 1534 653 1600 Masinissa
666 1534 858 1621 excipiebat;
875 1559 954 1602 mox
966 1536 1063 1623 plures
1073 1524 1139 1599 sind

147 1630 280 1697 conferti
314 1640 406 1716 porta
432 1629 527 1695 effusi
557 1641 770 1714 aequaverant
800 1640 982 1711 certamem
1019 1640 1133 1718 posuero

146 1724 210 1789 iam
227 1725 331 1791 omnis
350 1724 509 1808 equitatus
532 1724 651 1810 proelio
670 1746 743 1789 cum
761 1725 906 1803 adesset,
933 1724 1073 1792 sustineri
1084 1719 1136 1788 nitn

96 1833 127 1880 13
146 1818 306 1902 nequiere.
340 1829 530 1884 nontamen
549 1818 652 1883 effusa
668 1818 746 1905 fuga
753 1818 945 1899 Masinissa,
966 1821 1024 1887 sed
1039 1815 1138 1886 cederit

147 1912 266 1986 sensim
287 1912 425 1997 impetus
449 1936 559 1977 eorum
581 1913 768 2000 accipiebat,
797 1914 901 1980 donec
919 1915 962 1980 ad
980 1915 1141 1981 tumulante

96 2022 128 2069 14
146 2006 250 2092 gentis
259 2006 442 2072 Romanum
460 2007 633 2091 equitatum
649 2009 812 2094 pertraxit.
839 2007 916 2075 inde
931 2011 1034 2076 exorti
1047 2009 1143 2094 equitet

146 2112 178 2165 et
190 2100 253 2186 ipsi
265 2101 397 2188 integris
412 2101 532 2168 viribus
546 2115 578 2168 et
590 2103 768 2169 recentibus
784 2103 890 2189 equis,
909 2106 1062 2173 Hannoni
1071 2102 1145 2170 Atria

147 2219 208 2280 que
233 2198 406 2283 pugnando
434 2219 471 2262 ac
499 2198 661 2281 sequendo
687 2198 783 2263 fessis
810 2198 1147 2278 secircumfudere31t

95 2311 126 2359 15
146 2292 322 2358 Masinissa
347 2291 439 2357 flexis
467 2293 572 2359 subito
599 2293 689 2376 equis
715 2293 749 2358 in
774 2318 919 2380 pugnam
944 2297 1049 2362 rediit.
1090 2292 1166 2379 nilltg

145 2387 226 2464 fere,
253 2387 307 2471 qni
328 2387 422 2472 primi
444 2387 580 2473 agminis
602 2388 742 2465 fuerant,
769 2389 884 2473 quibus
908 2390 999 2456 haud
1015 2382 1166 2457 facilien-¹

146 2491 256 2568 ceptus
275 2481 348 2559 fuit,
376 2503 448 2546 cum
469 2482 540 2568 ipso
560 2482 639 2546 duce
656 2483 818 2549 Hannone
835 2483 1003 2552 interclusi
1026 2482 1151 2570 atquein

96 2595 126 2643 16
145 2576 269 2642 terfecti
297 2588 384 2655 sunt;
425 2588 562 2656 ceteros,
598 2578 687 2644 ducis
718 2578 889 2665 praecipue
920 2583 1048 2649 territos
1074 2578 1151 2653 caede

145 2672 246 2737 effuse
264 2672 416 2758 fugientis
433 2696 491 2759 per
509 2672 639 2760 triginta
655 2673 744 2739 milia
760 2697 916 2760 passuum
929 2676 1067 2744 victores
1081 2670 1153 2742 secuti

145 2766 186 2829 ad
204 2766 267 2831 duo
285 2777 450 2851 praeterea
467 2767 554 2832 milia
576 2767 718 2851 equitum
736 2780 792 2834 aut
809 2783 966 2855 ceperunt
990 2785 1045 2839 aut
1061 2769 1154 2837 cedde

94 2878 124 2922 11
143 2869 227 2923 runt.
266 2859 421 2926 intereos
441 2862 518 2927 satis
537 2863 703 2928 constabat
719 2886 784 2929 non
801 2864 908 2929 minus
928 2865 1083 2933 ducentos
1099 2861 1155 2930 Ou-

144 2952 391 3039 thaginiensium
405 2957 526 3040 equites
540 2957 649 3036 fuisse,
668 2969 701 3023 et
714 2957 831 3024 divitiis
846 2961 1010 3042 quosdam
1024 2975 1056 3027 et
1067 2976 1155 3048 genere

142 3047 302 3114 inlustres.

110 3163 122 3208 1
207 3143 360 3212 XXXV.
386 3147 512 3211 Eodem
530 3147 612 3213 forte
630 3169 694 3231 quo
712 3148 792 3212 haec
805 3158 901 3234 gesta
914 3163 994 3216 sunt
1008 3151 1059 3216 die
1072 3167 1155 3221 nares,

143 3260 224 3321 quae
241 3240 394 3324 praedam
414 3241 448 3305 in
472 3241 614 3306 Siciliam
637 3253 803 3319 vexerant,
832 3264 906 3306 cum
930 3255 1106 3309 commeatu
1123 3261 1156 3305 re

142 3332 243 3410 diere,
271 3334 358 3398 velut
383 3337 541 3401 ominatae
568 3338 609 3400 ad
634 3339 786 3423 praedam
815 3337 949 3403 alteram
978 3339 1156 3428 repetendam

109 3446 123 3492 2
144 3448 214 3491 sese
229 3428 365 3494 venisse.
394 3431 473 3496 duos
488 3431 600 3496 eodem
614 3432 741 3498 nomine
752 3429 1071 3519 Carthaginiensium
1083 3434 1155 3498 duces

143 3520 266 3586 duobus
286 3525 485 3608 equestribus
503 3527 631 3612 proeliis
649 3527 834 3593 interfectos
856 3551 924 3593 non
942 3553 1056 3596 omnes
1073 3538 1156 3594 aucto

140 3638 192 3680 res
212 3628 299 3695 sunt,
326 3619 432 3699 veriti,
460 3623 568 3699 credo,
591 3645 631 3688 ne
649 3623 774 3689 falleret
793 3622 843 3688 bis
861 3624 967 3690 relata
986 3627 1094 3692 eadem
1107 3643 1155 3695 res

142 3706 272 3777 Caelius
303 3713 431 3796 quidem
463 3728 495 3780 et
519 3715 668 3784 Valerius
700 3728 829 3804 captum
860 3718 960 3784 etiam
987 3723 1155 3786 Hannonem

142 3806 279 3871 tradunt.

105 3917 121 3963 a
206 3898 314 3987 Scipio
339 3905 518 3989 praefectos
550 3907 735 3992 equitesque
766 3921 862 3995 prout
894 3909 1050 3996 cuiusque
1079 3925 1154 3994 opert

138 3991 256 4072 fuerat,
284 4010 357 4064 ante
375 4001 477 4066 omnis
495 4001 718 4082 Masinissam,
745 4004 927 4092 insignibus
952 4007 1046 4072 donis
1063 4005 1153 4073 donat
