2528 4514
262 240 382 298 arnna
399 241 558 315 xxvuu,
578 242 601 298 ι.
615 244 641 299 a.
663 243 815 316 [acam]
990 237 1056 301 449

95 411 234 480 tererent,
258 401 335 466 dum
352 402 420 488 ipse
439 402 558 468 aversis
581 402 727 468 omnibus
744 404 778 467 in
795 426 867 470 eum
886 407 1055 472 tumultum

96 518 170 584 ergo
187 495 299 562 urbem
316 496 474 561 incautam
493 497 728 584 adgrederetur,
751 498 807 564 ubi
822 499 893 566 luce
911 511 1054 589 coeptam
1072 522 1089 569 4

95 592 144 656 mit
166 614 322 678 pugnam,
348 592 417 678 ipse
443 613 502 657 nec
523 591 557 656 in
578 613 681 658 arcem
705 615 739 658 se
760 593 932 674 includere,
963 597 1055 663 turba

95 708 131 749 m
155 695 256 751 artum
281 686 493 772 inpediturus,
529 686 629 751 voluit
654 708 757 771 neque
784 689 904 769 scalas,
940 691 1054 775 quibus

95 780 187 844 rueret
203 802 325 858 muros,
345 779 498 845 attulerat.
543 780 673 847 sarcinis
691 781 724 846 in
742 804 890 848 acervum
907 784 1055 850 coniectis
1074 806 1090 853 5

95 928 97 935 ,
119 874 200 940 haud
215 874 326 962 procul
343 875 441 939 muris
460 874 502 939 ad
518 884 667 941 terrorem
684 874 823 940 hostium
837 878 937 943 aciem
951 889 1055 944 osten-

95 978 140 1047 et,
157 991 227 1034 cum
245 968 403 1053 equitibus
421 968 567 1035 Numidis
586 969 823 1055 circumequitat
839 971 959 1051 urbem,
979 973 1055 1039 dum

95 1083 132 1127 ae
143 1085 284 1148 quaeque
297 1063 359 1128 alia
371 1064 412 1129 ad
425 1063 673 1150 oppugnandum
691 1087 771 1150 opus
790 1075 878 1131 erant
894 1078 1054 1151 parantur,

95 1155 248 1223 dcundum
265 1179 328 1242 qua
344 1157 481 1223 maxime
499 1167 586 1244 parte
605 1158 837 1244 adgrederetur.
867 1182 1054 1247 progressus
1074 1185 1089 1232 a

95 1270 219 1331 nurum,
238 1253 402 1338 scorpione
418 1253 481 1318 icto
495 1253 549 1337 qui
562 1255 724 1339 proximus
739 1276 812 1319 eum
825 1254 906 1321 forte
920 1265 1055 1336 steterat,

95 1353 149 1412 ιιι
173 1348 246 1412 inde
272 1356 337 1411 tam
362 1346 547 1458 periculoso.
571 1370 648 1414 casu
673 1350 814 1436 receptui
844 1372 955 1416 cauere
982 1372 1054 1416 cum

94 1435 179 1521 isset,
206 1451 310 1508 castra
335 1442 444 1527 procul
470 1441 511 1507 ab
537 1441 602 1507 ictu
629 1442 684 1508 teli
709 1444 890 1510 communit.
943 1443 1088 1514 classis?

95 1555 167 1602 nana
191 1560 212 1602 a
231 1535 385 1602 Messana
406 1536 529 1602 Locros
555 1537 674 1621 aliquot
698 1537 784 1604 horis
810 1538 861 1604 die
888 1551 1055 1626 superante

95 1631 170 1710 essit3
196 1631 332 1742 expositi
349 1653 458 1697 omnes
477 1653 495 1696 e
512 1630 646 1697 navibus
669 1641 701 1696 et
722 1642 794 1697 ante
812 1654 960 1698 occasum
978 1635 1054 1700 solis

95 1741 139 1790 rm
152 1725 286 1813 ingressi
304 1736 386 1792 sunt
412 1748 480 1835 'pos
482 1736 548 1792 tero
566 1725 617 1790 die
635 1734 746 1812 coepta
762 1749 803 1792 ex
820 1749 892 1793 arce
909 1727 1054 1795 aPoenis
1072 1748 1088 1796 8

95 1837 147 1898 na,
174 1830 205 1886 et
226 1819 420 1886 Hannibal
411 1843 474 1885 ram
498 1820 591 1885 scalis
613 1819 746 1904 aliisque
768 1820 914 1887 omnibus
936 1821 978 1888 ad
999 1844 1056 1908 op·

95 1915 247 1988 nationem
263 1915 381 2001 paratis
400 1914 527 1981 subibat
543 1937 665 1993 muros,
693 1937 767 1980 cum
784 1925 913 2002 repente
930 1916 964 1981 in
981 1939 1055 1983 eum

95 2000 220 2075 'dminus
238 2032 334 2094 quam
351 2009 414 2075 tale
431 2009 601 2094 quiequam
615 2010 777 2075 timentem
793 2010 952 2097 patefacta
965 2022 1056 2098 porta

95 2115 190 2207 mpuut
177 2104 351 2171 tRomani.
395 2103 437 2170 ad
454 2105 606 2170 ducentos
628 2104 810 2191 inprovidos
832 2127 905 2170 cum
922 2106 1088 2174 invasis-9

95 2200 283 2265 'occiduutz
319 2208 369 2264 cet
369 2221 439 2265 eros
466 2198 648 2278 Hannibal,
685 2209 720 2264 ιιι
749 2199 911 2265 consulem
942 2201 1054 2267 adesse

95 2287 171 2370 sit,
162 2317 194 2358 m
216 2303 320 2359 castra
340 2294 465 2403 recipit,
492 2294 664 2378 nuntioque
685 2294 783 2359 misso
806 2293 847 2359 ad
869 2315 923 2358 eos
945 2293 1000 2377 qui
1021 2295 1055 2358 in

95 2398 211 2467 erant,
229 2398 265 2453 ut
282 2372 487 2474 sibimet''rps1
476 2386 712 2465 consulerent,
730 2409 791 2453 noo
791 2396 822 2452 te
835 2387 928 2452 motis
943 2387 1054 2453 castris

95 2482 119 2543 t.
155 2492 184 2548 et
200 2483 256 2594 qui
272 2483 306 2548 in
322 2504 394 2548 arce
413 2491 515 2561 erant,
541 2482 609 2569 igni
629 2482 744 2548 iniecto
761 2482 851 2548 tectis
869 2503 950 2566 quae
968 2492 1055 2547 tene-
1075 2502 1106 2550 ro

95 2576 122 2653 l,
146 2587 180 2642 ut
200 2578 227 2644 is
250 2577 403 2643 tumultus
425 2577 550 2643 hostem
572 2586 758 2656 moraretur,
789 2598 904 2663 agmen
925 2598 1056 2642 suorum

95 2682 126 2735 te
140 2672 231 2737 simili
247 2694 343 2738 cursu
360 2682 433 2738 ante
449 2681 575 2738 noctem
592 2671 734 2737 adsecuti
752 2681 835 2737 sunt.

96 2754 181 2832 Vtfl.
236 2764 344 2854 Scipio
370 2777 406 2833 ut
431 2776 463 2832 et
488 2787 593 2832 arcem
618 2765 760 2831 relictam
785 2765 827 2832 ab
852 2765 997 2832 hostibus
1023 2776 1086 2833 etr

95 2872 130 2924 ua
142 2861 226 2939 vidit
236 2872 353 2942 castra,
379 2871 510 2928 vocatos
528 2861 569 2927 ad
591 2862 770 2927 contionem
786 2861 966 2927 Locrenses
983 2884 1056 2948 gra-

95 2955 161 3022 rob
177 2957 387 3027 defectionem
403 2957 574 3035 incusavit3
600 2956 641 3022 de
663 2955 843 3022 auctoribus
867 2955 1055 3042 supplicium
1073 2975 1088 3022 a

95 3050 159 3134 {psit
178 3050 325 3136 bonaque
347 3074 456 3117 eorum
477 3050 604 3117 alterius
626 3049 772 3116 factionis
793 3048 986 3136 principibus
1013 3047 1054 3113 ob
1138 3084 1142 3093 ·

95 3143 183 3231 lgiam
208 3146 304 3211 fidem
335 3146 486 3212 adversus
512 3145 674 3211 Romanos
705 3143 870 3210 concessit
929 3141 1087 3229 publices

114 3240 187 3306 dare
216 3262 277 3306 nee
307 3241 427 3327 eripere
456 3261 492 3306 se
518 3240 687 3325 quicquam
716 3236 930 3304 Locrensibus
961 3235 1053 3301 dixit:
1109 3323 1112 3327 ⁴

95 3356 158 3400 nam
183 3335 342 3400 mitterent
367 3335 508 3423 legatos3
544 3356 639 3419 quam
665 3342 792 3400 senatus
819 3353 956 3417 aequum
981 3352 1055 3395 cen-

95 3439 153 3508 set,
178 3452 252 3496 eam
273 3429 433 3495 fortunam
454 3427 625 3495 habituros.
669 3428 748 3493 illud
770 3427 846 3494 satis
873 3426 967 3504 scire,
995 3426 1088 3492 etsie

95 3546 104 3590 ι
124 3525 165 3590 de
186 3523 307 3611 populo
327 3524 472 3590 Romano
494 3523 597 3589 meriti
619 3533 738 3601 essent,
765 3523 799 3587 in
820 3521 948 3587 meliore
971 3531 1056 3586 statu

95 3619 187 3687 nafis
196 3618 351 3685 Romanis
368 3619 491 3684 futuros
510 3640 605 3702 qnam
624 3618 683 3684 sub
696 3617 805 3684 amicis
816 3615 1055 3702 Carthaginien·

95 3738 107 3782 s
133 3712 263 3780 suerint.
306 3713 376 3800 ipsc
397 3712 554 3779 Pleminio
580 3713 684 3800 legato
710 3711 941 3798 praesidioque,
969 3710 1088 3793 quod5

95 3834 123 3876 m
151 3816 294 3895 ceperat,
321 3808 362 3873 ad
387 3808 536 3874 tuendam
561 3807 673 3874 urbem
693 3807 816 3884 relicto,
844 3828 915 3871 cum
937 3802 1052 3886 quibus

95 3913 148 3972 rut
165 3902 269 3989 copiis
286 3900 472 3969 Messanam
489 3902 619 3969 traiecit.

95 4013 131 4068 ta
148 3996 289 4084 superbe
306 4007 339 4065 st
355 3999 521 4065 crudeliter
542 3996 641 4063 habiti
657 3997 836 4063 Locrenses
847 3994 899 4150 qu
919 3992 1052 4059 Cartha·
1071 4011 1087 4060 6

95 4103 117 4148 ri
133 4099 179 4144 col.
190 4098 219 4143 lt.
676 4141 683 4152 ‚
