2528 4530
278 246 408 304 'umen
424 246 599 320 11111111.
619 252 658 318 [a.
668 246 699 305 o.
707 248 767 304 are,
777 249 841 319 215]
1020 236 1083 304 145

41 408 184 496 simplex
201 406 369 474 confestim
386 405 576 490 exigeretur,
595 428 635 469 ex
652 428 714 488 quo
729 406 919 491 stipendium
932 430 1082 494 praesens
1101 432 1116 478 a

49 504 196 572 omnibns
221 497 374 565 militibus
400 499 540 576 daretur,
575 507 793 584 praeterquam
819 500 874 584 qni
900 502 1013 568 milites
1042 504 1083 568 ad

52 598 178 666 Cannas
196 594 342 660 fuissent.
385 593 426 658 de
444 591 632 658 exercitibus
650 593 694 658 ita
711 593 929 673 decreverunt,
952 605 988 660 ut
1006 597 1083 662 dua-
1101 618 1116 664 e

52 693 108 760 bus
134 690 314 779 legionibus
341 688 469 755 urbanis
488 688 537 754 Ti.
558 685 765 774 Sempronius
792 689 902 756 consul
921 689 1015 757 Cales
1042 692 1081 758 ad

55 786 300 854 conveniendum
318 784 403 851 diem
420 784 569 863 ediceret,
596 784 670 849 inde
688 805 743 850 eae
765 783 905 871 legiones
928 785 962 851 in
979 796 1083 853 castra

55 882 228 950 Claudiana
254 903 350 967 supra
368 876 555 946 Suessulam
581 879 818 945 deducerentur.
863 902 945 964 quae
967 880 1012 947 ibi
1037 881 1116 947 le-4

56 980 159 1067 gionos
172 984 411 1043 essent-erant
429 983 533 1041 autem
544 972 722 1040 Cannensis
740 975 877 1039 maxime
895 976 1081 1042 exercitus-

58 1095 105 1139 eas
117 1071 246 1159 Appius
262 1068 415 1136 Claudius
427 1066 566 1132 Pulcher
581 1077 706 1151 praetor
723 1068 756 1130 in
771 1064 911 1133 Siciliam
929 1069 1080 1148 traiceret,

58 1188 195 1252 quaeque
219 1166 255 1229 in
281 1161 391 1230 Sicilia
421 1169 540 1238 essent,
575 1160 711 1225 Romam
742 1159 987 1245 deportarentur.
1040 1166 1115 1230 ade

60 1263 237 1340 exercitum,
265 1259 317 1325 cui
342 1257 384 1323 ad
409 1255 659 1323 conveniendum
678 1253 773 1321 Cales
795 1254 897 1321 edicta
919 1256 986 1322 dies
1005 1268 1080 1336 erat,

55 1355 99 1421 Μ.
125 1354 279 1422 Claudius
305 1350 476 1417 Marcellus
511 1350 628 1416 missus
659 1350 749 1433 isque
779 1349 885 1415 iussus
914 1350 949 1414 in
979 1361 1082 1416 castra

60 1448 226 1516 Claudiana
243 1446 398 1510 deducere
420 1442 557 1510 urbanas
578 1442 729 1530 legiones.
775 1443 816 1509 ad
837 1452 975 1509 veterem
993 1464 1115 1511 exer-c

64 1545 149 1610 eitum
174 1538 394 1625 accipiendum
416 1537 697 1621 deducendumque
719 1537 793 1603 inde
815 1538 847 1602 in
871 1534 1012 1604 Siciliam
1030 1538 1080 1603 Ti.

63 1633 218 1700 Maecilius
239 1632 336 1699 Croto
352 1632 477 1719 legatus
495 1631 535 1699 ab
553 1632 618 1718 Ap.
638 1631 773 1698 Claudio
791 1641 839 1697 est
855 1632 981 1698 missus.

115 1727 218 1794 Taciti
231 1727 333 1813 primo
346 1735 586 1813 expectaverant
597 1725 754 1803 homines,
772 1725 819 1790 uti
833 1725 942 1791 consul
956 1725 1082 1791 comitia
1100 1746 1114 1793 1

65 1822 190 1909 collegae
208 1821 343 1886 creando
359 1819 504 1900 haberet;
522 1820 649 1899 deinde,
667 1818 722 1885 ubi
740 1818 920 1906 ablegatum
938 1819 1025 1885 velut
1042 1821 1081 1885 de

64 1915 203 2002 industria
215 1915 263 1979 M.
277 1914 464 1981 Marcellum
478 1914 633 1993 uiderunt,
652 1936 747 1998 quem
764 1914 901 1979 maxime
919 1915 1080 1981 consulem

66 2009 181 2076 ineum
207 2031 325 2076 annum
351 2009 391 2077 ob
414 2009 540 2097 egregie
561 2009 596 2074 in
615 2020 761 2095 praetura
781 2033 832 2076 res
854 2021 961 2097 gestas
984 2011 1082 2077 creari

67 2104 210 2184 volebant,
229 2105 373 2171 fremitus
391 2105 528 2170 incuria
546 2113 642 2170 ortus.
669 2105 754 2188 quod
771 2103 826 2170 ubi
845 2105 942 2170 sensit
960 2106 1080 2184 consul,
1099 2118 1114 2167 8

69 2199 246 2285 ‘utrumque’
263 2199 364 2283 inquit
382 2204 413 2264 ‘e
430 2220 464 2265 re
482 2197 608 2285 publica
624 2197 697 2276 fuit,
721 2209 825 2283 patres
844 2199 1026 2284 conscripti,
1050 2210 1081 2265 et

10 2330 20 2354 1
70 2288 104 2357 bl.
120 2291 288 2360 Claudium
315 2293 356 2358 ad
380 2293 603 2379 permutandos
631 2293 785 2358 exercitus
813 2293 845 2356 in
872 2291 1081 2378 Campaniam

10 2410 25 2447 a
71 2388 207 2470 proficisci
233 2397 265 2453 et
286 2387 411 2454 comitia
432 2410 497 2455 non
517 2388 604 2474 prius
627 2386 722 2465 edici,
749 2408 844 2471 quam
865 2387 893 2451 is
915 2387 989 2452 inde
1006 2409 1081 2452 con·

13 2478 22 2484 ’
71 2479 134 2550 lecto
150 2484 237 2569 quod
253 2483 436 2548 mandatum
453 2491 502 2549 est
518 2482 645 2569 negotio
662 2482 854 2560 revertisset,
878 2489 914 2544 ut
930 2503 988 2547 vos
1006 2503 1081 2547 con-

72 2576 165 2657 ulem,
184 2599 279 2663 quem
288 2587 412 2664 tempus
425 2576 624 2662 reipublicae
632 2576 818 2663 postularet,
837 2598 930 2660 quem
944 2576 1081 2642 maxime

10 2669 26 2693 ³·
71 2671 156 2751 voltis,
174 2671 351 2740 haberetis!
385 2672 430 2737 ita
447 2671 486 2737 de
504 2672 651 2749 comitiis,
674 2673 772 2737 donec
789 2672 881 2737 rediit
897 2670 1079 2751 Marcellus,
1098 2696 1113 2743 9

65 2764 210 2832 dandum
236 2766 306 2832 fuit.
349 2765 469 2832 interea
494 2766 650 2831 duumviri
676 2767 772 2832 creati
798 2776 871 2832 sunt
896 2763 936 2849 Q.
959 2766 1079 2832 Fabius

17 2880 25 2889 ·
68 2850 213 2927 Maximus
240 2870 272 2926 et
297 2859 336 2926 Τ.
365 2857 521 2928 Otacilius
553 2859 690 2927 Crassus
726 2859 856 2928 aedibus
886 2860 1078 2941 dedicandis,

68 2944 154 3020 Menti
172 2954 343 3034 Otacilius,
362 2953 481 3022 Fabius
499 2953 616 3021 Veneri
633 2955 805 3035 Erucinae3
825 2965 953 3040 utraque
969 2956 1003 3023 in
1017 2955 1080 3022 Ca

15 3125 19 3133 Ι
68 3047 158 3129 pitolio
175 3061 239 3129 est,
258 3050 359 3116 canali
376 3073 439 3115 uno
457 3050 619 3116 discretae.
651 3061 683 3116 et
700 3051 740 3116 de
758 3051 902 3117 trecentis
922 3051 1079 3134 equitibus
1100 3074 1131 3120 10

10 3151 15 3171 ¹
71 3137 240 3232 Campanis,
264 3145 318 3227 qni
334 3145 369 3209 in
386 3143 495 3211 Sicilia
512 3168 585 3210 cum
606 3145 669 3212 fide
691 3146 842 3232 stipendis
860 3144 996 3210 emeritis
1013 3143 1080 3209 Ro-

10 3244 17 3325 ῗ
71 3248 309 3318 nmvenerant,
326 3239 425 3304 latum
438 3240 480 3304 ad
491 3240 657 3326 populum,
675 3250 711 3306 ut
724 3240 807 3307 cives
816 3238 951 3305 Romani
965 3247 1079 3329 essent,

10 3373 12 3381 =
72 3323 131 3397 ilem
152 3333 199 3398 uti
223 3332 398 3420 municipes
417 3332 554 3400 Cumani
580 3344 686 3401 essent
712 3334 810 3421 pridie
832 3356 927 3419 quam
943 3332 1080 3419 populus

10 3432 16 3471 ‘-
73 3418 237 3513 Campanus
255 3451 275 3493 a
290 3427 414 3514 populo
424 3427 570 3495 Romano
589 3428 764 3496 defecisset.
809 3428 945 3493 maxime
966 3437 1002 3494 ut
1018 3427 1079 3494 hoc
1099 3449 1129 3497 11

10 3528 17 3567 ῖ
72 3513 186 3589 ferretur
206 3532 361 3600 moverat,
393 3522 492 3607 quod,
524 3545 657 3608 quorum
673 3524 836 3590 hominum
854 3532 972 3601 essent,
1001 3522 1080 3590 scire

10 3624 15 3703 ξ
71 3612 167 3702 teipsi
183 3615 357 3704 negabant,
383 3628 488 3683 vetere
504 3618 606 3704 patria
622 3619 741 3696 relicta,
767 3619 802 3683 in
823 3641 907 3697 eam,
933 3619 968 3682 in
984 3640 1080 3702 quam

10 3736 21 3758 a
70 3706 221 3790 adeant,
234 3711 375 3777 nondum
388 3711 509 3778 adsciti.
531 3722 699 3799 postquam
708 3711 877 3779 Marcellus
892 3711 932 3779 ab
942 3712 1080 3778 exercitu
1100 3734 1130 3781 12

67 3802 146 3885 redit,
173 3807 299 3873 comitia
317 3808 438 3874 consuli
455 3808 510 3874 uni
529 3810 673 3897 rogando
689 3811 722 3876 in
741 3809 846 3876 locum
863 3811 905 3875 L.
922 3808 1080 3875 Postumii

10 3930 16 3940 ·
65 3895 225 3968 edicuntur.
268 3911 392 3968 creatur
411 3903 533 3990 ingenti
554 3926 710 3972 consensu
732 3903 918 3981 Marcellus,
945 3904 999 3987 qui
1026 3923 1130 3970 err-13

62 3995 168 4082 templo
192 3997 411 4087 magistratum
437 4000 601 4087 occiperet.
654 4000 704 4066 cui
732 4001 853 4066 ineunti
883 3999 1080 4064 consulatum

103 4097 153 4145 tet
166 4098 210 4142 rol.
222 4097 250 4143 ll.
875 4100 909 4154 10
