2528 4530
315 264 431 323 aranu
448 260 578 337 xxmr,
595 265 640 324 40.
653 260 697 323 41.
717 264 796 335 [ac.
807 266 871 337 214]
1041 256 1106 324 205

77 428 183 493 nentla
200 424 340 502 moenia,
364 425 391 489 si
409 424 536 508 quando
554 424 664 490 similis
682 423 811 489 fertum
827 426 979 503 venisset,
1002 426 1105 515 Apol-

77 522 184 588 oniam
202 520 371 597 devexere,
390 530 494 584 cetera
511 514 615 584 omnis
631 518 751 605 praeda
768 530 941 585 ceruorum
951 520 1104 589 Romanis

77 636 218 683 concessa
235 626 294 680 est.

128 710 222 774 Haec
240 726 313 773 cum
332 704 465 775 Oricum
483 720 592 774 essent
607 709 764 786 nuntiata,
790 704 839 774 M.
858 708 1005 776 Valerius
1023 710 1105 777 clas-
1123 734 1156 783 16

78 829 133 871 rem
157 803 315 889 extemplo
338 804 379 868 ad
401 804 517 869 ostium
539 803 678 868 fluminis
701 804 806 881 (luxit,
833 820 874 868 ne
895 805 1030 871 naribus
1053 826 1105 871 ea-

78 918 192 985 pessere
210 897 322 984 fugam
343 917 400 962 rex
421 907 540 983 posset.
584 897 690 980 itaque
708 894 892 983 Philippus,
918 916 1021 983 neque
1043 908 1155 971 ter-17

78 992 155 1059 astri
176 1010 281 1076 neque
302 991 407 1055 navali
430 990 593 1055 certamini
615 991 692 1056 satis
714 990 783 1056 fore
804 1010 912 1077 parem
936 1014 970 1058 se
992 986 1103 1072 fidens,

78 1086 229 1152 subductis
257 1084 391 1149 navibus
424 1084 641 1150 antinoensis
668 1094 751 1149 terra
775 1084 997 1152 Macedoniam
1028 1088 1105 1174 petit

79 1198 181 1267 magna
207 1200 248 1245 ex
273 1190 363 1265 parte
388 1179 500 1244 mermi
530 1179 670 1243 exercitu
701 1180 906 1265 spoliatoque.
959 1180 1104 1248 Romana

81 1274 175 1340 cassis
193 1292 267 1338 cum
284 1272 332 1338 M.
351 1272 483 1338 Valerio
500 1270 590 1340 Orici
607 1272 793 1339 hibernavit.

130 1367 304 1434 XXXXI.
340 1368 465 1433 Eodem
483 1388 566 1433 anno
583 1368 617 1432 in
635 1362 795 1453 Hispania
811 1368 898 1433 varie
914 1390 965 1433 res
983 1381 1101 1455 gestae.
1123 1400 1136 1447 1

87 1480 140 1527 ran
153 1463 340 1549 priusquam
361 1461 497 1527 Romam
518 1482 644 1527 amnem
666 1456 826 1527 Hiberum
848 1463 1029 1542 transirent,
1055 1465 1104 1529 in-

90 1564 172 1640 gentes
190 1557 301 1642 copias
318 1550 537 1642 Hispanorum
559 1555 659 1643 Mago
683 1566 715 1622 et
736 1556 921 1622 Hasdrubal
943 1557 1101 1624 firderunt.

87 1647 296 1734 defecissetque
318 1649 359 1714 ab
381 1649 535 1715 Romanis
559 1649 688 1715 ulterior
710 1650 882 1736 Hispania,
909 1648 942 1715 ni
963 1650 1001 1716 P.
1023 1650 1136 1727 Cor-2

84 1742 165 1809 relus
182 1742 299 1830 raptim
317 1744 460 1810 uacucto
484 1745 623 1809 exercitu
639 1740 798 1810 iliberum
816 1744 921 1810 dubiis
945 1746 1102 1811 sociomm

83 1837 176 1903 nimis
194 1839 387 1924 intempore
405 1839 594 1905 advenisset.
635 1840 736 1925 primo
754 1840 795 1904 ad
814 1837 964 1905 Castrum
980 1838 1102 1906 Alhnm
1120 1870 1136 1917 3

82 1962 101 1977 -
111 1930 195 1997 locus
213 1942 263 1996 est
279 1932 413 2019 insignis
432 1933 529 1998 caede
546 1935 654 2020 mffl
667 1933 860 1999 Hamilcaris
877 1966 904 1981 -·
921 1945 1025 2000 catha
1037 1928 1103 2000 Ro-

80 2025 149 2090 nani
165 2025 314 2091 habuere.
359 2048 416 2092 arx
438 2036 505 2092 erat
527 2029 649 2092 munita
670 2038 702 2093 et
719 2037 929 2094 convexerant
947 2038 1019 2094 ante
1037 2029 1138 2104 tiu-4

80 2130 219 2200 nentum3
254 2131 373 2200 tamen,
400 2123 476 2206 quia
502 2123 608 2187 omnia
634 2123 717 2187 circa
737 2122 876 2187 hostium
899 2122 993 2207 plena
1014 2135 1102 2189 erant

80 2232 241 2301 tgmenque
270 2215 450 2281 Romanum
486 2217 603 2302 inpune
638 2217 831 2281 incursatum
867 2216 907 2281 ab
944 2218 1101 2302 equitibus

80 2302 202 2376 hmtiurn
219 2310 322 2376 fuerat
340 2320 372 2376 et
388 2312 429 2376 ari
447 2311 510 2376 duo
528 2310 616 2375 milia
637 2319 692 2375 aut
708 2319 899 2375 moratorum
917 2321 971 2374 aut
992 2311 1102 2396 palan-

80 2401 143 2471 tium
166 2428 225 2494 per
251 2426 346 2493 agros
367 2406 545 2484 interfecta,
574 2427 698 2470 cessere
719 2405 793 2469 inde
814 2404 951 2470 Romani
971 2405 1101 2489 propius

80 2512 174 2581 pacata
190 2500 261 2566 loca
283 2501 372 2565 etad
394 2511 535 2566 montem
553 2499 714 2566 Victoriae
732 2507 836 2563 castm
857 2497 1100 2563 communivere.

80 2610 107 2657 eo
119 2593 174 2660 Cra
192 2593 300 2681 Scipio
318 2614 391 2660 eum
409 2595 558 2661 omnibus
576 2595 675 2682 copiis
693 2604 725 2658 et
741 2592 928 2659 Hasdrubal
946 2590 1098 2678 Gisgonis
1118 2618 1135 2666 5

82 2682 158 2768 llius,
187 2690 297 2753 tertius
320 2688 632 2776 Carthaginiensium
653 2689 732 2766 dux,
760 2706 834 2753 enm
856 2687 995 2752 exercitu
1016 2686 1100 2752 iusto

84 2778 202 2862 advenit,
231 2793 401 2867 cannaque
423 2792 527 2848 castra
548 2783 694 2849 Romana
719 2794 805 2848 trane
832 2781 963 2846 flauum
990 2799 1099 2846 omnes

84 2877 244 2943 meruere.
286 2876 323 2942 P.
345 2875 456 2963 Scipio
482 2898 555 2942 eum
582 2876 737 2962 expeditis
764 2875 845 2941 elam
872 2876 1033 2962 profectus
1059 2877 1133 2951 ade
1255 2866 1258 2871 ¹

83 2964 137 3038 bea
157 2974 241 3039 eirca
266 2973 397 3038 visenda
419 2974 496 3038 haut
518 2973 631 3039 fefellit
657 2973 779 3051 hostes,
807 2972 1100 3059 oppressissentque

83 3082 138 3131 tunt
151 3065 185 3131 in
202 3067 382 3153 patentibus
401 3067 535 3153 eampis,
563 3067 597 3132 ni
620 3067 775 3131 tumulum
797 3068 831 3131 in
851 3067 1027 3152 propinquo
1049 3088 1101 3130 ce-

85 3158 169 3241 praet
201 3162 247 3227 ibi
265 3184 392 3246 quoque
410 3162 639 3228 circumsessus
658 3163 796 3227 adventu
813 3160 918 3225 fratris
937 3159 1099 3225 obsidione

88 3254 218 3324 maiar.
249 3256 380 3323 Castulo
398 3256 473 3322 urbs
483 3257 660 3343 Hispaniae
674 3256 780 3322 valida
797 3277 835 3320 ac
847 3254 961 3320 nobilis
975 3262 1006 3317 et
1019 3252 1099 3318 adeo
1118 3280 1133 3327 t

88 3350 230 3418 maneta
248 3352 396 3417 societate
413 3351 546 3429 Poenis,
574 3363 610 3416 ut
626 3374 707 3417 uxor
723 3351 796 3416 inde
813 3347 988 3413 Hannibali
1005 3356 1098 3425 esset,

82 3442 279 3514 eromenes
297 3447 421 3512 defecit.
451 3446 728 3533 Carthaginienses
741 3444 898 3530 Iliturgim
916 3462 1099 3530 oppugnare
1117 3463 1133 3512 8

82 3538 176 3623 aare,
195 3543 270 3627 quia
287 3542 478 3628 praesidium
496 3541 541 3606 ibi
553 3542 733 3607 Romanum
750 3550 830 3618 erat,
848 3537 1098 3620 videbanturque

82 3636 168 3723 nopia
190 3637 328 3702 maxime
349 3658 423 3701 eum
444 3636 550 3701 locum
567 3635 786 3722 expugnaturi.
832 3632 892 3699 Cn.
914 3629 1036 3716 Scipio,
1063 3638 1132 3700 uta

82 3731 156 3797 ociis
173 3731 393 3818 praesidioque
406 3731 502 3796 ferret
516 3752 622 3817 opem,
642 3752 714 3795 cum
727 3730 850 3816 legione
864 3726 1011 3814 expedita
1027 3742 1100 3811 pro-

82 3835 164 3892 ectus
182 3826 264 3891 inter
281 3826 355 3891 bina
372 3836 476 3891 castra
494 3846 567 3890 cum
584 3844 701 3911 magna
718 3825 814 3890 caede
831 3823 970 3888 hostium
987 3821 1100 3887 urbem

82 3927 109 3984 st
125 3919 289 4007 ingressus
308 3930 339 3986 et
356 3930 482 4006 postero
500 3920 553 3985 die
568 3919 731 4005 emptione
749 3938 850 4003 aeque
870 3914 955 3982 felici
975 3934 1099 4004 pugna·

82 4012 114 4080 it.
151 4036 249 4101 supra
262 4015 427 4081 duodecim
441 4015 527 4082 milia
538 4013 702 4079 hominum
715 4034 808 4080 caesa
821 4012 946 4079 duobus
958 4011 1096 4099 proeliis,
1118 4030 1150 4079 ιο
