2528 4530
348 250 465 307 LIBER
483 252 594 322 xxvi,
612 251 655 307 41.
677 256 714 321 [a.
727 249 757 306 c.
768 253 831 323 210]
1036 243 1098 308 311

69 409 226 488 cladibus,
262 418 348 475 ratus
375 408 520 475 contione
544 408 697 475 advocata
722 410 768 476 ita
797 409 958 477 disseruit:
995 417 1135 484 ‘namot

74 514 212 575 autema
230 526 332 570 novus
350 504 517 590 imperator
534 503 685 571 militibus
704 504 784 582 suis,
806 505 989 590 priusquam
1006 528 1102 592 opera

78 621 179 669 eorum
205 621 284 665 usus
311 608 408 677 esset,
434 599 552 684 gratias
578 620 672 685 agere
697 601 764 666 iure
790 622 828 665 ac
849 600 959 666 merito
984 602 1100 686 potuit3

10 684 22 787 J*
82 715 124 757 me
140 691 247 771 vobis,
265 693 449 778 priusquam
466 692 659 778 provinciam
677 704 732 759 aut
749 705 852 760 castra
869 696 1021 774 viderem,
1045 694 1101 761 ob·
1119 719 1135 765 r

10 836 22 875 ἵ
84 785 182 873 ligavit
198 786 338 865 senuna,
363 787 501 872 primum
518 788 605 872 quod
622 810 660 852 ea
680 787 796 873 pietate
815 810 891 876 erga
907 800 1028 876 patrem
1045 812 1102 876 pa·

10 931 14 968 Β
85 891 238 968 truumque
260 904 366 947 meum
387 882 478 948 vivos
504 893 707 967 mortuosque
729 882 850 961 fuistis,
877 885 989 951 deinde
1015 885 1134 971 quoda

10 1020 33 1061 5.
87 975 222 1043 amissam
239 985 327 1041 tanta
343 975 432 1042 clade
449 977 631 1063 provinciae
647 978 881 1063 possessionem
897 978 1052 1065 integram
1070 990 1102 1046 et

10 1112 30 1154 ,2
89 1069 189 1155 populo
213 1069 360 1137 Romano
387 1080 418 1136 et
444 1071 619 1138 successori
644 1071 721 1135 mihi
746 1071 859 1137 virtute
886 1083 990 1139 vestra
1020 1074 1102 1141 obti-

10 1187 33 1251 ᾖ,
88 1163 193 1233 nuistis.
243 1164 301 1229 sed
322 1187 394 1230 cum
415 1165 479 1230 iam
501 1164 692 1252 benignitate
714 1166 809 1231 deum
830 1166 864 1231 id
884 1188 1031 1252 paremus
1053 1177 1134 1237 att

10 1254 34 1327 fs:
89 1277 136 1339 que
152 1280 299 1346 agamus,
325 1281 389 1325 non
405 1270 441 1325 ut
457 1260 519 1345 ipsi
536 1282 720 1325 maneamus
738 1260 770 1324 in
787 1259 958 1345 Hispania,
986 1261 1043 1326 sed
1060 1284 1101 1327 ne

89 1349 173 1418 Poeni
189 1364 351 1433 maneant,
377 1376 437 1419 nec
453 1365 489 1418 ut
506 1377 563 1439 pro
580 1354 649 1439 ripa
666 1354 780 1420 Hiberi
802 1364 919 1421 stantes
937 1377 1100 1421 arceamus

10 1462 29 1522 ’ρ
88 1446 203 1515 transitu
220 1447 334 1526 hostis,
362 1448 470 1513 sedat
493 1448 573 1514 ultro
594 1459 789 1514 transeamus
812 1449 1099 1533 transferamusque
1118 1471 1132 1516 r

10 1575 30 1615 2
87 1536 202 1620 alum,
220 1564 345 1621 vereor,
363 1564 404 1608 ne
421 1541 472 1607 cui
486 1551 626 1607 vestrum
640 1543 741 1607 maius
754 1543 788 1607 id
801 1543 1012 1627 audaciusque
1026 1566 1100 1611 con·
1201 1560 1203 1565 '

10 1670 29 1708 ς.
86 1632 176 1701 silium
193 1658 290 1721 quam
307 1647 362 1702 ant
377 1659 436 1722 pro
453 1637 604 1702 memoria
626 1636 762 1702 cladium
783 1659 884 1723 nuper
901 1647 1100 1724 acceptarum

10 1762 27 1813 2·
85 1737 129 1793 aut
142 1751 201 1817 pro
217 1738 318 1794 aetate
336 1752 407 1795 mea
419 1731 572 1796 videatur.
599 1731 750 1796 adversae
763 1753 888 1817 pugnae
901 1731 1100 1817 inHispania
1117 1750 1133 1798 8

10 1856 21 1913 .'··
84 1821 187 1895 nulius
218 1823 252 1888 in
277 1823 382 1888 auimo
408 1845 504 1907 quam
533 1847 604 1890 meo
635 1826 738 1890 minus
769 1825 927 1891 obliterari
956 1835 1099 1912 possunt,

13 1982 17 1989 ,
81 1916 187 2003 quippe
205 1917 256 1982 cui
272 1927 362 2003 pater
379 1928 410 1983 et
427 1928 556 2003 patruus
574 1919 656 1984 intra
673 1919 800 2006 triginta
817 1921 938 1987 dierum
952 1921 1098 2007 spatium,

10 2048 17 2089 g
81 2020 109 2074 ut
127 2010 214 2078 aliud
235 2032 330 2097 super
352 2011 437 2077 aliud
459 2011 669 2078 cumularetur
690 2013 828 2080 familiae
849 2025 975 2081 nostrae
992 2015 1098 2094 funus,

10 2146 13 2183 ᾗ
78 2102 330 2184 interfectionum
350 2106 406 2171 sed
423 2115 458 2170 ut
475 2105 637 2172 familiaris
655 2129 756 2192 paene
774 2108 890 2175 orbitas
909 2132 946 2174 ac
965 2109 1099 2175 solitudo
1118 2127 1133 2174 a

50 2278 55 2283 Ι
77 2198 188 2287 frangit
204 2199 358 2279 animum,
380 2201 425 2266 ita
441 2201 569 2287 publica
586 2223 658 2266 cum
675 2201 814 2280 fortuna,
842 2212 910 2269 tum
927 2204 1027 2269 virtus
1045 2204 1100 2269 de·

10 2352 14 2357 .
75 2315 197 2380 sperare
214 2294 254 2359 de
272 2317 396 2360 summa
417 2317 522 2360 rerum
539 2294 692 2380 prohibet.
730 2317 768 2359 ea
785 2295 850 2360 fato
867 2296 1005 2380 quodam
1026 2297 1100 2361 data

74 2387 161 2455 mbis
179 2411 249 2455 sors
267 2398 328 2468 est,
355 2399 389 2455 ut
405 2390 530 2475 maguis
552 2388 698 2455 omnibus
721 2387 811 2454 bellis
828 2389 904 2455 victi
920 2389 1098 2455 vicerimus.

74 2493 176 2549 vetera
198 2483 322 2561 omitto,
352 2481 535 2562 Porsinam,
568 2480 693 2561 Gallos,
727 2481 900 2548 Samnites:
927 2482 1098 2548 aPunicis
1118 2503 1151 2551 10

73 2575 160 2643 bellis
177 2576 335 2663 incipiam.
380 2587 456 2660 quot
474 2577 607 2655 classes,
624 2586 702 2660 quot
719 2577 831 2655 duces,
850 2586 927 2661 quot
944 2576 1098 2643 exercitus

72 2673 171 2756 priore
193 2670 277 2738 bello
299 2672 407 2739 amissi
430 2671 517 2738 suntl
552 2672 616 2737 iam
633 2671 710 2756 quid
731 2672 793 2738 hoc
809 2671 891 2738 bello
909 2671 1099 2738 memorem?
1120 2692 1149 2739 11

20 2758 52 2773 ⁸
70 2764 216 2833 omnibus
233 2775 287 2831 aut
303 2766 373 2852 ipse
390 2766 479 2831 adfui
496 2765 637 2832 cladibus
655 2777 711 2831 aut
727 2765 841 2851 quibus
859 2766 940 2846 afui,
963 2766 1100 2834 maxime

71 2880 152 2927 unus
170 2860 311 2932 omnium
328 2882 383 2926 aas
402 2861 497 2928 sensi.
543 2860 672 2940 Trebia,
701 2860 931 2940 Trasumenno,
959 2861 1099 2940 Cannae,

69 2957 148 3041 quid
171 2955 258 3023 aliud
286 2965 360 3021 sunt
385 2978 481 3041 quam
507 2967 710 3023 monumenta
731 2957 906 3023 occisorum
928 2958 1100 3023 exercitam

66 3050 296 3135 consulumque
313 3050 547 3117 Romanorum?
581 3051 662 3117 adde
680 3051 887 3118 defectionem
904 3051 1029 3132 Italiae,
1049 3049 1101 3117 Si·
1121 3069 1151 3116 12

66 3146 158 3215 ciliae
180 3144 308 3210 maioris
333 3144 446 3230 partis,
475 3143 654 3224 Sardiniae,
682 3145 763 3211 adde
784 3145 928 3211 ultimum
951 3154 1099 3211 terrorem

61 3262 100 3309 ac
117 3260 287 3328 pavorem,
306 3248 409 3304 castra
424 3237 547 3304 Punica
563 3240 645 3305 inter
661 3237 820 3305 Anienem
837 3259 875 3304 ac
892 3239 1017 3304 moenia
1033 3238 1099 3305 Ro-

60 3356 162 3403 mana
186 3332 290 3419 posita
316 3341 348 3397 et
372 3331 476 3397 visum
501 3355 600 3419 prope
625 3334 658 3398 in
679 3333 777 3419 port-is
803 3332 954 3397 victorem
975 3332 1100 3399 Hanni·

58 3424 188 3497 balam:
213 3426 248 3491 in
268 3427 329 3492 bac
349 3428 440 3495 ruina
460 3449 565 3492 rerum
588 3427 674 3493 stetit
695 3450 758 3492 una
779 3425 901 3511 integra
926 3434 1020 3510 atque
1041 3426 1100 3491 im·

53 3520 195 3590 mobilis
221 3520 320 3587 virtus
346 3522 454 3609 populi
479 3521 631 3600 Romani,
657 3519 864 3587 haecomnia
889 3528 987 3585 strata
1011 3521 1099 3587 humi

50 3615 167 3686 crexit
184 3637 224 3681 ac
241 3616 377 3682 sustulit.
420 3639 478 3682 voa
496 3616 636 3680 omnium
652 3615 760 3701 primi,
777 3613 905 3692 milites,
923 3624 996 3700 post
1015 3612 1099 3681 Can·
1118 3633 1150 3682 13

53 3732 201 3779 nensem
221 3708 344 3777 cladem
364 3709 491 3775 varianti
512 3709 708 3776 Hasdrubali
728 3708 770 3774 ad
786 3707 880 3794 Alpis
901 3707 1097 3793 Italiamque,

54 3804 121 3892 qui
147 3802 180 3871 si
206 3824 242 3871 se
267 3826 339 3869 cum
365 3803 461 3870 fratre
487 3803 714 3880 coniunxisset,
751 3801 873 3867 nullum
897 3802 961 3868 iam
982 3824 1099 3869 nomen

53 3907 153 3967 esset
170 3896 280 3984 populi
296 3897 446 3976 Romani,
473 3898 570 3964 ductu
588 3896 790 3983 auspicioque
807 3897 905 3983 patris
921 3896 985 3963 mei
1002 3895 1100 3965 obsti-
1138 3974 1143 3984 κ

51 3992 165 4072 tiaris,
197 4001 229 4057 et
254 3991 314 4059 hae
344 3993 500 4059 secundae
526 4014 576 4059 res
602 3991 671 4058 illas
699 3992 847 4058 adversas
875 3991 1098 4059 sustinuerunt.
