2528 4514
214 238 330 294 amna
346 239 464 310 xxm,
483 237 582 296 naso.
602 238 757 310 [scara]
936 227 1000 294 143

95 407 241 477 obessent,
266 399 388 465 rettulit
409 397 523 484 pedem
546 398 651 462 media
672 399 756 462 acies
778 397 1001 464 inferentibus-

95 514 204 580 snagno
216 495 336 580 impetu
344 493 497 558 Romanis
512 492 605 557 vertit
618 502 717 578 terga
754 491 852 558 nihilo
870 494 1000 579 segnius
1019 511 1054 561 ιο

95 610 124 652 us
136 588 283 673 proelium
299 589 369 651 fuit.
405 588 481 651 hinc
497 587 641 663 Poenus,
659 587 734 650 hinc
745 585 828 652 Afer
844 598 951 673 urget,
969 597 1002 652 et

95 681 350 746 beircumventos
368 681 488 766 proelio
506 679 636 765 ancipiti
651 691 804 767 pugnant
848 682 907 747 sed
928 703 1001 747 cum
1019 704 1051 753 11

95 775 156 838 lium
172 785 236 840 tota
253 777 316 839 iam
336 777 451 840 coisset
458 774 605 839 Romana
622 775 721 853 acies,
740 775 816 840 satis
829 775 944 841 virium
959 777 1003 843 ad

95 869 155 933 uda
170 868 310 934 hostium
328 890 446 934 cornua
463 868 582 933 habuit.
610 868 654 933 ita
667 869 731 934 duo
745 869 871 935 diversa
882 869 1002 956 proelia
1020 890 1053 941 12

105 973 232 1046 utroque
250 963 400 1041 Romani,
425 975 460 1026 ut
477 964 531 1046 qui
547 962 649 1048 pulsis
667 962 731 1027 iam
749 973 822 1029 ante
839 964 952 1030 mediis
970 975 1003 1031 et

95 1084 100 1119 t
111 1068 141 1124 et
153 1057 265 1124 robore
278 1059 416 1123 virorum
430 1065 634 1144 praestarent,
647 1056 725 1122 haut
738 1056 834 1123 dubie
843 1069 1001 1145 superant

108 1152 155 1215 vis
177 1151 340 1216 hominurn
363 1151 408 1217 ibi
431 1152 550 1228 occisa,
577 1160 609 1215 et
631 1151 693 1216 nisi
709 1150 849 1238 Hispani
870 1153 1002 1219 vixdum
1021 1174 1055 1223 18

95 1269 109 1311 o
132 1246 254 1333 proelio
281 1256 346 1310 tam
373 1246 473 1311 effuse
499 1246 671 1331 fugissent,
697 1246 847 1331 perpauci
873 1268 914 1311 ex
936 1256 1003 1341 tpta

95 1340 196 1404 issent
212 1340 289 1404 acie.
335 1340 488 1422 equestris
505 1361 614 1425 pugna
634 1338 722 1404 nulla
743 1339 914 1404 admodum
931 1339 1002 1419 fuit,
1022 1362 1056 1410 14

95 1434 168 1498 lmul
185 1434 368 1499 inclinatam
385 1434 523 1498 mediam
541 1434 641 1498 aciem
658 1433 766 1498 Mauri
782 1433 1003 1518 Numidaeque

97 1538 123 1606 t,
152 1527 311 1613 extemplo
338 1526 417 1614 fuga
443 1527 545 1592 effusa
570 1527 657 1592 nuda
683 1551 801 1593 cornua
826 1527 1002 1614 elephantis

111 1645 188 1708 prae
212 1644 246 1686 se
269 1622 347 1687 actis
366 1623 541 1686 deseruere.
585 1631 617 1687 et
634 1621 820 1688 Hasdrubal
841 1622 1002 1706 usquead
1021 1639 1054 1691 15

95 1741 108 1781 r
136 1726 285 1781 eventum
310 1738 437 1803 pugnae
464 1726 604 1782 moratus
630 1738 649 1782 e
674 1717 780 1782 media
805 1715 902 1782 caede
928 1738 1001 1782 cum

95 1811 215 1897 effugit.
252 1821 355 1875 castra
372 1810 509 1875 Romani
527 1832 638 1895 cepere
656 1821 751 1895 atque
769 1810 936 1897 diripuere.

94 1929 218 1991 pugna,
247 1906 275 1969 si
293 1928 356 1989 qua
374 1904 470 1970 dubia
486 1905 520 1968 in
538 1904 696 1990 Hispania
719 1902 820 1984 erant,
847 1905 1000 1972 Romanis
1021 1926 1054 1975 16

95 2010 117 2078 t,
147 1997 407 2082 Hasdrubalique
428 2020 493 2062 non
510 2000 604 2065 modo
625 2000 658 2064 in
675 1999 801 2065 Italiam
817 2000 1003 2066 traducendi

95 2120 134 2173 rs,
162 2095 220 2159 sed
238 2116 277 2160 ne
295 2094 443 2158 manendi
460 2094 589 2178 quidem
611 2094 686 2160 satis
705 2103 772 2160 tuto
794 2096 828 2160 in
844 2095 1003 2181 Hispania
1047 2137 1051 2145 ·

95 2192 266 2275 eliqueret.
321 2213 402 2273 quae
437 2201 644 2276 posteaquam
678 2190 789 2255 litteris
817 2188 1002 2276 Scipionum
1021 2210 1053 2259 17

106 2285 239 2372 volgata
266 2302 353 2361 sunt,
385 2306 451 2348 non
475 2294 541 2348 tam
567 2285 697 2349 victoria
723 2304 819 2367 quam
844 2283 1002 2368 prohibito

96 2379 178 2446 balis
196 2380 230 2442 in
247 2378 372 2443 Italiam
391 2379 525 2442 transitu
542 2378 749 2443 laetabantur.

95 2474 148 2539 X.
195 2473 284 2538 Dum
302 2473 381 2537 haec
403 2473 436 2536 iu
453 2472 612 2559 Hispania
632 2481 797 2561 geruntur,
825 2471 947 2536 Petelia
967 2473 1002 2537 in
1020 2493 1034 2539 1
1133 2474 1137 2479 ’

124 2569 245 2652 aliquot
270 2578 343 2652 post
373 2567 536 2631 mensibus
562 2590 658 2651 quam
685 2575 796 2652 coepta
826 2567 1002 2652 oppugnari

124 2662 307 2727 Himilcone
338 2660 498 2746 praefecto
515 2661 706 2727 Hannibalis
734 2668 916 2748 expugnata
941 2668 999 2725 est.

97 2757 236 2844 anguine
255 2778 292 2820 ae
309 2755 489 2820 volneribus
509 2778 546 2820 ea
554 2756 672 2821 Poenis
691 2755 822 2820 victoria
839 2754 925 2820 stetit
942 2775 1001 2818 nec
1020 2772 1037 2821 a

95 2852 145 2938 gis
155 2851 204 2914 vis
220 2851 368 2916 obsessos
378 2873 473 2934 quam
486 2849 588 2916 fames
602 2850 805 2936 expugnavit.
824 2847 1001 2934 absumptis
1019 2867 1035 2916 3

95 2968 202 3031 rugum
227 2945 381 3009 alimentis
406 2945 570 3028 carnisque
594 2945 695 3010 omnis
718 2945 843 3032 generis
865 2943 1003 3028 quadru-

99 3050 209 3103 suetae
229 3036 478 3124 [insuetae]que,
496 3049 655 3123 postremo
673 3040 765 3104 coriis
783 3036 953 3120 herbisque
971 3045 1002 3100 et

95 3157 123 3198 rs
143 3142 175 3196 et
193 3131 360 3196 corticibus
379 3133 493 3196 teneris
517 3133 694 3217 strictisque
715 3133 800 3198 foliis
818 3132 925 3196 vixere
942 3149 1036 3195 nect

95 3250 176 3311 ‚uam
198 3227 280 3290 vires
304 3227 344 3289 ad
369 3226 515 3290 standum
537 3226 570 3290 in
587 3227 685 3291 muris
704 3226 895 3308 ferendaque
914 3244 1002 3287 arma

97 3369 107 3399 ,
129 3321 302 3407 expugnati
321 3329 403 3384 sunt.
439 3329 566 3405 recepta
578 3320 701 3386 Petelia
713 3318 841 3385 Poenus
859 3318 901 3382 ad
916 3314 1001 3383 Con·
1019 3336 1035 3385 5

95 3468 99 3480 ,
114 3415 223 3500 copias
237 3414 381 3492 traducit,
397 3436 492 3497 quam
507 3415 611 3479 minus
625 3412 823 3500 pertinaciter
835 3411 1002 3476 defensam

95 3533 184 3575 tucos
203 3509 270 3574 dies
289 3509 321 3573 in
340 3509 530 3572 deditionem
548 3509 677 3594 accepit.
708 3506 811 3571 isdem
823 3505 923 3570 ferme
936 3505 1002 3569 die·
1021 3524 1038 3574 6

108 3604 307 3668 Bruttiorum
334 3603 489 3668 exercitus
514 3602 685 3669 Crotonem
708 3598 864 3667 Graecam
889 3597 1002 3663 urbem

95 3699 181 3775 redit,
200 3698 382 3783 opulentam
396 3699 555 3781 quondam
568 3697 662 3763 armis
680 3695 833 3779 virisque,
853 3703 921 3758 tum
938 3692 1002 3758 iam
1085 3712 1088 3717 ·

95 3792 170 3858 ultis
193 3792 381 3878 magnisque
404 3790 545 3856 cladibus
569 3784 741 3869 adflictam,
767 3799 803 3854 ut
825 3787 927 3853 omnis
950 3808 1002 3853 ae-

95 3909 161 3951 nus
180 3885 243 3950 duo
261 3886 348 3950 milia
365 3886 481 3950 civium
504 3894 714 3970 superessent
758 3883 865 3967 itaque
886 3880 965 3949 urbe
983 3903 1036 3949 at

95 3982 187 4050 ribus
205 3990 297 4047 vasta
319 3981 411 4047 facile
432 3981 523 4068 potiti
545 3979 653 4046 hostes
676 3991 765 4060 sunt,
800 4002 858 4045 arx
879 3986 1001 4044 tantum
