2528 4514
326 242 445 298 LIBER
461 241 604 314 XXVIII,
622 242 664 296 33.
677 242 719 297 34.
740 246 777 311 [a.
789 243 892 312 (1206]
1062 234 1125 299 421

96 425 228 468 essere.
273 424 338 467 non
356 400 501 489 capiebat
518 399 620 465 omnis
645 400 752 487 copias
776 412 926 488 angusta,
954 403 1036 469 siout
1053 415 1125 471 ante
1161 426 1177 474 8

95 496 211 561 tiotum
240 505 303 573 est,
330 496 444 574 valles3
474 495 555 559 duae
581 493 682 559 ferme
707 495 850 580 peditum
874 507 996 583 partes,
1022 499 1125 565 omnis

97 590 251 674 quitatus
268 589 302 654 in
320 589 420 654 aciem
439 588 615 669 descendit,
639 588 725 671 quod
741 589 872 654 relicum
888 591 1030 677 peditum
1048 604 1125 671 erat,
1150 634 1153 638 -

95 685 221 768 ·bliquo
240 683 470 749 constituerunt
487 681 577 747 colle.
624 679 747 770 Scipio,
770 707 829 771 pro
850 707 885 749 se
903 708 974 750 esse
992 685 1053 752 loci
1071 710 1127 751 111-
1161 708 1176 755 1

95 780 214 864 pretias
233 791 321 844 ratus
339 790 373 843 et
390 778 475 862 quod
493 778 526 842 in
545 787 612 842 arto
629 799 739 866 pugna
747 778 894 846 Romano
912 780 1015 868 aptior
1032 804 1125 866 quam

95 875 240 960 Iispano
266 872 359 936 militi
384 872 493 937 futura
517 871 684 938 videbatur
711 882 744 937 et
765 875 851 957 quod
871 874 904 938 in
927 896 1001 939 eum
1022 875 1127 940 locum

95 969 235 1034 11111111
251 966 391 1032 hostium
413 966 497 1031 acies
521 978 620 1044 esset,
648 967 704 1050 qui
725 990 790 1032 non
807 990 933 1033 omnem
952 970 1126 1034 multitudi-

95 1085 162 1128 rem
181 1084 292 1127 eorum
311 1071 452 1149 caperet,
473 1083 558 1127 novo
576 1060 672 1126 etiam
690 1062 820 1127 consilio
839 1063 954 1129 adiecit
972 1064 1125 1128 animum:

95 1157 232 1242 equitem
248 1178 308 1221 nec
326 1179 361 1221 se
378 1177 474 1243 posse
493 1155 688 1221 circumdare
702 1156 848 1222 cornibus
862 1158 895 1222 in
909 1168 974 1223 tam
988 1168 1124 1245 augusto
1145 1181 1177 1228 10

95 1251 194 1340 spatio
222 1261 255 1315 et
280 1250 379 1327 hosti,
406 1272 502 1335 quem
529 1271 600 1315 cum
627 1251 734 1338 pedite
757 1252 955 1332 deduxisset,
982 1252 1125 1318 inutilem

95 1349 169 1414 t'ore.
214 1346 322 1429 itaque
344 1345 479 1431 imperat
499 1345 628 1424 Laelio,
654 1355 691 1410 ut
711 1367 768 1432 per
791 1346 879 1411 collis
903 1370 998 1431 quam
1019 1347 1125 1413 occul-
1144 1369 1173 1414 11

95 1442 214 1508 issimo
233 1441 344 1505 itinere
362 1440 577 1505 circumducat
594 1441 715 1525 equites
730 1453 953 1528 segregetque,
972 1453 1125 1526 quantum

95 1547 215 1624 nosset,
235 1546 414 1621 equestrem
432 1537 473 1601 ab
489 1536 630 1622 pedestri
648 1559 788 1624 pugnam
794 1562 804 1616 3
821 1538 891 1623 ipse
909 1538 1015 1603 omnia
1032 1538 1125 1625 sigua
1144 1556 1175 1604 11

95 1632 235 1718 peditum
251 1631 285 1695 in
303 1631 403 1696 hostis
423 1632 530 1710 vertit,
559 1642 706 1715 quattuor
728 1632 865 1698 cohortis
888 1632 922 1697 in
939 1633 1042 1699 fronte
1061 1645 1125 1698 111-

95 1727 162 1805 nit,
185 1727 262 1811 quia
279 1727 374 1791 latius
391 1727 531 1813 pandere
549 1727 651 1792 aciem
667 1750 731 1793 non
749 1738 882 1815 poterat.
927 1750 1049 1794 moram
1065 1750 1125 1814 pu·
1145 1748 1175 1796 11
1258 1768 1262 1775 -

95 1823 212 1910 grandi
229 1822 350 1886 nullam
367 1821 457 1900 fecit,
484 1832 519 1886 ut
535 1822 606 1909 ipso
625 1822 795 1888 certamine
818 1833 974 1888 averteret
991 1824 1032 1889 ab
1050 1844 1125 1888 con-

95 1927 204 2004 spectu
222 1917 453 1982 transeuntium
470 1940 527 2004 per
544 1917 641 1983 colles
660 1919 810 2001 equitum.
854 1940 957 2002 neque
976 1928 1048 1984 ante
1066 1916 1126 1982 cir-

95 2012 278 2077 cumductos
302 2034 430 2077 sensere
453 2034 549 2097 quam
570 2012 740 2077 tumultum
762 2013 917 2097 equestris
939 2035 1067 2101 pugnae
1085 2014 1125 2077 ab

95 2120 181 2195 tergo
200 2128 360 2194 accepere.
388 2108 433 2173 ita
445 2109 508 2174 duo
522 2108 642 2194 proelia
656 2119 759 2173 erant:
779 2109 860 2173 duae
873 2108 1016 2193 peditum
1030 2108 1123 2184 acies,
1145 2126 1175 2173 11

95 2204 155 2270 duo
181 2203 340 2287 equitatus
362 2225 420 2290 per
440 2202 672 2289 longitudinem
694 2202 810 2288 campi,
839 2203 912 2285 quia
931 2202 1059 2266 misceri
1084 2224 1125 2266 ex

95 2320 210 2386 genere
228 2309 363 2380 utroque
379 2297 534 2384 proelium
557 2297 723 2384 angustiae
740 2320 805 2362 non
825 2295 1040 2382 patiebantur,
1066 2318 1125 2382 pu-

95 2395 243 2481 gnabant.
267 2393 485 2478 Hispanorum
500 2414 572 2457 cum
582 2415 685 2477 neque
694 2393 792 2502 pedes
807 2390 904 2474 equrtr
913 2412 1016 2474 neque
1026 2411 1123 2474 eques
1144 2408 1179 2501 ¹⁵.

95 2488 191 2577 pediti
203 2487 322 2552 auxilio
335 2499 430 2564 esset,
448 2487 547 2574 pedes
557 2488 672 2551 fiducia
685 2486 798 2571 equitis
809 2497 926 2551 temere
935 2484 1123 2550 commissus

95 2604 206 2670 cumpo
233 2581 436 2660 caederetur,
472 2604 569 2667 eques
596 2582 828 2647 circumventus
855 2602 914 2645 neo
938 2579 1079 2667 peditem
1105 2604 1125 2644 a

95 2679 197 2746 fronte
209 2712 237 2727 —
249 2677 314 2742 iam
331 2678 416 2743 enim
434 2687 550 2743 stratae
567 2678 724 2764 pedestris
742 2677 852 2764 copiae
869 2687 993 2741 erant·
1004 2695 1065 2739 neo
1083 2675 1123 2739 ab

95 2788 182 2862 tergo
202 2774 340 2859 equitem
359 2773 542 2850 sustineret,
565 2781 597 2837 et
613 2772 689 2858 ipsi,
712 2793 786 2836 cum
802 2772 857 2836 din
873 2771 908 2836 in
925 2771 1034 2836 orbem
1053 2793 1124 2836 sese

95 2868 251 2937 stantibus
270 2868 359 2953 equis
379 2868 610 2945 defendissent,
633 2868 675 2932 ad
692 2890 790 2933 unum
808 2891 918 2935 omnes
936 2868 1022 2934 caesi
1041 2878 1124 2945 sunt,

95 2988 153 3032 nec
170 2965 338 3051 quisquam
355 2963 497 3050 peditum
516 2964 696 3047 equitumve
716 2964 885 3051 superfuit,
913 2962 967 3046 qui
987 2963 1021 3026 in
1043 2961 1125 3026 valle

95 3070 325 3149 pugnaverunt
369 3058 462 3124 tertia
477 3081 567 3144 pars,
596 3080 677 3142 quae
699 3058 732 3121 in
752 3058 831 3123 colle
846 3058 891 3138 ‚ad
909 3057 1125 3142 spectaculum
1146 3078 1176 3125 16

95 3156 196 3243 magle
216 3166 319 3220 tutum
336 3176 431 3238 quam
449 3154 491 3217 ad
506 3165 629 3241 partem
642 3175 770 3241 pugnae
784 3151 1012 3239 capessendam
1031 3160 1126 3214 stete-

95 3260 156 3328 111,
174 3260 209 3317 11
225 3249 331 3315 locum
348 3260 381 3313 et
398 3260 523 3334 tempus
541 3249 583 3312 ad
600 3247 787 3333 fugiendum
805 3245 924 3311 habuit
968 3244 1123 3308 intereos
1143 3267 1175 3312 11

96 3355 128 3410 11
146 3343 251 3430 reguli
272 3343 334 3431 ipsi
355 3343 519 3428 fugerunt,
554 3343 739 3430 priusquam
760 3352 828 3407 tota
849 3337 1125 3405 circumveniretur

96 3438 179 3505 acies
196 3439 280 3503 inter
297 3439 467 3503 tumultum
484 3438 594 3524 elapsi.

157 3532 354 3600 XXXIIII
399 3530 516 3598 Castra
541 3533 655 3599 eodem
680 3533 732 3597 die
758 3532 975 3618 Hispanorum
1000 3538 1157 3614 praeterr

96 3641 235 3698 ceteram
265 3629 418 3716 praedam
449 3650 522 3693 cum
552 3627 653 3693 tribus
684 3627 784 3693 ferme
810 3625 936 3690 milibus
963 3622 1125 3688 hominum

95 3727 273 3815 capiuntur.
315 3723 493 3790 Romanis
478 3723 618 3808 sociique
641 3723 682 3787 ad
699 3723 786 3787 mille
805 3717 931 3786 ducenti
950 3741 987 3782 eo
1004 3715 1123 3826 prqelio
1144 3735 1158 3782 2

95 3823 291 3900 1111111111,
310 3820 474 3886 vulnerata
492 3820 659 3906 ampliust
659 3818 705 3883 ria
646 3819 806 3884 tmilia
820 3815 991 3882 hominum
1019 3811 1123 3876 minus

95 3927 225 3985 1111111
241 3914 375 3981 victoria
392 3914 567 3992 1111111111
584 3913 760 4001 patentiore
778 3933 888 3998 campo
907 3907 997 3973 etad
1014 3906 1125 3994 fugam

95 4012 326 4102 capessendam
343 4010 429 4076 facili
446 4011 530 4080 foret
545 4020 732 4097 pugnatum.
