2528 4514
145 260 214 325 260
393 271 512 327 LIBER
528 270 625 337 XXV,
643 269 685 324 38.
699 269 741 323 39.
762 272 800 337 [a.
810 286 836 323 u.
850 267 946 337 cota]

146 429 242 518 primi
266 439 400 515 possunt
424 427 542 493 hostes.
590 426 653 492 alia
676 423 751 491 belli
776 425 908 512 gerendi
931 424 980 489 via
1001 422 1059 489 nula
1072 432 1105 492 el

147 524 277 611 proinde
294 523 372 588 nihil
393 532 517 608 praeter
537 520 638 586 noctis
660 521 822 605 proximae
843 518 1080 605 opportunitatem
1131 561 1132 564 =

92 638 129 688 aa
147 629 320 704 pectemus.
364 616 408 681 itc
430 616 498 681 deis
520 614 602 680 bene
623 613 819 692 iuvantibus,
847 635 975 700 corpora
993 622 1071 689 cumb,
1129 659 1134 671 η

147 713 261 798 integri
286 711 492 798 vigentesque
520 708 630 775 eodem
657 708 761 772 animo
787 708 821 773 in
842 717 945 773 castra
968 702 1099 771 hostiur
1129 714 1136 757 2

147 806 315 891 rumpatis,
333 825 396 889 quo
413 812 520 868 vestra
536 802 627 867 tutati
645 801 741 867 estis?
1099 819 1104 830 ’

94 919 129 970 aa
212 898 307 964 Laeti
333 907 365 963 et
390 897 499 962 audire
524 896 565 961 ab
591 917 673 961 novo
700 896 781 960 duce
803 916 922 960 novum
942 886 1099 969 consilium¹
1128 922 1136 963 z

145 1014 209 1077 quo
236 992 386 1058 audacius
415 1001 480 1055 erat
509 989 611 1076 magis
641 986 796 1074 placebat.
856 987 1003 1072 reliquum
1022 982 1060 1049 dis·

145 1086 309 1173 pediendis
338 1085 433 1151 armis
459 1094 491 1149 et
517 1082 676 1148 curatione
706 1104 872 1168 corporum
904 1086 1072 1164 consumpto

146 1181 246 1245 maior
263 1202 337 1265 pars
354 1178 456 1244 noctis
474 1177 572 1262 quieti
589 1177 663 1242 data
680 1185 736 1241 est
772 1186 885 1260 quarta
901 1175 1094 1262 vigilianum

114 1295 129 1342 1
212 1271 436 1338 XXXVIIII.
492 1271 594 1336 Erant
623 1270 706 1335 ultra
730 1292 886 1355 proxuma
912 1278 1005 1336 castra
1023 1284 1059 1330 sex

147 1366 225 1433 lium
246 1366 409 1431 intervallo
436 1365 590 1431 distantes
616 1364 696 1429 aliae
718 1364 826 1449 copiae
847 1363 1022 1429 Poenorum.
1077 1364 1078 1367 ’

147 1483 227 1525 cava
242 1461 403 1538 intererat,
431 1459 590 1524 condensa
611 1456 785 1523 arboribus.
828 1456 863 1521 in
884 1456 976 1522 huius
995 1453 1075 1519 silva
1124 1482 1136 1545 J

148 1556 201 1621 dio
223 1555 323 1621 ferme
345 1554 446 1640 spatio
469 1553 582 1619 cohors
604 1552 750 1618 Romana
770 1560 838 1617 arte
858 1550 981 1617 Punica
997 1544 1077 1615 abdiu
1125 1604 1136 1618 .

113 1649 280 1734 aequites.
346 1649 391 1713 ita
424 1648 528 1713 medio
562 1647 673 1712 itinere
707 1645 881 1731 intercepto
916 1655 1023 1711 ceterae
1133 1700 1136 1725 ,

147 1743 251 1809 silenti
285 1743 412 1828 agmine
446 1742 488 1807 ad
527 1741 687 1827 proximos
723 1739 824 1805 hostis
864 1739 976 1806 ductae
1005 1744 1040 1813 et,
1068 1766 1072 1780 ν
1102 1768 1136 1788 ,-

147 1836 240 1902 statio
265 1836 352 1901 nulla
378 1856 437 1921 pro
462 1835 561 1920 portis
587 1856 689 1920 neque
715 1834 749 1899 in
774 1832 858 1899 vallo
881 1822 1099 1900 custodia*
1129 1862 1136 1899 ε

146 1929 233 1993 velut
254 1929 288 1993 in
306 1950 365 1994 sua
386 1937 490 1994 castra
510 1926 596 1992 nullo
618 1950 753 2012 usquam
775 1927 948 1994 obsistente
967 1926 1110 2014 penem
1131 1916 1136 1923 ¹

111 2022 220 2090 sindo
246 2022 339 2109 signa
364 2032 480 2087 canunt
505 2030 538 2087 et
562 2021 680 2087 tollitur
706 2022 833 2088 clamor.
876 2045 951 2108 pars
973 2043 1064 2089 seur
1103 2025 1134 2062 Ψ

146 2116 246 2182 hostis
273 2116 420 2196 caedunt,
452 2139 525 2202 pars
551 2117 642 2203 ignes
669 2117 752 2182 casis
779 2126 949 2183 stramento
975 2112 1044 2182 arido
1063 2111 1092 2158 ‘0'

146 2210 291 2289 iniciunt,
325 2233 399 2296 pars
425 2219 533 2296 portas
561 2222 729 2296 occupant,
765 2220 800 2275 ut
825 2211 936 2298 fugam
962 2202 1073 2275 merulo
1127 2242 1136 2281 :

110 2306 254 2372 chostes
281 2305 374 2370 simul
399 2304 496 2390 ignis,
524 2305 655 2381 clamor,
684 2305 796 2370 caedes
822 2305 909 2371 velut
935 2305 1085 2371 alienatos¹
1131 2334 1136 2375 ς

113 2399 236 2466 ssibus
262 2421 321 2465 nec
347 2400 456 2465 audire
487 2421 546 2464 nec
571 2399 735 2484 providere
767 2399 936 2483 quicquam
966 2389 1094 2465 sinunt
1128 2432 1136 2453 ,ι

146 2496 254 2562 cidunt
275 2496 411 2560 inermes
432 2494 514 2559 inter
536 2503 677 2558 catervas
705 2503 906 2559 armatorum.
950 2493 1001 2559 alii
1016 2486 1077 2555 mul

145 2599 270 2675 portas,
306 2588 360 2652 alii
389 2586 548 2673 obsaeptis
580 2585 744 2652 itineribus
780 2608 875 2672 super
905 2586 1017 2652 vallum
1044 2610 1089 2658 24
1129 2618 1136 2658 1

112 2698 128 2746 6
147 2693 178 2748 et
195 2693 230 2746 ut
248 2681 382 2766 quisque
400 2691 556 2758 evaserat,
583 2681 725 2766 protinus
743 2680 785 2746 ad
806 2689 911 2747 castra
928 2681 1018 2746 altera
1047 2702 1068 2747 ’θ

146 2775 202 2840 ubi
227 2774 268 2840 ab
299 2775 425 2840 cohorte
456 2785 487 2839 et
513 2775 669 2859 equitibus
701 2797 742 2840 ex
772 2775 896 2843 occulto
926 2797 1000 2862 proc
1045 2793 1077 2819 “¹'‘

114 2885 128 2930 7
148 2868 352 2933 circumventi
377 2868 523 2952 caesique
545 2869 587 2933 ad
608 2891 707 2933 unum
729 2890 840 2935 omnes
863 2879 1058 2953 sunt,quo1·
1100 2943 1101 2946 Ἴ

147 2961 271 3027 etiamsi
287 2960 357 3044 quis
376 2983 416 3026 ex
434 2983 472 3026 ea
489 2962 584 3027 caede
603 2963 782 3048 effugisset,
809 2964 889 3029 adeo
912 2963 1045 3049 raptims
1059 2989 1062 3003 ν
1078 2977 1089 2985 “’
1134 3028 1136 3033 ,

146 3054 343 3144 propioribus
370 3055 480 3121 castris
506 3055 539 3118 in
565 3055 662 3121 altera
687 3066 904 3122 transcursum
930 3066 1024 3122 castra
1037 3030 1128 3133 4¹2·

110 3150 248 3217 omanis
271 3159 333 3227 est,
359 3158 395 3214 ut
416 3151 597 3235 praevenire
617 3151 746 3216 nuntius
770 3150 869 3217 cladis
891 3174 956 3216 non
973 3144 1058 3236 possa

145 3265 235 3320 vero,
261 3264 325 3326 quo
346 3242 469 3330 longius
504 3242 544 3308 ab
570 3242 661 3310 hoste
687 3243 817 3309 aberant
844 3255 876 3310 et
899 3245 973 3330 quia
993 3236 1039 3306 sub

145 3335 330 3424 pabulatum
363 3336 583 3424 lignatumque
618 3348 650 3402 et
684 3338 869 3424 praedatum
904 3337 1021 3423 quidam
1050 3325 1080 3376 ¹¹⁴⁸
1133 3372 1136 3409 ι

146 3432 283 3510 fuerant,
310 3431 454 3518 neglecta
470 3432 573 3518 magis
591 3433 696 3498 omnia
719 3455 757 3499 ac
779 3433 883 3498 soluta
899 3434 1042 3499 invenere,
1070 3445 1098 3466 '¹‘

145 3532 267 3588 tantum
292 3524 325 3589 in
351 3524 537 3590 stationibus
562 3526 680 3611 posita,
713 3526 828 3592 milites
853 3527 986 3593 inermes
1007 3520 1047 3585 tul
1066 3532 1073 3556 l

146 3619 292 3684 sedentes
319 3617 569 3704 accubantesque
604 3632 658 3685 aut
689 3619 928 3688 obambulantes
957 3628 1019 3686 anto
1047 3603 1073 3647 '¹

110 3723 328 3798 sportasque.
376 3735 449 3777 cum
470 3713 520 3778 his
543 3723 607 3779 tam
634 3715 753 3780 securis
779 3715 952 3801 solutisque
966 3713 1087 3779 Romu

144 3805 239 3871 lentis
266 3805 369 3873 adhuc
391 3807 431 3872 ab
452 3809 569 3874 recenti
593 3830 703 3896 pugna
724 3809 909 3896 ferocesque
934 3798 1041 3875 uouit

146 3896 223 3964 lium
246 3901 364 3966 ineunt
415 3901 522 3986 itaque
542 3924 742 3989 nequaquam
763 3904 869 3971 resisti
889 3904 922 3970 in
945 3895 1027 3990 portis
1048 3902 1083 3938 '⁶⁴‘
