2528 4514
141 214 204 280 348
363 225 481 280 LIBER
498 223 624 294 XXVII,
643 223 685 278 19.
699 223 741 277 20.
762 227 799 292 [a.
811 241 838 278 u.
848 224 948 293 aab]

142 386 230 472 gium
256 404 385 460 nomen,
421 381 497 447 alibi
521 404 686 468 magnum,
721 381 844 447 Romae
870 379 1060 446 intolerabile
1082 403 1141 447 esse.
1189 412 1191 443 t

108 503 124 549 a
142 479 280 566 regalem
298 477 437 542 animum
454 476 487 539 in
505 497 539 541 se
557 497 642 554 esse3
667 475 694 540 si
710 475 744 539 id
760 475 793 539 in
810 475 948 540 hominis
966 474 1083 562 ingenio
1096 498 1145 540 ane

141 574 318 660 plissimum
340 571 503 649 ducerent,
530 572 623 636 tacite
643 570 831 648 iudicarent,
862 570 952 636 vocis
973 571 1144 656 usurpatione

109 667 343 736 substinerent.
389 686 516 730 sensere
538 667 631 730 etiam
654 664 779 730 barbari
800 664 1051 750 magnitudinem
1066 662 1144 741 animi,
1188 742 1191 751 Ι

144 761 233 826 cuius
251 758 401 824 miraculo
418 759 553 824 nominis
571 759 625 823 alii
641 758 788 823 mortales
806 767 985 845 stuperent,
1003 758 1037 823 id
1052 780 1089 824 ex
1100 767 1145 822 tau

143 875 260 940 magno
277 852 404 939 fastigio
422 853 628 937 aspernantis.
1185 858 1187 864 ’

111 969 124 1014 a
207 948 303 1015 Dona
320 947 393 1011 inde
410 946 528 1032 regulis
549 945 804 1032 principibusque
822 945 1044 1031 Hispanorum
1064 945 1144 1021 divisa,

145 1052 175 1107 et
197 1064 237 1106 ex
258 1063 374 1126 magna
400 1040 491 1124 copia
516 1049 678 1124 captorum
705 1061 856 1124 equorum
883 1048 1060 1116 trecentos,
1090 1059 1144 1121 quaa

109 1154 125 1202 8
144 1135 251 1213 vellet,
270 1134 385 1220 eligere
399 1132 567 1198 Indibilem
583 1133 684 1198 iussit.
712 1155 784 1198 cum
801 1132 901 1198 Afros
918 1133 1070 1198 venderet
1082 1131 1147 1196 iussa

143 1228 339 1314 Mperatoris
366 1237 526 1311 quaestor,
557 1248 690 1311 puerum
716 1226 858 1293 adultum
884 1226 969 1292 inter
995 1248 1048 1292 eos
1072 1225 1147 1290 forna

143 1322 260 1408 insigni
285 1343 356 1386 cum
384 1321 524 1385 audisset
548 1321 628 1406 regii
653 1321 776 1406 generis
803 1342 888 1397 esse,
924 1321 968 1385 ad
996 1318 1147 1406 Scipionem

110 1438 125 1485 9
143 1417 238 1482 misit.
283 1437 376 1499 quem
394 1436 466 1479 cum
483 1423 737 1499 percunctaretur
756 1412 877 1499 Scipio,
900 1415 974 1498 quis
992 1425 1024 1480 et
1041 1414 1148 1480 cuiast

144 1533 200 1576 cur
216 1510 250 1574 id
267 1508 378 1574 aetatis
395 1509 429 1572 in
446 1507 556 1574 castris
574 1507 700 1586 fuisset,
727 1508 897 1573 Numidam
915 1531 989 1574 esse
1006 1509 1063 1587 ait,
1083 1507 1148 1572 Mar

145 1605 244 1669 sivam
270 1603 437 1688 populares
458 1624 586 1668 vocare:
623 1602 734 1668 orbum
756 1627 775 1668 a
799 1612 889 1687 patre
909 1602 1068 1680 relictum,
1096 1608 1148 1687 aput

143 1709 318 1763 maternum
346 1719 440 1761 avum
468 1693 597 1774 Galam,
628 1719 736 1782 regem
761 1696 986 1775 Numidarum,
1018 1697 1148 1771 eductum,

144 1815 215 1857 cum
234 1791 388 1856 avunculo
406 1790 593 1869 Masinissa,
621 1793 675 1874 qui
697 1813 797 1876 nuper
818 1813 890 1856 cum
912 1791 1057 1874 equitatu
1073 1788 1150 1856 subsi-

144 1886 196 1949 dio
215 1884 528 1970 Carthaginiensibus
551 1885 703 1962 venisset,
730 1884 763 1949 in
785 1884 978 1969 Hispaniam
1005 1884 1149 1951 traiecisse

93 1999 126 2046 10
144 1977 334 2063 prohibitum
355 1987 481 2064 propter
508 1988 642 2044 aetatem
664 2002 683 2043 a
704 1977 877 2044 Masinissa
902 2000 1078 2062 numquam
1100 1985 1151 2042 aute

143 2071 296 2157 proelium
321 2071 432 2150 inisse3
468 2094 506 2138 eo
532 2072 596 2150 die,
627 2094 690 2156 quo
716 2082 891 2158 pugnatum
922 2094 997 2136 cum
1025 2070 1152 2137 Romanis

145 2173 241 2242 esset,
268 2164 367 2230 inscio
393 2167 561 2245 avunculo,
589 2167 670 2231 clam
697 2168 792 2232 armis
819 2188 964 2250 equoque
992 2164 1153 2252 sumptoin

144 2259 244 2324 aciem
270 2259 382 2325 exisse.
444 2260 488 2324 ibi
514 2261 661 2346 prolapso
689 2283 770 2344 equo
801 2261 937 2326 effusum
965 2261 999 2328 in
1026 2280 1153 2346 praecepa

93 2375 123 2421 11
145 2365 270 2439 captum
296 2352 337 2418 ab
354 2354 505 2419 Romanis
529 2377 608 2419 esse.
659 2353 766 2440 Scipio
789 2378 860 2420 cum
883 2355 1048 2420 adservari
1067 2352 1156 2421 Numi·

144 2448 217 2512 dam
233 2447 391 2524 iussisset,
419 2469 500 2531 quae
521 2470 577 2532 pro
595 2447 741 2514 tribunali
764 2449 886 2534 agenda
908 2457 1013 2526 erant,
1041 2447 1156 2535 peragit,

142 2541 216 2605 inde
235 2563 306 2605 cum
325 2563 359 2605 se
376 2542 409 2605 in
426 2542 616 2626 praetorium
632 2543 815 2627 recepisset,
834 2550 983 2607 vocatum
997 2565 1072 2607 eum
1084 2543 1157 2606 inter·

93 2655 125 2702 12
143 2646 247 2722 rogat,
266 2635 400 2701 velletne
418 2636 459 2699 ad
467 2635 672 2700 Masinissam
689 2637 811 2700 reverti.
839 2659 911 2702 cum
929 2637 1045 2703 effusis
1063 2634 1159 2722 gaude

144 2729 280 2793 lacrimis
298 2751 411 2814 cupere
429 2752 504 2794 vero
522 2729 652 2807 diceret,
679 2740 747 2794 tum
769 2752 866 2815 puero
885 2731 1018 2796 anulum
1038 2752 1158 2802 aureum,

145 2822 283 2886 tunicam
308 2822 372 2888 lato
394 2822 483 2888 clavo
506 2846 578 2888 cum
599 2823 746 2909 Hispano
774 2816 884 2910 sagulo
907 2835 939 2889 et
963 2848 1062 2891 aurea
1082 2823 1160 2890 fibula
1189 2858 1191 2885 :

145 2937 328 2998 equumque,
357 2927 500 2981 ornatum
535 2919 642 2994 donat,
678 2918 836 3001 iussisque
869 2921 1039 3003 prosequi,
1076 2915 1160 3004 quoad

144 3009 251 3086 vellet,
271 3010 427 3094 equitibus
447 3011 573 3077 dimisit.

112 3125 124 3170 1
208 3104 290 3169 XX.
334 3104 387 3169 De
410 3104 492 3170 bello
514 3106 586 3169 inde
609 3105 773 3170 consilium
795 3105 948 3171 habitum.
994 3117 1029 3172 et
1047 3104 1163 3172 auctori·

143 3197 203 3264 bus
222 3199 420 3283 quibusdam,
439 3213 474 3264 ut
492 3199 656 3265 confestim
667 3199 902 3265 Hasdrubalem
920 3210 1160 3287 consequeretur,

109 3309 126 3358 t
145 3315 259 3379 anceps
277 3292 310 3358 id
327 3304 427 3370 ratus,
456 3317 495 3358 ne
512 3293 611 3379 Mago
633 3303 727 3376 atque
744 3293 928 3359 Hasdrubal
952 3317 1028 3360 cum
1051 3318 1089 3361 eo
1107 3295 1163 3359 iun·

144 3396 254 3471 gerent
272 3388 392 3473 copias,
410 3387 566 3472 praesidio
579 3397 700 3452 tantum
714 3389 754 3452 ad
766 3388 967 3453 insidendum
976 3388 1163 3474 Pyrenaeum

143 3480 241 3545 misso
258 3482 327 3566 ipse
344 3482 495 3546 relicuum
509 3483 636 3548 aestatis
650 3483 835 3568 recipiendis
847 3483 880 3547 in
894 3482 991 3548 fidem
1000 3484 1163 3571 Hispaniae

109 3594 125 3640 3
143 3575 267 3660 populis
286 3574 469 3661 absumpsit.
514 3577 622 3661 paucis
640 3586 713 3661 post
729 3577 881 3662 proelium
900 3577 1023 3643 factum
1042 3580 1084 3644 ad
1096 3578 1165 3643 Bae-

144 3669 246 3734 culam
265 3669 389 3748 diebus,
418 3693 488 3734 eum
509 3668 616 3755 Scipio
638 3671 761 3736 rediens
780 3673 843 3736 iam
861 3671 1078 3738 Tarraconem
1096 3672 1164 3737 saltu

145 3760 366 3828 Castulonensi
393 3765 598 3842 excessisset,
634 3764 817 3829 Hasdrubal
845 3762 999 3851 Gisgonis
1032 3767 1114 3831 filius
1141 3774 1165 3828 et

143 3852 243 3940 Mago
260 3857 464 3942 imperatores
487 3881 526 3922 ex
544 3859 687 3923 ulteriore
706 3859 862 3944 Hispania
880 3860 921 3925 ad
939 3859 1165 3926 Hasdrubalem

143 3969 271 4026 venere,
299 3973 403 4015 serum
424 3961 497 4038 post
517 3953 600 4016 male
618 3962 739 4039 gestam
761 3976 828 4020 rem
850 3954 1019 4035 auxilium,
1048 3952 1168 4022 consilio
