2528 4514
310 236 429 291 mssa
446 239 588 311 xxvffl,
606 239 648 294 35.
663 241 704 295 ec.
726 245 764 310 [a.
775 241 878 314 cccc]
1044 235 1109 303 423

81 397 189 464 cteris
209 407 245 462 et
260 395 348 483 ipsos
367 396 497 473 sentire,
521 397 563 460 ad
579 397 640 463 hoc
657 398 796 483 equitem
810 423 1007 471 marcescere
1024 405 1109 471 desi·
1127 431 1141 478 3

81 495 132 572 ia,
157 487 340 578 [Poenum]
359 490 510 578 perpulit,
528 503 565 556 ut
583 515 618 557 se
636 494 768 561 traicere
784 495 820 561 in
836 497 1049 565 continentem
1066 501 1109 567 ad

81 587 320 676 apopulandos
335 587 497 672 proximos
510 586 687 674 Hispaniae
701 612 795 676 agros
809 602 978 677 pateretur.
1006 604 1110 663 trans·
1125 619 1142 666 4

81 704 209 766 ‚ressus
234 682 290 747 tris
310 680 469 769 principes
491 682 700 748 Numidarum
721 686 894 771 praemittit
916 689 958 752 ad
984 700 1108 778 tempus

81 798 249 862 >cumque
270 776 437 861 conloquio
460 777 676 856 statuendum3
704 779 783 845 duos
800 804 859 866 prc
877 783 1043 851 obsidibus
1059 809 1110 853 re-

81 871 166 937 ineri
186 873 231 936 ab
250 867 400 958 Scipione
421 870 518 936 iubet.
561 872 695 938 remisso
720 873 826 952 tertio,
848 877 903 960 qui
921 899 983 963 quc
1001 879 1108 947 iussus

81 980 136 1033 rat
161 966 341 1031 adduceret
359 965 582 1044 Masinissam,
615 969 822 1054 campaneis
848 971 882 1035 in
907 973 1110 1058 conloquium

81 1073 245 1129 'enerunt
289 1072 417 1148 ceperat
441 1061 505 1127 iam
531 1073 605 1128 ante
625 1063 796 1129 Numidam
823 1088 864 1131 ex
890 1067 976 1134 fama
999 1092 1142 1139 rerumc

81 1173 243 1245 :estanrm
270 1160 435 1226 admiratio
460 1159 520 1225 viri
546 1160 813 1245 substitueratque
839 1162 945 1229 animo
968 1165 1106 1250 speciem

81 1280 204 1343 [noque
223 1257 364 1343 corporis
383 1257 521 1343 amplam
544 1277 582 1320 ac
603 1257 818 1344 magnificam
846 1270 985 1324 ceterum
1006 1261 1138 1329 maiore

81 1352 256 1418 »raesentis
275 1350 435 1416 veneratio
453 1350 551 1437 cepit:
578 1362 623 1429 et,
650 1362 872 1437 praeterquam
892 1354 978 1436 quod
995 1367 1107 1441 suapte

81 1459 191 1513 natura
206 1446 310 1511 'multa
327 1446 477 1511 maiestas
494 1445 610 1524 inerat,
633 1447 808 1512 adornabat
824 1448 981 1533 promissa
998 1470 1106 1515 caesa-

81 1541 133 1609 ics
153 1540 349 1626 habitusque
368 1540 524 1628 corperis,
540 1563 606 1607 non
624 1542 727 1606 cultus
741 1543 917 1622 munditiis,
937 1545 994 1610 sed
1007 1545 1105 1611 virilis

81 1659 147 1705 'erc
173 1660 212 1704 ac
234 1637 378 1703 militaris
401 1649 433 1703 et
455 1649 543 1704 aetas
564 1638 598 1702 in
617 1638 723 1704 medio
740 1638 853 1703 virium
869 1640 997 1718 robore,
1019 1641 1137 1724 quoda

81 1733 201 1800 »lenius
224 1733 418 1818 nitidiusque
440 1756 480 1799 ex
497 1734 609 1799 morbo
626 1734 715 1799 velut
730 1745 900 1800 renovatus
918 1734 977 1801 flos
995 1736 1106 1801 iuven·

81 1850 123 1895 ac
154 1828 306 1894 faciebat.
358 1850 457 1914 prope
488 1828 638 1894 attonitus
669 1828 740 1916 ipsc
769 1851 944 1916 congressu
968 1830 1138 1898 Numidae

81 1924 195 2006 gratias
219 1923 260 1988 de
281 1922 388 1988 fratris
409 1922 475 1987 filio
496 1923 630 1989 remisso
653 1923 729 2010 agit.
773 1946 813 1990 ex
835 1946 873 1991 eo
891 1935 1032 2011 tempore
1050 1925 1106 1990 ad·

81 2012 180 2083 irmat
197 2040 270 2083 carn
288 2039 323 2083 se
341 2018 505 2102 quaesisse
523 2017 735 2097 occasionem,
760 2039 856 2103 quam
873 2020 1002 2084 tandem
1018 2019 1106 2085 obla·

81 2134 140 2179 tam
162 2115 260 2179 dedm
282 2112 505 2179 immortalium
526 2113 680 2179 beneficio
706 2136 771 2179 ncn
796 2114 955 2180 omiserit:
991 2137 1137 2201 cuperes

81 2230 109 2275 tc
133 2209 183 2274 illi
208 2209 391 2295 populoque
412 2209 559 2276 Romane
581 2232 709 2297 operam
731 2230 849 2273 navare
870 2208 928 2285 ita,
955 2222 991 2272 ut
1010 2232 1104 2275 nemo

81 2323 156 2370 mus
176 2315 327 2369 externus
345 2303 448 2390 magis
467 2304 560 2369 enixe
579 2303 733 2368 adiuverit
754 2324 822 2367 rem
839 2302 1026 2368 Romanam.
1071 2303 1104 2367 id
1124 2325 1156 2372 10

81 2422 121 2480 tc,
141 2397 271 2464 etiamsi
287 2398 351 2463 iam
368 2400 491 2486 pridem
509 2399 618 2477 vellat,
636 2399 741 2463 minus
759 2408 920 2484 praestare
937 2395 971 2459 in
984 2395 1105 2481 Hispa·

81 2493 138 2572 tia,
160 2492 266 2558 aliena
283 2505 377 2577 atque
393 2493 504 2581 ignota
520 2504 617 2570 terra,
635 2492 791 2579 potuisse,
808 2527 853 2539 -
868 2491 901 2555 in
919 2510 982 2574 qua
999 2501 1104 2554 autem

81 2589 202 2675 genitus
222 2589 437 2673 educatusque
458 2589 493 2653 in
515 2612 605 2675 spem
628 2587 752 2675 paterni
772 2586 863 2674 regni
885 2598 984 2664 esset,
1011 2585 1103 2652 facile

81 2693 320 2749 metaturum.
365 2683 392 2748 si
418 2683 547 2768 quidem
573 2683 709 2748 eundem
732 2680 914 2768 Scipionem
937 2681 1048 2746 ducem
1070 2679 1104 2746 in
1124 2703 1154 2748 11

81 2778 224 2863 biricam
246 2776 385 2844 Romani
409 2777 550 2856 mittant,
583 2777 660 2843 satis
688 2800 815 2864 sperare
840 2774 1003 2864 perbrevis
1034 2776 1105 2842 aevi

81 2866 306 2960 Jartbaginem
332 2895 413 2938 esse.
457 2873 560 2938 laetus
583 2894 655 2937 eum
679 2871 788 2959 Scipio
812 2873 890 2939 vidit
912 2872 1103 2957 audivitque,
1125 2892 1155 2940 12

81 2986 147 3032 enm
168 2977 268 3053 caput
286 2989 393 3031 rernm
413 2966 447 3031 in
469 2967 555 3032 omni
578 2966 716 3032 hostium
738 2967 880 3051 equitatu
896 2966 1105 3033 Masinissam

81 3060 176 3129 trisse
194 3060 290 3126 sciret
308 3072 340 3126 et
354 3060 423 3148 ipse
436 3061 560 3127 iuvenis
576 3063 737 3148 specimen
751 3062 847 3127 animi
859 3085 935 3147 prae
950 3083 985 3127 se
998 3062 1103 3126 ferret

81 3155 136 3224 ide
146 3158 224 3224 data
233 3168 425 3245 acceptaque
434 3159 596 3246 profectus
606 3169 691 3224 retro
700 3158 915 3222 Tarraconem
925 3166 982 3221 est.
1002 3156 1105 3220 Masi-

81 3251 164 3319 cissa
170 3252 333 3343 permissu
342 3252 569 3332 Romanorum,
579 3275 619 3319 ne
630 3252 698 3318 sine
708 3272 805 3316 causa
813 3249 973 3316 traiecisse
982 3249 1016 3313 in
1029 3270 1104 3315 con·

81 3348 228 3414 tinentem
243 3348 412 3427 videretur,
430 3349 599 3436 populatus
612 3349 773 3436 proximos
785 3368 878 3432 agros
890 3345 990 3411 Gadis
1000 3345 1102 3410 rediit.

138 3440 314 3510 XXXVI.
358 3441 493 3531 Magoni
515 3443 690 3530 desperatis
713 3442 746 3506 in
763 3439 922 3527 Hispania
938 3440 1048 3518 rebus,
1071 3439 1104 3503 in
1125 3459 1136 3505 1

81 3558 211 3623 quarum
237 3560 328 3624 spem
355 3538 467 3604 seditio
488 3538 625 3625 primum
646 3537 804 3613 militaris,
832 3534 946 3599 deinde
969 3533 1104 3599 defectio

81 3632 221 3699 [ndibilis
240 3632 363 3699 animos
381 3633 449 3699 eius
469 3633 674 3709 sustulerant,
693 3630 817 3717 paranti
830 3629 960 3694 traicere
973 3627 1007 3690 in
1016 3626 1106 3691 Afri-

81 3748 145 3794 cam
170 3727 353 3795 nuntiatum
379 3729 419 3793 ab
442 3725 637 3814 Carthagine
664 3737 727 3803 est,
753 3725 862 3790 iubere
885 3733 1043 3799 senatum,
1069 3732 1106 3786 ut

81 3824 227 3903 classem,
258 3844 355 3907 quam
382 3822 527 3890 Gadibus
559 3823 703 3898 haberet,
738 3821 772 3885 in
797 3820 923 3886 Italiam
949 3817 1104 3897 traiceret,

81 3918 233 3985 conducta
254 3917 299 3982 ibi
317 3915 484 3983 Gallcmm
506 3939 543 3982 ac
560 3918 719 4004 Ligurum
736 3926 858 3999 quanta
874 3913 1013 3979 maxima
1030 3934 1105 3999 pos·
1123 3932 1138 3980 2

81 4024 123 4079 tet
151 4011 319 4078 iuventute
349 4013 555 4100 coniungeret
585 4036 619 4079 se
646 4010 820 4077 Hannibali
850 4032 913 4074 neu
940 4030 1105 4074 senescere
