2528 4514
145 253 208 318 278
376 262 492 317 LIBER
510 258 624 330 XXVI,
644 258 742 312 1213.
763 261 836 326 [au.
847 257 946 327 aare]

110 444 125 492 9
145 423 209 487 vim
227 422 330 488 acius
349 419 547 507 magistratui
563 441 657 502 quem
675 415 805 504 gerebat
823 417 1032 503 dempsisset;
1056 416 1113 483 ianr
1127 439 1155 484 ne

143 518 176 581 in
194 517 263 582 foro
281 515 408 600 quidem
426 524 481 579 aut
497 512 623 599 publico
646 512 715 579 loco
737 512 916 598 principum
934 512 1102 597 quisquam
1116 535 1157 598 sp

143 610 286 697 parebat,
314 608 459 675 domibus
477 608 591 673 inclusi
607 608 725 694 patriae
744 630 893 672 occasum
911 629 988 672 curn
1006 629 1065 673 suo
1081 606 1156 672 exitio

94 726 126 774 10
144 705 177 768 in
203 705 270 770 dies
297 703 523 789 expectabant3
559 725 682 767 summa
709 724 802 767 curae
828 701 931 767 omnis
959 700 995 766 in
1012 701 1156 766 Bostarem

144 797 410 882 Hannonemque‚
446 795 620 883 praefectos
647 797 796 882 praesidii
820 796 955 874 Punici,
983 818 1079 861 versa
1100 807 1154 870 erat,

95 914 124 960 11
145 914 216 970 suo,
243 914 308 957 non
333 891 488 958 sociorum
514 891 652 977 periculo
676 890 836 957 sollicitos.
879 890 902 955 ii
925 888 1153 976 conscriptised

144 985 356 1052 Hannibalem
378 986 487 1052 litteris
509 1008 572 1051 non
593 984 691 1050 libere
713 984 820 1061 modo,
852 985 909 1049 sed
932 985 1035 1050 etiam
1061 1004 1154 1069 aspere,

144 1079 258 1163 quibus
276 1104 339 1146 non
358 1079 501 1166 Capuam
525 1079 624 1145 solam
647 1079 792 1144 traditam
813 1079 846 1143 in
868 1102 1003 1144 manum
1026 1077 1155 1154 hostibus,

145 1175 201 1239 sed
219 1197 253 1240 se
270 1197 395 1258 quoque
414 1184 445 1239 et
466 1173 657 1260 praesidium
679 1173 712 1237 in
734 1172 836 1237 omnis
854 1173 1019 1238 cruciatus
1041 1171 1157 1259 proditos

94 1289 125 1336 12
144 1268 343 1334 incusabant:
366 1268 471 1334 abisse
490 1291 562 1333 eum
579 1268 612 1331 in
621 1266 761 1331 Bruttios
779 1265 865 1331 velut
883 1276 1083 1332 avertentem
1098 1286 1157 1341 scae,

144 1385 184 1427 ne
207 1362 320 1448 Capua
340 1362 373 1426 in
397 1362 494 1427 oculis
517 1362 584 1426 eius
607 1370 783 1446 caperetur3
810 1370 842 1425 at
863 1360 995 1426 hercule
1018 1360 1156 1427 Romanos

144 1478 184 1520 ne
211 1456 444 1542 oppugnatione
471 1455 597 1539 quidem
620 1453 706 1519 urbis
726 1453 888 1519 Romanae
910 1453 1060 1520 abstrahi
1080 1451 1158 1520 aCe·

95 1570 126 1618 13
144 1573 207 1635 pua
233 1550 406 1616 obsidenda
432 1550 590 1636 potuisse,
627 1557 712 1612 tanto
739 1549 985 1613 constantiorem
1017 1548 1157 1614 inimieun

144 1644 322 1710 Romanum
348 1666 444 1727 quam
474 1644 610 1708 amicum
627 1641 772 1707 Poenum
798 1664 879 1708 esse.
930 1642 959 1707 si
988 1643 1099 1709 redeat
1112 1639 1158 1708 Ca·

143 1759 240 1821 puam
266 1737 445 1819 bellumque
471 1759 564 1802 omne
591 1759 627 1801 eo
654 1743 773 1813 vertat,
813 1744 844 1800 et
870 1757 905 1801 ae
933 1744 966 1801 et
995 1735 1155 1823 Campanos

94 1851 126 1897 14
144 1839 269 1914 paratos
296 1830 450 1915 eruptioni
476 1830 553 1894 fore.
597 1852 661 1894 non
687 1851 758 1893 cum
776 1828 909 1914 Reginis
937 1851 1045 1914 neque
1062 1829 1156 1895 Taren·

145 1924 217 1988 tinis
252 1922 370 1988 bellum
404 1931 548 2009 gesturos
584 1923 734 1988 transisse
769 1921 878 2008 Alpis3
923 1922 980 1988 ubi
998 1997 1000 2001 ἲ
1017 1924 1153 1990 Romanae

144 2015 283 2101 legiones
311 2017 385 2095 sint,
416 2018 462 2082 ibi
488 2027 519 2082 et
545 2014 853 2103 Carthaginiensium
879 2018 1040 2086 exercitus
1064 2017 1152 2085 debes

145 2131 225 2174 esse.
270 2111 316 2176 sic
343 2112 384 2176 ad
411 2111 553 2190 Cannas,
582 2112 627 2177 sic
653 2113 694 2176 ad
721 2110 978 2178 Trasumennum
1005 2137 1072 2180 rem
1094 2113 1150 2179 beot

145 2214 280 2290 gestam,
309 2207 450 2272 coeundo
477 2207 731 2290 conferundoque
758 2229 830 2271 cum
855 2206 948 2273 hoste
971 2219 1084 2286 eastra,
1105 2206 1147 2270 f·

94 2319 125 2365 15
145 2310 251 2363 tunam
270 2301 460 2385 temptando.
496 2302 529 2364 in
546 2300 627 2364 hanc
641 2300 827 2366 sententiam
840 2300 963 2367 litterae
982 2301 1145 2386 conscriptae

69 2402 73 2410 “
143 2392 287 2460 Numidis
306 2396 467 2480 proposita
484 2396 627 2459 mercede
649 2396 713 2459 ianr
730 2395 882 2480 professis
904 2419 1036 2481 operam
1053 2397 1140 2461 dantur.

141 2487 165 2550 ii
178 2488 282 2574 specie
295 2488 529 2575 transfugarum
543 2511 615 2554 cum
628 2489 669 2553 ad
677 2489 828 2554 Flaccum
840 2488 874 2553 in
888 2499 993 2556 castra
1007 2491 1137 2558 verincella

143 2590 179 2644 ut
195 2581 268 2646 inde
291 2591 430 2667 tempore
453 2591 544 2667 capto
567 2581 702 2659 abirent,
729 2583 907 2667 famesque,
935 2606 1019 2667 quae
1040 2576 1132 2648 tande

145 2673 275 2759 Capuae
302 2687 381 2753 erat,
413 2676 491 2740 nulli
516 2699 580 2740 non
606 2675 800 2761 probabilem
827 2699 958 2742 causam
984 2669 1127 2743 transitoris

94 2787 124 2835 lc
143 2767 274 2845 faceret,
293 2768 405 2833 mulier
421 2779 548 2854 repente
563 2769 779 2855 Campanain
797 2779 899 2836 castra
918 2773 1018 2850 venit,
1035 2774 1123 2836 sconn

144 2859 377 2946 transfugarum
395 2862 487 2926 unius
493 2909 502 2939 ,
529 2862 708 2946 indicatque
725 2863 906 2948 imperatori
923 2865 1067 2938 Romano,
1083 2854 1120 2960 If·

143 2951 244 3017 midas
271 2953 381 3019 fraude
408 2956 581 3040 composita
607 2957 757 3021 transisse
783 2956 966 3042 litterasque
989 2959 1027 3023 ad
1043 2953 1117 3020 Hor

93 3067 124 3114 17
143 3045 246 3111 balem
272 3046 367 3112 ferre:
399 3049 432 3113 id
457 3072 556 3113 unum
582 3071 622 3114 ex
648 3050 701 3127 iis,
729 3049 783 3132 qui
810 3050 871 3116 sibi
896 3073 965 3115 rem
990 3045 1114 3136 aperuisse
1147 3132 1149 3139 ἲ

142 3162 274 3226 arguere
297 3163 366 3206 seso
388 3152 530 3227 paratam
553 3164 633 3207 esse.
677 3144 848 3227 productus
870 3145 973 3230 primo
999 3141 1113 3237 sabec
1156 3189 1160 3226 ς

143 3243 261 3298 stanter
285 3234 429 3322 ignorare
456 3258 491 3301 se
517 3236 679 3301 mulierem
706 3236 887 3317 simulabat3
924 3237 1057 3325 paulatin
1072 3225 1112 3290 Μ
1145 3280 1160 3319 ,q

143 3328 303 3393 convictus
330 3330 428 3407 veris,
464 3352 536 3395 cum
563 3339 717 3396 tormenta
744 3331 832 3416 posci
858 3342 889 3398 et
914 3331 1014 3419 parari
1034 3320 1111 3426 ridtdl

92 3442 124 3491 1ss
142 3421 246 3487 fassus
269 3421 302 3486 id
324 3422 368 3487 ita
390 3446 474 3501 esse,
500 3423 682 3508 litteraeque
704 3424 842 3510 prolatae
865 3436 897 3491 et
920 3422 1110 3492 additurus·
1146 3431 1149 3440 '

142 3515 256 3581 indicio
275 3518 361 3600 quod
379 3517 552 3595 celabatur,
581 3527 611 3583 et
633 3519 711 3583 alios
731 3520 834 3604 specie
854 3521 1062 3607 transfugarum
1073 3499 1110 3612 ΙΝ*
1144 3556 1155 3593 ¹:

92 3629 123 3676 19
143 3610 243 3675 midas
270 3611 378 3697 vagari
404 3611 438 3675 in
463 3612 573 3676 castris
596 3613 758 3678 Romanis.
803 3614 826 3678 ii
852 3638 949 3700 supra
973 3600 1109 3698 septuaglljb

143 3705 318 3789 comprensi
341 3715 465 3769 etcum
488 3705 659 3792 transfugis
683 3707 772 3772 novis
800 3707 930 3773 mulcati
950 3705 1035 3792 virgis
1053 3704 1109 3760 111¹*

143 3798 265 3881 busque
291 3799 439 3884 praecisis
468 3796 611 3884 Capuam
638 3800 830 3886 rediguntur.
880 3810 1058 3888 conspectum
1074 3792 1108 3859 tt!
1153 3834 1158 3847 .

143 3892 230 3956 triste
249 3893 437 3978 supplicium
455 3893 548 3980 fregit
567 3895 687 3959 animos
708 3893 954 3981 Campanorum.

111 4007 124 4054 1
207 3985 306 4051 XIII.
343 3986 523 4054 Concursus
543 3990 583 4054 ad
598 3989 715 4055 curiam
734 3991 841 4076 populi
855 3992 957 4059 factus
970 3973 1109 4073 coegllldl'
1149 4004 1160 4055 ²:
