<?xml version="1.0" encoding="UTF-8"?>
<!DOCTYPE html PUBLIC "-//W3C//DTD XHTML 1.0 Transitional//EN"
    "http://www.w3.org/TR/xhtml1/DTD/xhtml1-transitional.dtd">
<html xmlns="http://www.w3.org/1999/xhtml" xml:lang="en" lang="en">
 <head>
  <title>
</title>
<meta http-equiv="Content-Type" content="text/html;charset=utf-8" />
  <meta name='ocr-system' content='tesseract 3.04.00' />
  <meta name='ocr-capabilities' content='ocr_page ocr_carea ocr_par ocr_line ocrx_word'/>
</head>
<body>
  <div class='ocr_page' id='page_1' title='image "./titiliviaburbec00weisgoog_0551.png"; bbox 0 0 2528 4530; ppageno 0'>
   <div class='ocr_carea' id='block_1_1' title="bbox 300 251 1096 332">
    <p class='ocr_par' dir='ltr' id='par_1_1' title="bbox 300 251 1096 332">
     <span class='ocr_line' id='line_1_1' title="bbox 300 251 1096 332; baseline 0 -15"><span class='ocrx_word' id='word_1_1' title='bbox 300 261 418 317; x_wconf 77' lang='lat' dir='ltr'>Lissa</span> <span class='ocrx_word' id='word_1_2' title='bbox 435 260 576 332; x_wconf 81' lang='lat' dir='ltr'>xxvur,</span> <span class='ocrx_word' id='word_1_3' title='bbox 593 260 636 316; x_wconf 84' lang='lat'>40.</span> <span class='ocrx_word' id='word_1_4' title='bbox 651 261 693 315; x_wconf 83' lang='lat'>41.</span> <span class='ocrx_word' id='word_1_5' title='bbox 714 259 862 331; x_wconf 70' lang='lat' dir='ltr'>[aaron]</span> <span class='ocrx_word' id='word_1_6' title='bbox 1031 251 1096 317; x_wconf 81' lang='lat'>429</span> 
     </span>
    </p>
   </div>
   <div class='ocr_carea' id='block_1_2' title="bbox 78 418 1146 3908">
    <p class='ocr_par' dir='ltr' id='par_1_2' title="bbox 80 418 1146 2679">
     <span class='ocr_line' id='line_1_2' title="bbox 89 418 1095 508; baseline 0.001 -23"><span class='ocrx_word' id='word_1_7' title='bbox 89 421 287 508; x_wconf 81' lang='lat' dir='ltr'>pigritiamque</span> <span class='ocrx_word' id='word_1_8' title='bbox 313 419 457 483; x_wconf 89' lang='lat' dir='ltr'>homines</span> <span class='ocrx_word' id='word_1_9' title='bbox 483 418 700 484; x_wconf 78' lang='lat' dir='ltr'>adulescentes</span> <span class='ocrx_word' id='word_1_10' title='bbox 724 440 799 483; x_wconf 90' lang='lat' dir='ltr'>sane</span> <span class='ocrx_word' id='word_1_11' title='bbox 821 419 990 504; x_wconf 81' lang='lat' dir='ltr'>appellent,</span> <span class='ocrx_word' id='word_1_12' title='bbox 1019 421 1095 486; x_wconf 94' lang='lat' dir='ltr'>dum</span> 
     </span>
     <span class='ocr_line' id='line_1_3' title="bbox 87 513 1095 602; baseline 0 -22"><span class='ocrx_word' id='word_1_13' title='bbox 87 539 116 580; x_wconf 86' lang='lat' dir='ltr'>ne</span> <span class='ocrx_word' id='word_1_14' title='bbox 140 514 296 602; x_wconf 89' lang='lat' dir='ltr'>paeniteat</span> <span class='ocrx_word' id='word_1_15' title='bbox 327 513 430 579; x_wconf 89' lang='lat' dir='ltr'>adhuc</span> <span class='ocrx_word' id='word_1_16' title='bbox 459 513 591 578; x_wconf 86' lang='lat' dir='ltr'>aliorum</span> <span class='ocrx_word' id='word_1_17' title='bbox 624 513 814 599; x_wconf 88' lang='lat' dir='ltr'>speciosiora</span> <span class='ocrx_word' id='word_1_18' title='bbox 839 514 939 599; x_wconf 90' lang='lat' dir='ltr'>primo</span> <span class='ocrx_word' id='word_1_19' title='bbox 965 525 1095 601; x_wconf 82' lang='lat' dir='ltr'>aspectu</span> 
     </span>
     <span class='ocr_line' id='line_1_4' title="bbox 86 607 1130 694; baseline 0.003 -21"><span class='ocrx_word' id='word_1_20' title='bbox 86 610 198 675; x_wconf 82' lang='lat' dir='ltr'>consilia</span> <span class='ocrx_word' id='word_1_21' title='bbox 215 631 341 694; x_wconf 84' lang='lat' dir='ltr'>semper</span> <span class='ocrx_word' id='word_1_22' title='bbox 354 607 436 685; x_wconf 90' lang='lat' dir='ltr'>visa,</span> <span class='ocrx_word' id='word_1_23' title='bbox 456 629 526 672; x_wconf 86' lang='lat' dir='ltr'>mea</span> <span class='ocrx_word' id='word_1_24' title='bbox 543 630 605 672; x_wconf 91' lang='lat' dir='ltr'>usu</span> <span class='ocrx_word' id='word_1_25' title='bbox 622 607 764 684; x_wconf 82' lang='lat' dir='ltr'>meliora3</span> <span class='ocrx_word' id='word_1_26' title='bbox 783 607 923 685; x_wconf 89' lang='lat' dir='ltr'>alterius,</span> <span class='ocrx_word' id='word_1_27' title='bbox 942 607 1096 674; x_wconf 86' lang='lat' dir='ltr'>obtrecta-</span> <span class='ocrx_word' id='word_1_28' title='bbox 1113 630 1130 678; x_wconf 83' lang='lat' dir='ltr'>s</span> 
     </span>
     <span class='ocr_line' id='line_1_5' title="bbox 85 701 1095 788; baseline 0 -21"><span class='ocrx_word' id='word_1_29' title='bbox 85 704 161 769; x_wconf 79' lang='lat' dir='ltr'>tionis</span> <span class='ocrx_word' id='word_1_30' title='bbox 179 713 274 787; x_wconf 90' lang='lat' dir='ltr'>atque</span> <span class='ocrx_word' id='word_1_31' title='bbox 290 701 428 767; x_wconf 87' lang='lat' dir='ltr'>invidiae</span> <span class='ocrx_word' id='word_1_32' title='bbox 445 701 597 766; x_wconf 87' lang='lat' dir='ltr'>adversus</span> <span class='ocrx_word' id='word_1_33' title='bbox 616 711 808 765; x_wconf 85' lang='lat' dir='ltr'>crescentem</span> <span class='ocrx_word' id='word_1_34' title='bbox 825 701 858 765; x_wconf 92' lang='lat' dir='ltr'>in</span> <span class='ocrx_word' id='word_1_35' title='bbox 875 702 942 768; x_wconf 89' lang='lat' dir='ltr'>dies</span> <span class='ocrx_word' id='word_1_36' title='bbox 964 702 1095 788; x_wconf 84' lang='lat' dir='ltr'>gloriam</span> 
     </span>
     <span class='ocr_line' id='line_1_6' title="bbox 84 795 1129 881; baseline 0.004 -20"><span class='ocrx_word' id='word_1_37' title='bbox 84 798 231 864; x_wconf 75' lang='lat' dir='ltr'>fortissimi</span> <span class='ocrx_word' id='word_1_38' title='bbox 257 796 405 862; x_wconf 89' lang='lat' dir='ltr'>consulis.</span> <span class='ocrx_word' id='word_1_39' title='bbox 450 819 470 860; x_wconf 91' lang='lat' dir='ltr'>a</span> <span class='ocrx_word' id='word_1_40' title='bbox 496 817 559 879; x_wconf 91' lang='lat' dir='ltr'>qua</span> <span class='ocrx_word' id='word_1_41' title='bbox 586 795 763 880; x_wconf 86' lang='lat' dir='ltr'>suspicione</span> <span class='ocrx_word' id='word_1_42' title='bbox 786 795 886 860; x_wconf 90' lang='lat' dir='ltr'>sime</span> <span class='ocrx_word' id='word_1_43' title='bbox 909 818 1010 881; x_wconf 88' lang='lat' dir='ltr'>neque</span> <span class='ocrx_word' id='word_1_44' title='bbox 1032 797 1129 865; x_wconf 81' lang='lat' dir='ltr'>vitas</span> 
     </span>
     <span class='ocr_line' id='line_1_7' title="bbox 83 889 1096 973; baseline -0.001 -16"><span class='ocrx_word' id='word_1_45' title='bbox 83 903 139 957; x_wconf 86' lang='lat' dir='ltr'>acta</span> <span class='ocrx_word' id='word_1_46' title='bbox 159 902 191 956; x_wconf 90' lang='lat' dir='ltr'>et</span> <span class='ocrx_word' id='word_1_47' title='bbox 212 912 316 956; x_wconf 91' lang='lat' dir='ltr'>mores</span> <span class='ocrx_word' id='word_1_48' title='bbox 338 889 401 955; x_wconf 91' lang='lat' dir='ltr'>mei</span> <span class='ocrx_word' id='word_1_49' title='bbox 418 910 519 972; x_wconf 92' lang='lat' dir='ltr'>neque</span> <span class='ocrx_word' id='word_1_50' title='bbox 537 889 690 954; x_wconf 77' lang='lat' dir='ltr'>dictatura</span> <span class='ocrx_word' id='word_1_51' title='bbox 708 910 779 953; x_wconf 92' lang='lat' dir='ltr'>cum</span> <span class='ocrx_word' id='word_1_52' title='bbox 797 889 934 973; x_wconf 90' lang='lat' dir='ltr'>quinque</span> <span class='ocrx_word' id='word_1_53' title='bbox 953 891 1096 956; x_wconf 91' lang='lat' dir='ltr'>consula·</span> 
     </span>
     <span class='ocr_line' id='line_1_8' title="bbox 83 983 1096 1071; baseline -0.001 -19"><span class='ocrx_word' id='word_1_54' title='bbox 83 985 152 1052; x_wconf 86' lang='lat' dir='ltr'>tibns</span> <span class='ocrx_word' id='word_1_55' title='bbox 170 995 353 1069; x_wconf 90' lang='lat' dir='ltr'>tantumque</span> <span class='ocrx_word' id='word_1_56' title='bbox 370 984 489 1071; x_wconf 87' lang='lat' dir='ltr'>gloriae</span> <span class='ocrx_word' id='word_1_57' title='bbox 507 983 581 1049; x_wconf 92' lang='lat' dir='ltr'>belli</span> <span class='ocrx_word' id='word_1_58' title='bbox 599 984 745 1068; x_wconf 87' lang='lat' dir='ltr'>domique</span> <span class='ocrx_word' id='word_1_59' title='bbox 763 994 870 1070; x_wconf 90' lang='lat' dir='ltr'>partae</span> <span class='ocrx_word' id='word_1_60' title='bbox 888 986 1039 1065; x_wconf 86' lang='lat' dir='ltr'>vindicat,</span> <span class='ocrx_word' id='word_1_61' title='bbox 1060 998 1096 1051; x_wconf 91' lang='lat' dir='ltr'>nt</span> 
     </span>
     <span class='ocr_line' id='line_1_9' title="bbox 82 1078 1096 1167; baseline -0.001 -21"><span class='ocrx_word' id='word_1_62' title='bbox 82 1080 196 1167; x_wconf 86' lang='lat' dir='ltr'>propius</span> <span class='ocrx_word' id='word_1_63' title='bbox 218 1079 380 1144; x_wconf 84' lang='lat' dir='ltr'>fastidium</span> <span class='ocrx_word' id='word_1_64' title='bbox 402 1078 469 1143; x_wconf 85' lang='lat' dir='ltr'>eius</span> <span class='ocrx_word' id='word_1_65' title='bbox 493 1078 552 1143; x_wconf 91' lang='lat' dir='ltr'>sim</span> <span class='ocrx_word' id='word_1_66' title='bbox 575 1099 671 1162; x_wconf 90' lang='lat' dir='ltr'>quam</span> <span class='ocrx_word' id='word_1_67' title='bbox 694 1078 898 1156; x_wconf 87' lang='lat' dir='ltr'>desiderium,</span> <span class='ocrx_word' id='word_1_68' title='bbox 925 1089 1011 1144; x_wconf 87' lang='lat' dir='ltr'>aetas</span> <span class='ocrx_word' id='word_1_69' title='bbox 1034 1081 1096 1145; x_wconf 90' lang='lat' dir='ltr'>sal·</span> 
     </span>
     <span class='ocr_line' id='line_1_10' title="bbox 82 1168 1096 1259; baseline 0.002 -22"><span class='ocrx_word' id='word_1_70' title='bbox 82 1184 134 1240; x_wconf 86' lang='lat' dir='ltr'>tem</span> <span class='ocrx_word' id='word_1_71' title='bbox 153 1175 274 1241; x_wconf 84' lang='lat' dir='ltr'>liberet.</span> <span class='ocrx_word' id='word_1_72' title='bbox 318 1195 398 1258; x_wconf 91' lang='lat' dir='ltr'>quae</span> <span class='ocrx_word' id='word_1_73' title='bbox 421 1173 504 1238; x_wconf 92' lang='lat' dir='ltr'>enim</span> <span class='ocrx_word' id='word_1_74' title='bbox 526 1172 604 1237; x_wconf 90' lang='lat' dir='ltr'>mihi</span> <span class='ocrx_word' id='word_1_75' title='bbox 621 1168 787 1237; x_wconf 77' lang='lat' dir='ltr'>aemulatio</span> <span class='ocrx_word' id='word_1_76' title='bbox 805 1194 877 1237; x_wconf 91' lang='lat' dir='ltr'>cum</span> <span class='ocrx_word' id='word_1_77' title='bbox 895 1194 933 1239; x_wconf 89' lang='lat' dir='ltr'>eo</span> <span class='ocrx_word' id='word_1_78' title='bbox 952 1196 1022 1239; x_wconf 87' lang='lat' dir='ltr'>esse</span> <span class='ocrx_word' id='word_1_79' title='bbox 1038 1196 1096 1259; x_wconf 91' lang='lat' dir='ltr'>po·</span> 
     </span>
     <span class='ocr_line' id='line_1_11' title="bbox 83 1262 1146 1354; baseline 0.003 -22"><span class='ocrx_word' id='word_1_80' title='bbox 83 1279 145 1349; x_wconf 89' lang='lat' dir='ltr'>test,</span> <span class='ocrx_word' id='word_1_81' title='bbox 162 1269 217 1354; x_wconf 92' lang='lat' dir='ltr'>qui</span> <span class='ocrx_word' id='word_1_82' title='bbox 234 1262 274 1334; x_wconf 85' lang='lat' dir='ltr'>rie</span> <span class='ocrx_word' id='word_1_83' title='bbox 292 1267 356 1332; x_wconf 90' lang='lat' dir='ltr'>lilio</span> <span class='ocrx_word' id='word_1_84' title='bbox 374 1268 502 1352; x_wconf 92' lang='lat' dir='ltr'>quidem</span> <span class='ocrx_word' id='word_1_85' title='bbox 519 1289 589 1333; x_wconf 91' lang='lat' dir='ltr'>meo</span> <span class='ocrx_word' id='word_1_86' title='bbox 607 1267 747 1352; x_wconf 89' lang='lat' dir='ltr'>aequalis</span> <span class='ocrx_word' id='word_1_87' title='bbox 766 1266 826 1332; x_wconf 87' lang='lat' dir='ltr'>sit?</span> <span class='ocrx_word' id='word_1_88' title='bbox 847 1288 897 1331; x_wconf 91' lang='lat' dir='ltr'>me</span> <span class='ocrx_word' id='word_1_89' title='bbox 912 1266 1095 1332; x_wconf 88' lang='lat' dir='ltr'>dictatorem</span> <span class='ocrx_word' id='word_1_90' title='bbox 1116 1289 1146 1336; x_wconf 90' lang='lat'>10</span> 
     </span>
     <span class='ocr_line' id='line_1_12' title="bbox 83 1361 1095 1452; baseline -0.003 -23"><span class='ocrx_word' id='word_1_91' title='bbox 83 1385 143 1428; x_wconf 87' lang='lat' dir='ltr'>cum</span> <span class='ocrx_word' id='word_1_92' title='bbox 160 1365 300 1452; x_wconf 86' lang='lat' dir='ltr'>vigerem</span> <span class='ocrx_word' id='word_1_93' title='bbox 317 1362 420 1428; x_wconf 91' lang='lat' dir='ltr'>adhuc</span> <span class='ocrx_word' id='word_1_94' title='bbox 438 1361 556 1427; x_wconf 89' lang='lat' dir='ltr'>viribus</span> <span class='ocrx_word' id='word_1_95' title='bbox 574 1371 606 1426; x_wconf 87' lang='lat' dir='ltr'>et</span> <span class='ocrx_word' id='word_1_96' title='bbox 618 1362 651 1425; x_wconf 91' lang='lat' dir='ltr'>in</span> <span class='ocrx_word' id='word_1_97' title='bbox 665 1383 759 1426; x_wconf 90' lang='lat' dir='ltr'>cursu</span> <span class='ocrx_word' id='word_1_98' title='bbox 772 1361 978 1426; x_wconf 91' lang='lat' dir='ltr'>maximarum</span> <span class='ocrx_word' id='word_1_99' title='bbox 991 1383 1095 1427; x_wconf 90' lang='lat' dir='ltr'>rerum</span> 
     </span>
     <span class='ocr_line' id='line_1_13' title="bbox 83 1456 1094 1541; baseline -0.002 -18"><span class='ocrx_word' id='word_1_100' title='bbox 83 1479 186 1538; x_wconf 71' lang='lat' dir='ltr'>asem,</span> <span class='ocrx_word' id='word_1_101' title='bbox 205 1468 402 1524; x_wconf 89' lang='lat' dir='ltr'>recusantem</span> <span class='ocrx_word' id='word_1_102' title='bbox 420 1479 513 1521; x_wconf 92' lang='lat' dir='ltr'>nemo</span> <span class='ocrx_word' id='word_1_103' title='bbox 530 1465 584 1521; x_wconf 89' lang='lat' dir='ltr'>aut</span> <span class='ocrx_word' id='word_1_104' title='bbox 601 1456 634 1521; x_wconf 93' lang='lat' dir='ltr'>in</span> <span class='ocrx_word' id='word_1_105' title='bbox 652 1466 763 1520; x_wconf 85' lang='lat' dir='ltr'>senatu</span> <span class='ocrx_word' id='word_1_106' title='bbox 780 1465 834 1520; x_wconf 91' lang='lat' dir='ltr'>aut</span> <span class='ocrx_word' id='word_1_107' title='bbox 851 1466 926 1541; x_wconf 91' lang='lat' dir='ltr'>aput</span> <span class='ocrx_word' id='word_1_108' title='bbox 943 1456 1094 1541; x_wconf 89' lang='lat' dir='ltr'>populum</span> 
     </span>
     <span class='ocr_line' id='line_1_14' title="bbox 83 1551 1095 1638; baseline -0.002 -21"><span class='ocrx_word' id='word_1_109' title='bbox 83 1554 202 1633; x_wconf 88' lang='lat' dir='ltr'>audivit,</span> <span class='ocrx_word' id='word_1_110' title='bbox 220 1576 284 1638; x_wconf 91' lang='lat' dir='ltr'>quo</span> <span class='ocrx_word' id='word_1_111' title='bbox 302 1553 405 1618; x_wconf 89' lang='lat' dir='ltr'>minus</span> <span class='ocrx_word' id='word_1_112' title='bbox 422 1552 588 1617; x_wconf 86' lang='lat' dir='ltr'>insectanti</span> <span class='ocrx_word' id='word_1_113' title='bbox 605 1574 656 1616; x_wconf 92' lang='lat' dir='ltr'>me</span> <span class='ocrx_word' id='word_1_114' title='bbox 674 1552 823 1638; x_wconf 82' lang='lat' dir='ltr'>magistro</span> <span class='ocrx_word' id='word_1_115' title='bbox 837 1551 992 1634; x_wconf 81' lang='lat' dir='ltr'>equitum,</span> <span class='ocrx_word' id='word_1_116' title='bbox 1010 1552 1095 1636; x_wconf 93' lang='lat' dir='ltr'>quod</span> 
     </span>
     <span class='ocr_line' id='line_1_15' title="bbox 85 1645 1095 1731; baseline -0.003 -19"><span class='ocrx_word' id='word_1_117' title='bbox 85 1645 166 1714; x_wconf 86' lang='lat' dir='ltr'>lando</span> <span class='ocrx_word' id='word_1_118' title='bbox 194 1670 366 1731; x_wconf 89' lang='lat' dir='ltr'>numquam</span> <span class='ocrx_word' id='word_1_119' title='bbox 393 1657 465 1711; x_wconf 88' lang='lat' dir='ltr'>ante</span> <span class='ocrx_word' id='word_1_120' title='bbox 490 1646 631 1710; x_wconf 89' lang='lat' dir='ltr'>auditum</span> <span class='ocrx_word' id='word_1_121' title='bbox 663 1655 742 1722; x_wconf 81' lang='lat' dir='ltr'>erat,</span> <span class='ocrx_word' id='word_1_122' title='bbox 778 1645 942 1731; x_wconf 89' lang='lat' dir='ltr'>imperium</span> <span class='ocrx_word' id='word_1_123' title='bbox 971 1666 1095 1710; x_wconf 87' lang='lat' dir='ltr'>mecum</span> 
     </span>
     <span class='ocr_line' id='line_1_16' title="bbox 86 1738 1144 1826; baseline 0.002 -22"><span class='ocrx_word' id='word_1_124' title='bbox 86 1753 255 1826; x_wconf 87' lang='lat' dir='ltr'>aequaretur</span> <span class='ocrx_word' id='word_1_125' title='bbox 271 1779 297 1789; x_wconf 94' lang='lat'><em>-</em></span> <span class='ocrx_word' id='word_1_126' title='bbox 318 1740 413 1806; x_wconf 86' lang='lat' dir='ltr'>rebus</span> <span class='ocrx_word' id='word_1_127' title='bbox 438 1762 533 1824; x_wconf 88' lang='lat' dir='ltr'>quam</span> <span class='ocrx_word' id='word_1_128' title='bbox 559 1739 664 1806; x_wconf 83' lang='lat' dir='ltr'>verbis</span> <span class='ocrx_word' id='word_1_129' title='bbox 691 1740 821 1824; x_wconf 87' lang='lat' dir='ltr'>adsequi</span> <span class='ocrx_word' id='word_1_130' title='bbox 846 1739 957 1818; x_wconf 86' lang='lat' dir='ltr'>malui,</span> <span class='ocrx_word' id='word_1_131' title='bbox 984 1749 1018 1803; x_wconf 91' lang='lat' dir='ltr'>ut</span> <span class='ocrx_word' id='word_1_132' title='bbox 1040 1738 1095 1824; x_wconf 94' lang='lat' dir='ltr'>qui</span> <span class='ocrx_word' id='word_1_133' title='bbox 1115 1759 1144 1806; x_wconf 87' lang='lat'>11</span> 
     </span>
     <span class='ocr_line' id='line_1_17' title="bbox 86 1833 1095 1920; baseline -0.004 -18"><span class='ocrx_word' id='word_1_134' title='bbox 86 1834 200 1902; x_wconf 72' lang='lat' dir='ltr'>otiorum</span> <span class='ocrx_word' id='word_1_135' title='bbox 213 1835 328 1901; x_wconf 88' lang='lat' dir='ltr'>iudicio</span> <span class='ocrx_word' id='word_1_136' title='bbox 341 1835 418 1898; x_wconf 92' lang='lat' dir='ltr'>mihi</span> <span class='ocrx_word' id='word_1_137' title='bbox 432 1844 631 1920; x_wconf 86' lang='lat' dir='ltr'>comparatus</span> <span class='ocrx_word' id='word_1_138' title='bbox 645 1844 720 1914; x_wconf 89' lang='lat' dir='ltr'>erat,</span> <span class='ocrx_word' id='word_1_139' title='bbox 740 1857 798 1900; x_wconf 91' lang='lat' dir='ltr'>sua</span> <span class='ocrx_word' id='word_1_140' title='bbox 811 1856 885 1899; x_wconf 85' lang='lat' dir='ltr'>mox</span> <span class='ocrx_word' id='word_1_141' title='bbox 898 1833 1095 1899; x_wconf 86' lang='lat' dir='ltr'>confessione</span> 
     </span>
     <span class='ocr_line' id='line_1_18' title="bbox 86 1926 1145 2016; baseline 0.002 -24"><span class='ocrx_word' id='word_1_142' title='bbox 86 1948 124 1994; x_wconf 89' lang='lat' dir='ltr'>ue</span> <span class='ocrx_word' id='word_1_143' title='bbox 147 1929 207 1996; x_wconf 91' lang='lat' dir='ltr'>sibi</span> <span class='ocrx_word' id='word_1_144' title='bbox 231 1929 403 2015; x_wconf 79' lang='lat' dir='ltr'>praeferret</span> <span class='ocrx_word' id='word_1_145' title='bbox 419 1953 459 1993; x_wconf 74' lang='grc' dir='ltr'>-ε</span> <span class='ocrx_word' id='word_1_146' title='bbox 486 1929 602 1993; x_wconf 91' lang='lat' dir='ltr'>nedum</span> <span class='ocrx_word' id='word_1_147' title='bbox 629 1951 688 2016; x_wconf 85' lang='lat' dir='ltr'>ego</span> <span class='ocrx_word' id='word_1_148' title='bbox 714 1927 898 2014; x_wconf 85' lang='lat' dir='ltr'>perfunctus</span> <span class='ocrx_word' id='word_1_149' title='bbox 924 1926 1094 1994; x_wconf 90' lang='lat' dir='ltr'>honoribus</span> <span class='ocrx_word' id='word_1_150' title='bbox 1117 1947 1145 1994; x_wconf 78' lang='lat'>12</span> 
     </span>
     <span class='ocr_line' id='line_1_19' title="bbox 85 2022 1097 2107; baseline -0.001 -19"><span class='ocrx_word' id='word_1_151' title='bbox 85 2024 239 2090; x_wconf 80' lang='lat' dir='ltr'>certamina</span> <span class='ocrx_word' id='word_1_152' title='bbox 260 2022 337 2087; x_wconf 91' lang='lat' dir='ltr'>mihi</span> <span class='ocrx_word' id='word_1_153' title='bbox 359 2032 453 2107; x_wconf 88' lang='lat' dir='ltr'>atque</span> <span class='ocrx_word' id='word_1_154' title='bbox 475 2023 715 2088; x_wconf 89' lang='lat' dir='ltr'>aemulationem</span> <span class='ocrx_word' id='word_1_155' title='bbox 733 2045 804 2088; x_wconf 92' lang='lat' dir='ltr'>cum</span> <span class='ocrx_word' id='word_1_156' title='bbox 823 2022 1022 2088; x_wconf 88' lang='lat' dir='ltr'>adulescente</span> <span class='ocrx_word' id='word_1_157' title='bbox 1040 2022 1097 2087; x_wconf 88' lang='lat' dir='ltr'>flo-</span> 
     </span>
     <span class='ocr_line' id='line_1_20' title="bbox 82 2115 1145 2204; baseline 0.002 -22"><span class='ocrx_word' id='word_1_158' title='bbox 82 2118 248 2184; x_wconf 75' lang='lat' dir='ltr'>rentissimo</span> <span class='ocrx_word' id='word_1_159' title='bbox 272 2140 459 2204; x_wconf 91' lang='lat' dir='ltr'>proponam,</span> <span class='ocrx_word' id='word_1_160' title='bbox 477 2154 522 2165; x_wconf 90' lang='lat'><em>-</em></span> <span class='ocrx_word' id='word_1_161' title='bbox 542 2116 688 2182; x_wconf 82' lang='lat' dir='ltr'>videlicet</span> <span class='ocrx_word' id='word_1_162' title='bbox 709 2126 744 2181; x_wconf 89' lang='lat' dir='ltr'>ut</span> <span class='ocrx_word' id='word_1_163' title='bbox 766 2115 843 2180; x_wconf 91' lang='lat' dir='ltr'>mihi</span> <span class='ocrx_word' id='word_1_164' title='bbox 863 2116 928 2181; x_wconf 89' lang='lat' dir='ltr'>iam</span> <span class='ocrx_word' id='word_1_165' title='bbox 949 2116 1094 2193; x_wconf 80' lang='lat' dir='ltr'>vivendo,</span> <span class='ocrx_word' id='word_1_166' title='bbox 1115 2137 1145 2184; x_wconf 82' lang='lat'>1³</span> 
     </span>
     <span class='ocr_line' id='line_1_21' title="bbox 80 2210 1092 2300; baseline -0.002 -24"><span class='ocrx_word' id='word_1_167' title='bbox 80 2228 133 2278; x_wconf 86' lang='lat' dir='ltr'>uon</span> <span class='ocrx_word' id='word_1_168' title='bbox 159 2213 262 2278; x_wconf 91' lang='lat' dir='ltr'>solnm</span> <span class='ocrx_word' id='word_1_169' title='bbox 287 2212 381 2279; x_wconf 90' lang='lat' dir='ltr'>rebus</span> <span class='ocrx_word' id='word_1_170' title='bbox 407 2212 553 2300; x_wconf 83' lang='lat' dir='ltr'>gerendis</span> <span class='ocrx_word' id='word_1_171' title='bbox 581 2211 681 2290; x_wconf 81' lang='lat' dir='ltr'>fesso,</span> <span class='ocrx_word' id='word_1_172' title='bbox 710 2212 738 2276; x_wconf 90' lang='lat' dir='ltr'>si</span> <span class='ocrx_word' id='word_1_173' title='bbox 758 2211 831 2276; x_wconf 92' lang='lat' dir='ltr'>huic</span> <span class='ocrx_word' id='word_1_174' title='bbox 853 2220 968 2298; x_wconf 87' lang='lat' dir='ltr'>negata</span> <span class='ocrx_word' id='word_1_175' title='bbox 989 2210 1092 2287; x_wconf 80' lang='lat' dir='ltr'>luerit,</span> 
     </span>
     <span class='ocr_line' id='line_1_22' title="bbox 80 2305 1093 2395; baseline -0.003 -22"><span class='ocrx_word' id='word_1_176' title='bbox 80 2305 181 2375; x_wconf 78' lang='lat' dir='ltr'>Africa</span> <span class='ocrx_word' id='word_1_177' title='bbox 201 2309 362 2395; x_wconf 86' lang='lat' dir='ltr'>provincia</span> <span class='ocrx_word' id='word_1_178' title='bbox 384 2309 575 2374; x_wconf 89' lang='lat' dir='ltr'>decernatur.</span> <span class='ocrx_word' id='word_1_179' title='bbox 620 2329 692 2373; x_wconf 89' lang='lat' dir='ltr'>cum</span> <span class='ocrx_word' id='word_1_180' title='bbox 715 2329 753 2371; x_wconf 87' lang='lat' dir='ltr'>ea</span> <span class='ocrx_word' id='word_1_181' title='bbox 769 2306 882 2392; x_wconf 86' lang='lat' dir='ltr'>gloria,</span> <span class='ocrx_word' id='word_1_182' title='bbox 905 2326 987 2389; x_wconf 89' lang='lat' dir='ltr'>qnae</span> <span class='ocrx_word' id='word_1_183' title='bbox 1005 2315 1093 2390; x_wconf 90' lang='lat' dir='ltr'>parta</span> 
     </span>
     <span class='ocr_line' id='line_1_23' title="bbox 80 2401 1146 2488; baseline -0.003 -18"><span class='ocrx_word' id='word_1_184' title='bbox 80 2413 130 2484; x_wconf 77' lang='lat' dir='ltr'>at,</span> <span class='ocrx_word' id='word_1_185' title='bbox 158 2404 327 2468; x_wconf 90' lang='lat' dir='ltr'>vivendum</span> <span class='ocrx_word' id='word_1_186' title='bbox 348 2414 443 2488; x_wconf 85' lang='lat' dir='ltr'>atque</span> <span class='ocrx_word' id='word_1_187' title='bbox 465 2403 661 2467; x_wconf 89' lang='lat' dir='ltr'>moriendum</span> <span class='ocrx_word' id='word_1_188' title='bbox 683 2411 740 2466; x_wconf 89' lang='lat' dir='ltr'>est.</span> <span class='ocrx_word' id='word_1_189' title='bbox 785 2401 909 2464; x_wconf 86' lang='lat' dir='ltr'>vincere</span> <span class='ocrx_word' id='word_1_190' title='bbox 935 2420 995 2486; x_wconf 83' lang='lat' dir='ltr'>ego</span> <span class='ocrx_word' id='word_1_191' title='bbox 1022 2420 1146 2484; x_wconf 73' lang='lat' dir='ltr'>pro-14</span> 
     </span>
     <span class='ocr_line' id='line_1_24' title="bbox 80 2493 1093 2582; baseline -0.005 -20"><span class='ocrx_word' id='word_1_192' title='bbox 80 2497 158 2564; x_wconf 78' lang='lat' dir='ltr'>ribai</span> <span class='ocrx_word' id='word_1_193' title='bbox 170 2497 397 2576; x_wconf 84' lang='lat' dir='ltr'>Hannibalern,</span> <span class='ocrx_word' id='word_1_194' title='bbox 417 2508 451 2562; x_wconf 93' lang='lat' dir='ltr'>ut</span> <span class='ocrx_word' id='word_1_195' title='bbox 469 2520 489 2562; x_wconf 87' lang='lat' dir='ltr'>a</span> <span class='ocrx_word' id='word_1_196' title='bbox 506 2498 610 2575; x_wconf 90' lang='lat' dir='ltr'>vobis,</span> <span class='ocrx_word' id='word_1_197' title='bbox 629 2518 761 2582; x_wconf 91' lang='lat' dir='ltr'>quorum</span> <span class='ocrx_word' id='word_1_198' title='bbox 775 2494 883 2580; x_wconf 82' lang='lat' dir='ltr'>vigent</span> <span class='ocrx_word' id='word_1_199' title='bbox 900 2514 984 2558; x_wconf 91' lang='lat' dir='ltr'>nunc</span> <span class='ocrx_word' id='word_1_200' title='bbox 1002 2493 1093 2571; x_wconf 88' lang='lat' dir='ltr'>vires,</span> 
     </span>
     <span class='ocr_line' id='line_1_25' title="bbox 80 2593 399 2679; baseline 0.009 -24"><span class='ocrx_word' id='word_1_201' title='bbox 80 2594 164 2661; x_wconf 68' lang='lat' dir='ltr'>rtiarn</span> <span class='ocrx_word' id='word_1_202' title='bbox 181 2593 265 2658; x_wconf 66' lang='lat' dir='ltr'>uinci</span> <span class='ocrx_word' id='word_1_203' title='bbox 282 2603 399 2679; x_wconf 87' lang='lat' dir='ltr'>posset.</span> 
     </span>
    </p>

    <p class='ocr_par' dir='ltr' id='par_1_3' title="bbox 78 2680 1129 3908">
     <span class='ocr_line' id='line_1_26' title="bbox 131 2680 1126 2773; baseline -0.005 -19"><span class='ocrx_word' id='word_1_204' title='bbox 131 2687 308 2754; x_wconf 87' lang='lat' dir='ltr'>XXXXI.</span> <span class='ocrx_word' id='word_1_205' title='bbox 334 2688 419 2753; x_wconf 93' lang='lat' dir='ltr'>Illud</span> <span class='ocrx_word' id='word_1_206' title='bbox 432 2697 463 2755; x_wconf 90' lang='lat' dir='ltr'>te</span> <span class='ocrx_word' id='word_1_207' title='bbox 474 2689 552 2752; x_wconf 90' lang='lat' dir='ltr'>mihi</span> <span class='ocrx_word' id='word_1_208' title='bbox 566 2689 738 2773; x_wconf 86' lang='lat' dir='ltr'>ignoscere,</span> <span class='ocrx_word' id='word_1_209' title='bbox 753 2685 790 2750; x_wconf 90' lang='lat' dir='ltr'>P.</span> <span class='ocrx_word' id='word_1_210' title='bbox 807 2680 943 2761; x_wconf 85' lang='lat' dir='ltr'>Corneli,</span> <span class='ocrx_word' id='word_1_211' title='bbox 959 2704 1094 2767; x_wconf 88' lang='lat' dir='ltr'>aequum</span> <span class='ocrx_word' id='word_1_212' title='bbox 1115 2704 1126 2749; x_wconf 95' lang='lat'>1</span> 
     </span>
     <span class='ocr_line' id='line_1_27' title="bbox 79 2778 1094 2869; baseline -0.005 -22"><span class='ocrx_word' id='word_1_213' title='bbox 79 2784 140 2862; x_wconf 74' lang='lat' dir='ltr'>trit,</span> <span class='ocrx_word' id='word_1_214' title='bbox 160 2782 203 2861; x_wconf 91' lang='lat' dir='ltr'>si,</span> <span class='ocrx_word' id='word_1_215' title='bbox 222 2804 294 2847; x_wconf 89' lang='lat' dir='ltr'>cum</span> <span class='ocrx_word' id='word_1_216' title='bbox 310 2782 343 2846; x_wconf 94' lang='lat' dir='ltr'>in</span> <span class='ocrx_word' id='word_1_217' title='bbox 360 2804 410 2847; x_wconf 91' lang='lat' dir='ltr'>me</span> <span class='ocrx_word' id='word_1_218' title='bbox 424 2783 493 2869; x_wconf 88' lang='lat' dir='ltr'>ipso</span> <span class='ocrx_word' id='word_1_219' title='bbox 507 2803 678 2865; x_wconf 90' lang='lat' dir='ltr'>numquam</span> <span class='ocrx_word' id='word_1_220' title='bbox 691 2780 788 2866; x_wconf 90' lang='lat' dir='ltr'>pluris</span> <span class='ocrx_word' id='word_1_221' title='bbox 801 2779 920 2845; x_wconf 83' lang='lat' dir='ltr'>famam</span> <span class='ocrx_word' id='word_1_222' title='bbox 932 2778 1094 2844; x_wconf 89' lang='lat' dir='ltr'>hominum</span> 
     </span>
     <span class='ocr_line' id='line_1_28' title="bbox 79 2872 1095 2963; baseline -0.007 -20"><span class='ocrx_word' id='word_1_223' title='bbox 79 2900 165 2963; x_wconf 74' lang='lat' dir='ltr'>[uam</span> <span class='ocrx_word' id='word_1_224' title='bbox 191 2898 258 2941; x_wconf 88' lang='lat' dir='ltr'>rem</span> <span class='ocrx_word' id='word_1_225' title='bbox 283 2875 441 2962; x_wconf 90' lang='lat' dir='ltr'>publicam</span> <span class='ocrx_word' id='word_1_226' title='bbox 463 2876 605 2953; x_wconf 85' lang='lat' dir='ltr'>fecerim,</span> <span class='ocrx_word' id='word_1_227' title='bbox 632 2898 671 2940; x_wconf 91' lang='lat' dir='ltr'>ne</span> <span class='ocrx_word' id='word_1_228' title='bbox 698 2885 784 2940; x_wconf 89' lang='lat' dir='ltr'>tuam</span> <span class='ocrx_word' id='word_1_229' title='bbox 810 2874 937 2958; x_wconf 91' lang='lat' dir='ltr'>quidem</span> <span class='ocrx_word' id='word_1_230' title='bbox 963 2872 1095 2960; x_wconf 85' lang='lat' dir='ltr'>gloriam</span> 
     </span>
     <span class='ocr_line' id='line_1_29' title="bbox 79 2967 1129 3057; baseline -0.003 -19"><span class='ocrx_word' id='word_1_231' title='bbox 79 2993 153 3038; x_wconf 81' lang='lat' dir='ltr'>›ono</span> <span class='ocrx_word' id='word_1_232' title='bbox 173 2969 301 3056; x_wconf 91' lang='lat' dir='ltr'>publico</span> <span class='ocrx_word' id='word_1_233' title='bbox 318 2992 524 3057; x_wconf 86' lang='lat' dir='ltr'>praeponam,</span> <span class='ocrx_word' id='word_1_234' title='bbox 548 2992 752 3054; x_wconf 89' lang='lat' dir='ltr'>quamquam,</span> <span class='ocrx_word' id='word_1_235' title='bbox 776 2969 803 3036; x_wconf 89' lang='lat' dir='ltr'>si</span> <span class='ocrx_word' id='word_1_236' title='bbox 821 2978 875 3034; x_wconf 92' lang='lat' dir='ltr'>aut</span> <span class='ocrx_word' id='word_1_237' title='bbox 892 2968 1008 3034; x_wconf 91' lang='lat' dir='ltr'>bellum</span> <span class='ocrx_word' id='word_1_238' title='bbox 1026 2967 1096 3031; x_wconf 93' lang='lat' dir='ltr'>nul·</span> <span class='ocrx_word' id='word_1_239' title='bbox 1114 2988 1129 3035; x_wconf 78' lang='lat' dir='ltr'>a</span> 
     </span>
     <span class='ocr_line' id='line_1_30' title="bbox 79 3061 1095 3149; baseline -0.006 -17"><span class='ocrx_word' id='word_1_240' title='bbox 79 3089 136 3132; x_wconf 90' lang='lat' dir='ltr'>um</span> <span class='ocrx_word' id='word_1_241' title='bbox 147 3064 283 3130; x_wconf 86' lang='lat' dir='ltr'>inItalia</span> <span class='ocrx_word' id='word_1_242' title='bbox 296 3076 350 3131; x_wconf 90' lang='lat' dir='ltr'>aut</span> <span class='ocrx_word' id='word_1_243' title='bbox 366 3065 395 3130; x_wconf 93' lang='lat' dir='ltr'>is</span> <span class='ocrx_word' id='word_1_244' title='bbox 413 3066 513 3131; x_wconf 90' lang='lat' dir='ltr'>hostis</span> <span class='ocrx_word' id='word_1_245' title='bbox 532 3075 628 3143; x_wconf 83' lang='lat' dir='ltr'>esset,</span> <span class='ocrx_word' id='word_1_246' title='bbox 648 3087 688 3130; x_wconf 89' lang='lat' dir='ltr'>ex</span> <span class='ocrx_word' id='word_1_247' title='bbox 705 3087 767 3149; x_wconf 89' lang='lat' dir='ltr'>quo</span> <span class='ocrx_word' id='word_1_248' title='bbox 785 3063 866 3129; x_wconf 91' lang='lat' dir='ltr'>victo</span> <span class='ocrx_word' id='word_1_249' title='bbox 884 3062 961 3126; x_wconf 91' lang='lat' dir='ltr'>nihil</span> <span class='ocrx_word' id='word_1_250' title='bbox 978 3061 1095 3147; x_wconf 85' lang='lat' dir='ltr'>gloriae</span> 
     </span>
     <span class='ocr_line' id='line_1_31' title="bbox 79 3152 1095 3245; baseline -0.009 -19"><span class='ocrx_word' id='word_1_251' title='bbox 79 3170 279 3245; x_wconf 84' lang='lat' dir='ltr'>pcaereretur,</span> <span class='ocrx_word' id='word_1_252' title='bbox 297 3159 353 3244; x_wconf 91' lang='lat' dir='ltr'>qui</span> <span class='ocrx_word' id='word_1_253' title='bbox 371 3169 401 3225; x_wconf 92' lang='lat' dir='ltr'>te</span> <span class='ocrx_word' id='word_1_254' title='bbox 414 3160 448 3224; x_wconf 91' lang='lat' dir='ltr'>in</span> <span class='ocrx_word' id='word_1_255' title='bbox 461 3160 554 3225; x_wconf 90' lang='lat' dir='ltr'>Italia</span> <span class='ocrx_word' id='word_1_256' title='bbox 566 3161 723 3236; x_wconf 90' lang='lat' dir='ltr'>retineret,</span> <span class='ocrx_word' id='word_1_257' title='bbox 743 3158 801 3223; x_wconf 87' lang='lat' dir='ltr'>etsi</span> <span class='ocrx_word' id='word_1_258' title='bbox 818 3158 851 3221; x_wconf 91' lang='lat' dir='ltr'>id</span> <span class='ocrx_word' id='word_1_259' title='bbox 869 3155 951 3221; x_wconf 92' lang='lat' dir='ltr'>bono</span> <span class='ocrx_word' id='word_1_260' title='bbox 969 3152 1095 3240; x_wconf 90' lang='lat' dir='ltr'>publico</span> 
     </span>
     <span class='ocr_line' id='line_1_32' title="bbox 79 3251 1096 3339; baseline -0.01 -17"><span class='ocrx_word' id='word_1_261' title='bbox 79 3257 202 3331; x_wconf 76' lang='lat' dir='ltr'>iaceret,</span> <span class='ocrx_word' id='word_1_262' title='bbox 226 3254 319 3319; x_wconf 89' lang='lat' dir='ltr'>simul</span> <span class='ocrx_word' id='word_1_263' title='bbox 337 3276 409 3320; x_wconf 90' lang='lat' dir='ltr'>cum</span> <span class='ocrx_word' id='word_1_264' title='bbox 426 3254 509 3321; x_wconf 92' lang='lat' dir='ltr'>bello</span> <span class='ocrx_word' id='word_1_265' title='bbox 527 3255 688 3321; x_wconf 90' lang='lat' dir='ltr'>materiam</span> <span class='ocrx_word' id='word_1_266' title='bbox 710 3251 827 3339; x_wconf 82' lang='lat' dir='ltr'>gloriae</span> <span class='ocrx_word' id='word_1_267' title='bbox 850 3259 922 3314; x_wconf 88' lang='lat' dir='ltr'>tuae</span> <span class='ocrx_word' id='word_1_268' title='bbox 943 3251 1007 3313; x_wconf 91' lang='lat' dir='ltr'>isse</span> <span class='ocrx_word' id='word_1_269' title='bbox 1029 3269 1096 3313; x_wconf 90' lang='lat' dir='ltr'>ere-</span> 
     </span>
     <span class='ocr_line' id='line_1_33' title="bbox 79 3342 1129 3434; baseline -0.005 -19"><span class='ocrx_word' id='word_1_270' title='bbox 79 3360 159 3416; x_wconf 79' lang='lat' dir='ltr'>uum</span> <span class='ocrx_word' id='word_1_271' title='bbox 183 3348 281 3414; x_wconf 88' lang='lat' dir='ltr'>videri</span> <span class='ocrx_word' id='word_1_272' title='bbox 302 3359 421 3434; x_wconf 81' lang='lat' dir='ltr'>posset.</span> <span class='ocrx_word' id='word_1_273' title='bbox 465 3373 537 3416; x_wconf 90' lang='lat' dir='ltr'>cum</span> <span class='ocrx_word' id='word_1_274' title='bbox 559 3370 633 3414; x_wconf 87' lang='lat' dir='ltr'>vero</span> <span class='ocrx_word' id='word_1_275' title='bbox 650 3345 811 3413; x_wconf 88' lang='lat' dir='ltr'>Hannibal</span> <span class='ocrx_word' id='word_1_276' title='bbox 829 3344 928 3409; x_wconf 89' lang='lat' dir='ltr'>hostis</span> <span class='ocrx_word' id='word_1_277' title='bbox 947 3342 1129 3410; x_wconf 83' lang='lat' dir='ltr'>incolumis</span> 
     </span>
     <span class='ocr_line' id='line_1_34' title="bbox 79 3438 1096 3528; baseline -0.007 -20"><span class='ocrx_word' id='word_1_278' title='bbox 79 3442 211 3510; x_wconf 55' lang='lat' dir='ltr'>exercitu</span> <span class='ocrx_word' id='word_1_279' title='bbox 232 3453 378 3528; x_wconf 91' lang='lat' dir='ltr'>quartum</span> <span class='ocrx_word' id='word_1_280' title='bbox 396 3444 551 3510; x_wconf 91' lang='lat' dir='ltr'>decimum</span> <span class='ocrx_word' id='word_1_281' title='bbox 569 3466 685 3508; x_wconf 90' lang='lat' dir='ltr'>annum</span> <span class='ocrx_word' id='word_1_282' title='bbox 703 3440 825 3505; x_wconf 91' lang='lat' dir='ltr'>Italiam</span> <span class='ocrx_word' id='word_1_283' title='bbox 844 3438 999 3515; x_wconf 92' lang='lat' dir='ltr'>obsideat,</span> <span class='ocrx_word' id='word_1_284' title='bbox 1020 3459 1096 3524; x_wconf 90' lang='lat' dir='ltr'>pae-</span> 
     </span>
     <span class='ocr_line' id='line_1_35' title="bbox 79 3532 1095 3626; baseline -0.01 -21"><span class='ocrx_word' id='word_1_285' title='bbox 79 3537 183 3605; x_wconf 82' lang='lat' dir='ltr'>ritebit</span> <span class='ocrx_word' id='word_1_286' title='bbox 203 3546 248 3615; x_wconf 88' lang='lat' dir='ltr'>te,</span> <span class='ocrx_word' id='word_1_287' title='bbox 271 3536 308 3602; x_wconf 92' lang='lat' dir='ltr'>P.</span> <span class='ocrx_word' id='word_1_288' title='bbox 328 3536 470 3616; x_wconf 86' lang='lat' dir='ltr'>Corneli,</span> <span class='ocrx_word' id='word_1_289' title='bbox 493 3537 610 3626; x_wconf 85' lang='lat' dir='ltr'>gloriae</span> <span class='ocrx_word' id='word_1_290' title='bbox 628 3546 714 3614; x_wconf 86' lang='lat' dir='ltr'>tuae,</span> <span class='ocrx_word' id='word_1_291' title='bbox 738 3535 765 3600; x_wconf 91' lang='lat' dir='ltr'>si</span> <span class='ocrx_word' id='word_1_292' title='bbox 781 3534 904 3599; x_wconf 90' lang='lat' dir='ltr'>hostem</span> <span class='ocrx_word' id='word_1_293' title='bbox 927 3554 1013 3610; x_wconf 90' lang='lat' dir='ltr'>eum,</span> <span class='ocrx_word' id='word_1_294' title='bbox 1041 3532 1095 3615; x_wconf 93' lang='lat' dir='ltr'>qui</span> 
     </span>
     <span class='ocr_line' id='line_1_36' title="bbox 79 3625 1095 3711; baseline -0.012 -10"><span class='ocrx_word' id='word_1_295' title='bbox 79 3644 115 3701; x_wconf 89' lang='lat' dir='ltr'>ot</span> <span class='ocrx_word' id='word_1_296' title='bbox 132 3632 295 3711; x_wconf 77' lang='lat' dir='ltr'>funerum,</span> <span class='ocrx_word' id='word_1_297' title='bbox 319 3644 364 3698; x_wconf 88' lang='lat' dir='ltr'>tot</span> <span class='ocrx_word' id='word_1_298' title='bbox 381 3634 516 3699; x_wconf 90' lang='lat' dir='ltr'>cladium</span> <span class='ocrx_word' id='word_1_299' title='bbox 533 3632 624 3698; x_wconf 92' lang='lat' dir='ltr'>nobis</span> <span class='ocrx_word' id='word_1_300' title='bbox 642 3653 739 3696; x_wconf 88' lang='lat' dir='ltr'>causa</span> <span class='ocrx_word' id='word_1_301' title='bbox 755 3628 828 3706; x_wconf 85' lang='lat' dir='ltr'>suit,</span> <span class='ocrx_word' id='word_1_302' title='bbox 852 3637 886 3693; x_wconf 88' lang='lat' dir='ltr'>tu</span> <span class='ocrx_word' id='word_1_303' title='bbox 904 3625 1014 3692; x_wconf 90' lang='lat' dir='ltr'>consul</span> <span class='ocrx_word' id='word_1_304' title='bbox 1031 3626 1095 3690; x_wconf 86' lang='lat' dir='ltr'>lta·</span> 
     </span>
     <span class='ocr_line' id='line_1_37' title="bbox 78 3720 1094 3813; baseline -0.011 -19"><span class='ocrx_word' id='word_1_305' title='bbox 78 3728 110 3794; x_wconf 85' lang='lat' dir='ltr'>ia</span> <span class='ocrx_word' id='word_1_306' title='bbox 132 3726 291 3812; x_wconf 89' lang='lat' dir='ltr'>expuleris</span> <span class='ocrx_word' id='word_1_307' title='bbox 315 3737 359 3805; x_wconf 86' lang='lat' dir='ltr'>et,</span> <span class='ocrx_word' id='word_1_308' title='bbox 387 3727 468 3792; x_wconf 90' lang='lat' dir='ltr'>sicut</span> <span class='ocrx_word' id='word_1_309' title='bbox 489 3749 585 3813; x_wconf 89' lang='lat' dir='ltr'>penes</span> <span class='ocrx_word' id='word_1_310' title='bbox 610 3725 647 3792; x_wconf 82' lang='lat' dir='ltr'>O.</span> <span class='ocrx_word' id='word_1_311' title='bbox 665 3724 830 3790; x_wconf 88' lang='lat' dir='ltr'>Lutatium</span> <span class='ocrx_word' id='word_1_312' title='bbox 852 3722 964 3808; x_wconf 90' lang='lat' dir='ltr'>prioris</span> <span class='ocrx_word' id='word_1_313' title='bbox 981 3720 1094 3785; x_wconf 90' lang='lat' dir='ltr'>Punici</span> 
     </span>
     <span class='ocr_line' id='line_1_38' title="bbox 78 3814 1129 3908; baseline -0.006 -20"><span class='ocrx_word' id='word_1_314' title='bbox 78 3821 240 3908; x_wconf 84' lang='lat' dir='ltr'>›erpetrati</span> <span class='ocrx_word' id='word_1_315' title='bbox 255 3821 330 3888; x_wconf 87' lang='lat' dir='ltr'>belli</span> <span class='ocrx_word' id='word_1_316' title='bbox 348 3822 455 3886; x_wconf 90' lang='lat' dir='ltr'>titulus</span> <span class='ocrx_word' id='word_1_317' title='bbox 474 3821 548 3900; x_wconf 85' lang='lat' dir='ltr'>snit,</span> <span class='ocrx_word' id='word_1_318' title='bbox 566 3822 608 3886; x_wconf 89' lang='lat' dir='ltr'>ita</span> <span class='ocrx_word' id='word_1_319' title='bbox 626 3843 723 3906; x_wconf 90' lang='lat' dir='ltr'>penes</span> <span class='ocrx_word' id='word_1_320' title='bbox 741 3830 771 3885; x_wconf 91' lang='lat' dir='ltr'>te</span> <span class='ocrx_word' id='word_1_321' title='bbox 789 3818 881 3883; x_wconf 92' lang='lat' dir='ltr'>huius</span> <span class='ocrx_word' id='word_1_322' title='bbox 895 3815 1008 3881; x_wconf 84' lang='lat' dir='ltr'>fuerit?</span> <span class='ocrx_word' id='word_1_323' title='bbox 1033 3814 1092 3880; x_wconf 93' lang='lat' dir='ltr'>nisi</span> <span class='ocrx_word' id='word_1_324' title='bbox 1112 3834 1129 3882; x_wconf 76' lang='grc'>4</span> 
     </span>
    </p>
   </div>
   <div class='ocr_carea' id='block_1_3' title="bbox 78 3909 1096 4093">
    <p class='ocr_par' dir='ltr' id='par_1_4' title="bbox 78 3909 1096 4093">
     <span class='ocr_line' id='line_1_39' title="bbox 78 3909 1094 4001; baseline -0.007 -21"><span class='ocrx_word' id='word_1_325' title='bbox 78 3926 122 3981; x_wconf 72' lang='lat' dir='ltr'>int</span> <span class='ocrx_word' id='word_1_326' title='bbox 143 3913 310 3980; x_wconf 89' lang='lat' dir='ltr'>Hamilcar</span> <span class='ocrx_word' id='word_1_327' title='bbox 330 3915 504 3982; x_wconf 91' lang='lat' dir='ltr'>Hannibali</span> <span class='ocrx_word' id='word_1_328' title='bbox 529 3917 594 3980; x_wconf 84' lang='lat' dir='ltr'>dux</span> <span class='ocrx_word' id='word_1_329' title='bbox 620 3923 668 3980; x_wconf 89' lang='lat' dir='ltr'>est</span> <span class='ocrx_word' id='word_1_330' title='bbox 693 3912 919 4001; x_wconf 77' lang='lat' dir='ltr'>praeferundus</span> <span class='ocrx_word' id='word_1_331' title='bbox 942 3921 996 3976; x_wconf 90' lang='lat' dir='ltr'>aut</span> <span class='ocrx_word' id='word_1_332' title='bbox 1017 3909 1094 3974; x_wconf 92' lang='lat' dir='ltr'>illud</span> 
     </span>
     <span class='ocr_line' id='line_1_40' title="bbox 78 4005 1096 4093; baseline -0.007 -16"><span class='ocrx_word' id='word_1_333' title='bbox 78 4010 187 4077; x_wconf 74' lang='lat' dir='ltr'>»ellum</span> <span class='ocrx_word' id='word_1_334' title='bbox 209 4011 282 4076; x_wconf 90' lang='lat' dir='ltr'>huic</span> <span class='ocrx_word' id='word_1_335' title='bbox 303 4022 358 4077; x_wconf 92' lang='lat' dir='ltr'>aut</span> <span class='ocrx_word' id='word_1_336' title='bbox 378 4011 508 4077; x_wconf 82' lang='lat' dir='ltr'>victoria</span> <span class='ocrx_word' id='word_1_337' title='bbox 529 4012 583 4077; x_wconf 92' lang='lat' dir='ltr'>illa</span> <span class='ocrx_word' id='word_1_338' title='bbox 600 4011 698 4077; x_wconf 90' lang='lat' dir='ltr'>maior</span> <span class='ocrx_word' id='word_1_339' title='bbox 716 4010 887 4093; x_wconf 90' lang='lat' dir='ltr'>clariorque</span> <span class='ocrx_word' id='word_1_340' title='bbox 905 4030 999 4093; x_wconf 90' lang='lat' dir='ltr'>quam</span> <span class='ocrx_word' id='word_1_341' title='bbox 1016 4005 1096 4071; x_wconf 89' lang='lat' dir='ltr'>haec</span> 
     </span>
    </p>
   </div>
   <div class='ocr_carea' id='block_1_4' title="bbox 0 0 1268 4530">
    <p class='ocr_par' dir='ltr' id='par_1_5' title="bbox 0 0 1268 4530">
     <span class='ocr_line' id='line_1_41' title="bbox 0 0 1268 4530; baseline 0 1"><span class='ocrx_word' id='word_1_342' title='bbox 0 0 1268 4530; x_wconf 95' lang='lat' dir='ltr'> </span> 
     </span>
    </p>
   </div>
  </div>
 </body>
</html>
