2528 4514
125 251 189 317 446
352 258 471 315 LIBER
488 255 644 325 XXVIIII,
663 254 689 310 4.
704 254 729 310 5.
751 258 789 323 [a.
799 272 827 310 u.
838 271 863 310 c.
873 254 938 324 549]

92 447 107 494 a
125 431 209 500 rent3
236 418 277 484 ad
294 416 468 504 Magonem
491 437 555 480 non
571 413 669 499 legati
686 413 795 490 modo,
819 413 878 478 sed
895 413 1131 501 vigintiquinque

125 517 239 602 longae
264 535 376 589 naves,
406 533 463 576 sex
488 508 573 573 milia
596 506 752 595 peditum,
784 508 961 595 octingenti
986 509 1134 594 equiteset

40 658 43 665 ·
127 620 248 697 septem
271 606 442 694 elephanti,
470 605 511 670 ad
533 603 594 669 hoe
612 625 729 690 magna
746 602 882 688 pecunia
899 604 943 668 ad
961 602 1135 675 condumum

127 705 255 782 auxilia,
275 701 391 787 quibus
409 701 509 765 fretus
527 699 657 786 propius
672 698 783 763 urbem
796 699 980 766 Romanam
994 700 1136 766 exercitum

93 823 106 867 7
127 799 307 864 admoveret
325 796 590 882 coniungeretque
608 815 642 859 se
657 792 858 860 Hannibali·
877 795 960 862 haec
974 794 1136 883 carthqtn

126 891 280 978 parabant
303 889 537 976 agitabantque.
582 889 624 953 ad
640 887 789 954 Laelium
811 889 949 974 praedas
971 889 1098 978 ingentis
1110 910 1147 973 u

127 1009 204 1074 agro
225 986 337 1052 inermi
360 1007 396 1049 ae
414 984 501 1048 nudo
517 982 684 1069 praesidiis
702 991 850 1070 agentem
867 982 1057 1062 Masinissa,
1075 983 1137 1049 fara

94 1103 110 1150 8
128 1083 292 1147 Romanae
310 1078 421 1146 classis
440 1079 576 1157 excitus,
601 1099 673 1143 cum
692 1076 850 1162 equitibus
868 1079 983 1165 paucis
1000 1079 1087 1145 venit.
1117 1076 1135 1143 ir

128 1176 266 1263 segniter
282 1196 349 1239 rem
367 1173 420 1260 agi
438 1171 478 1238 ab
493 1168 642 1258 Scipione
659 1181 808 1255 questus,
828 1172 916 1256 quod
935 1184 1005 1238 tum
1020 1195 1080 1239 non
1092 1172 1135 1238 iu?
1164 1163 1169 1175 ”

128 1271 299 1337 exercitum
315 1268 349 1333 in
362 1266 507 1332 Africam
521 1267 708 1346 traiecisset,
727 1266 882 1354 perculsis
894 1264 1135 1355 Carthaginiensi*
1165 1259 1167 1269 ἢ

128 1365 201 1442 bus,
232 1361 380 1448 Syphace
405 1360 557 1448 impedito
577 1360 729 1428 finitumis
752 1359 858 1440 bellis,
886 1383 984 1447 quem
1010 1362 1134 1428 incarus

127 1460 271 1523 haerere:
299 1457 327 1523 si
350 1456 487 1541 spatium
509 1457 551 1521 ad
569 1479 641 1534 sua,
663 1466 699 1522 ut
716 1456 804 1535 velit,
828 1457 1048 1544 componenda
1062 1456 1138 1533 detur.

93 1552 205 1622 anihil
228 1551 349 1616 sincera
371 1550 433 1614 lide
456 1572 528 1616 oum
549 1551 704 1617 Romanis
731 1560 885 1617 acturum.
932 1551 1098 1618 hortaretur
1113 1554 1139 1615 et

128 1645 301 1712 stimularet
320 1643 515 1731 Scipionem,
539 1668 579 1711 ne
598 1656 749 1726 cessaret3
777 1668 826 1724 se,
851 1667 1045 1732 quamquam
1063 1650 1134 1733 regit

127 1740 238 1827 pulsus
261 1749 360 1818 esset,
388 1761 461 1805 cum
483 1739 569 1805 haud
591 1739 827 1806 contemnendis
854 1740 955 1827 copiis
981 1739 1137 1806 adsutum·

128 1834 269 1919 peditum
287 1833 500 1917 equitumque.
537 1855 596 1899 nec
608 1832 670 1919 ipsi
682 1833 796 1898 Laelio
810 1835 1000 1900 morandum
1012 1830 1133 1900 inAt'a

128 1951 214 2007 esse3
242 1927 376 1993 classem
399 1929 526 1993 credere
548 1928 722 2015 profectam
740 1951 760 1993 a
779 1926 990 2018 Carthagine,
1013 1946 1133 2013 eumq!

130 2021 262 2088 absente
281 2018 430 2107 Scipione
446 2045 510 2088 non
529 2022 605 2089 satis
623 2031 725 2088 tutum
744 2046 815 2090 esse
833 2024 978 2090 contrahi
996 2034 1132 2090 certam

96 2140 107 2186 1
192 2114 234 2182 V.
278 2115 333 2182 Ab
352 2116 412 2198 hoc
431 2138 575 2183 sermone
594 2117 725 2183 dimisso
743 2117 934 2198 Masinissa,
957 2119 1133 2203 Laeliuspo'

128 2222 211 2277 stero
242 2211 293 2277 die
324 2234 422 2277 naves
449 2214 567 2298 praeda
593 2223 723 2278 onustas
751 2212 791 2279 ab
818 2212 971 2301 Hippone
999 2214 1082 2280 solvit
1100 2230 1134 2275 re·

126 2318 298 2391 vectusque
316 2308 349 2371 in
369 2305 510 2372 Siciliam
528 2308 677 2373 mandata
697 2306 839 2395 Scipioni
857 2310 1016 2396 exposuit.

94 2423 109 2469 2
193 2402 327 2467 Eisdem
351 2402 450 2467 ferme
475 2401 586 2468 diebus
608 2426 721 2481 naves,
748 2425 830 2488 quae
853 2403 894 2469 ab
914 2396 1135 2491 Carthaginesi

127 2496 301 2584 Magonem
323 2496 440 2562 missae
462 2506 564 2575 erant,
593 2498 675 2563 inter
695 2496 919 2585 Albingaunos
941 2498 1074 2586 Ligures
1089 2491 1136 2562 (lc-

94 2612 108 2658 3
126 2613 286 2675 nuamque
305 2601 514 2657 accesserunt.
542 2592 632 2656 iniis
650 2593 728 2658 loeis
747 2602 813 2657 tum
828 2592 911 2658 forte
924 2592 1026 2681 Mago
1038 2588 1135 2658 tenete

127 2685 276 2765 classem3
295 2687 349 2769 qui
363 2685 539 2772 legatorum
558 2686 672 2751 auditis
690 2686 795 2752 verbis
813 2686 993 2753 iubentium
1011 2685 1136 2754 exercitu

128 2801 221 2863 quam
244 2780 399 2845 maximos
423 2802 619 2866 comparare,
648 2781 806 2868 extemplo
826 2779 993 2848 Gallorum
1015 2793 1046 2849 et
1060 2778 1140 2866 mgr-¹

127 2896 196 2938 rum
214 2908 241 2919 —
258 2897 393 2959 namque
412 2877 576 2960 utriusque
593 2877 697 2963 gentis
717 2876 830 2964 ingens
849 2877 895 2943 ibi
913 2878 1076 2944 multitudo
1090 2878 1137 2940 ent

92 2991 109 3035 4
127 3007 153 3016 -
171 2968 337 3034 concilium
356 2970 475 3036 habuit.
520 2982 551 3036 et
569 2971 703 3036 missum
721 2994 756 3037 se
774 2972 814 3036 ad
832 2994 888 3037 eos
907 2972 1101 3038 vindicandos
1112 2966 1141 3031 ir

126 3063 301 3130 libertatem
320 3065 363 3129 ait
381 3074 426 3142 et,
445 3075 479 3130 ut
497 3065 559 3151 ipsi
577 3075 719 3145 cernant,
739 3065 819 3131 mitti
835 3066 897 3132 sibi
911 3067 952 3132 ab
967 3068 1059 3133 domo
1069 3080 1137 3152 prat*

127 3159 221 3238 sidia,
247 3157 303 3224 sed
321 3158 446 3244 quantis
465 3159 598 3238 viribus,
623 3170 741 3245 quanto
759 3160 900 3226 exercitu
918 3161 951 3226 id
969 3161 1081 3229 bellum
1097 3174 1136 3244 gr

93 3275 107 3320 5
125 3264 212 3319 ratur
233 3255 268 3318 in
289 3276 397 3319 eorum
418 3264 574 3340 potestate
597 3278 682 3321 esse:
710 3256 790 3321 duos
815 3257 975 3322 exercitus
993 3257 1137 3327 Romanoa

128 3371 224 3413 unum
250 3349 282 3412 in
311 3346 429 3427 Gallia,
458 3349 590 3414 alterum
616 3349 650 3414 in
676 3349 806 3416 Etruria
834 3373 915 3416 esse.
970 3350 1046 3418 satis
1070 3346 1137 3421 scira

128 3441 184 3529 Sp.
204 3444 389 3509 Lucretium
409 3467 443 3510 se
462 3467 533 3510 cum
552 3445 599 3510 M.
613 3445 710 3510 Livio
728 3446 918 3511 iuncturum.
961 3447 1059 3512 multa
1073 3438 1137 3508 milit

127 3538 277 3603 armanda
303 3561 387 3617 esse,
419 3549 454 3604 ut
468 3540 603 3611 ‚duobus
632 3541 780 3619 ducibus,
812 3540 939 3606 (luobus
973 3536 1138 3609 exercitibus

93 3650 107 3696 o
125 3632 278 3698 Romanis
301 3633 474 3700 resistatur.
521 3633 606 3701 Galli
624 3660 780 3702 summam
800 3636 891 3701 adid
910 3658 1004 3701 suam
1021 3636 1140 3702 voluntt-

126 3738 189 3792 tem
212 3751 283 3795 esse
305 3729 423 3808 dioere;
448 3730 505 3795 sed
523 3753 594 3796 cum
613 3755 677 3798 una
695 3743 798 3798 castra
817 3732 965 3797 Romana
983 3732 1064 3797 intra
1079 3725 1140 3801 finit

126 3823 223 3887 altera
248 3824 282 3889 in
307 3823 439 3888 finitima
465 3839 546 3890 terra
568 3825 697 3891 Etruria
722 3848 819 3912 prope
846 3827 880 3890 in
906 3835 1080 3913 conspectu
1099 3821 1142 3887 hs·

126 3915 235 3992 beant,
264 3919 289 3982 si
313 3918 418 4003 palam
441 3919 496 3984 fiat
523 3921 648 3986 auxiliis
675 3921 817 3987 adiutum
844 3919 885 3986 ab
913 3942 987 3986 sese
1010 3920 1143 3991 Panum·

126 4011 284 4095 extemplo
306 4012 439 4078 infestos
463 4015 620 4101 utrimque
642 4016 798 4082 exercitus
820 4015 853 4080 in
871 4037 988 4102 agrum
1008 4037 1097 4083 suum
1110 4011 1169 4083 iar
