2528 4514
317 260 433 315 nnana
451 259 559 329 xxvr,
577 261 619 315 44.
630 261 672 316 aa.
693 265 731 330 [a
743 260 845 331 cmo]
1032 248 1097 317 315

83 427 182 483 ntam
201 417 366 483 adomnia
384 437 546 482 occurrere
563 416 659 482 iubet.
703 417 861 504 patefacta
877 417 990 484 deinde
1006 427 1096 504 porta
1115 441 1130 488 3

83 536 125 590 ts,
158 533 242 596 quos
270 511 303 575 in
328 511 380 575 via
405 510 525 576 ferente
551 511 592 575 ad
618 521 721 577 castra
742 511 880 577 hostium
897 511 1095 591 instruxerat,

83 607 167 671 ittit.
214 604 351 671 Romani
368 605 447 669 duce
465 604 535 690 ipso
552 605 760 691 praecipiente
777 627 947 692 parumper
962 628 1095 683 cessere,

83 749 85 758 .
120 698 292 785 propiores
324 696 473 764 subsidiis
503 698 537 762 in
567 699 735 764 certamine
765 699 835 785 ipso
867 699 1096 765 summittendis

83 802 180 859 sent.
229 804 260 857 et
285 792 386 878 primo
413 790 498 857 haud
522 792 659 878 impares
685 801 799 858 stetere
821 794 920 871 acies3
956 793 1130 863 subsidias

83 887 178 953 >inde
195 886 369 953 identidem
386 886 587 951 summissae
600 887 711 952 castris
724 909 788 952 non
801 897 980 954 averterunt
994 887 1096 955 solum

83 1037 86 1047 .
104 983 227 1069 fugam
249 981 363 1057 hostis,
391 980 449 1046 sed
470 980 549 1045 adeo
568 980 677 1046 effusis
694 981 887 1060 institerunt,
913 991 949 1046 ut
966 983 1027 1047 nisi
1048 1004 1097 1048 rc·

83 1076 170 1163 :ptni
187 1075 367 1152 cecinisset,
394 1075 542 1160 permixti
563 1074 758 1161 fugientibus
775 1075 929 1161 inrupturi
946 1076 1046 1142 fuisse
1063 1077 1097 1141 in

83 1169 175 1236 rbem
203 1169 392 1233 viderentur.
437 1168 601 1254 trepidatio
623 1192 785 1235 veronen
804 1170 837 1234 in
858 1169 975 1255 proelio
998 1170 1129 1238 maiora

83 1287 161 1329 uam
178 1271 246 1329 tota
263 1262 339 1327 urbe
357 1263 427 1328 suit.
466 1263 584 1328 multae
602 1264 751 1331 stationes
768 1286 885 1350 pavore
907 1275 1001 1348 atque
1018 1263 1097 1350 fuga

83 1367 208 1424 esertac
231 1367 304 1422 sunt
325 1357 488 1442 relictique
509 1357 604 1436 muri,
632 1380 704 1422 cum
725 1379 789 1442 qua
810 1359 923 1443 cuique
940 1366 1007 1423 erat
1023 1380 1096 1444 pro-

83 1452 185 1517 imum
208 1451 418 1516 desiluissent.
463 1451 549 1536 quod
569 1451 624 1517 ubi
646 1474 792 1539 egressus
813 1450 920 1538 Scipio
941 1452 976 1516 in
992 1461 1128 1518 tumn-e

83 1570 143 1625 rm,
164 1568 260 1631 quem
273 1545 413 1611 Mercuri
431 1555 560 1625 vocant,
579 1547 718 1612 animum
736 1547 881 1626 advertit,
900 1546 1007 1612 multis
1025 1568 1096 1632 par·

83 1639 147 1706 bus
176 1641 296 1705 nudata
318 1639 537 1706 defensoribus
561 1641 686 1706 moenia
708 1663 792 1719 esse,
820 1641 921 1706 omnis
944 1663 962 1706 e
984 1640 1094 1705 castris

83 1736 185 1800 scitos
203 1735 248 1799 ire
266 1734 307 1798 ad
329 1735 576 1820 oppugnandum
599 1743 631 1799 et
651 1734 733 1799 ferre
756 1734 856 1798 scalas
878 1734 974 1801 iubet.
1027 1734 1128 1821 ipset

83 1827 159 1894 ium
177 1850 253 1914 prae
271 1851 305 1893 se
322 1829 472 1893 iuvenum
485 1827 661 1893 validorum
675 1828 772 1893 scutis
787 1828 1094 1915 oppositis-ingens

83 1923 231 1988 nimiam
248 1923 297 1986 vis
315 1922 418 1989 omnis
435 1923 559 2008 generis
577 1921 709 1987 telorum
728 1944 745 1986 e
762 1922 860 1986 muris
879 1921 1004 1987 volabat
1016 1960 1043 1971 -
1055 1923 1096 1988 ad

83 2016 175 2085 rbem
194 2017 347 2096 succedit,
366 2016 520 2095 hortatur,
539 2017 671 2102 imperat
685 2039 766 2100 quae
779 2017 812 2081 in
825 2039 891 2082 rem
905 2027 991 2096 sunt,
1010 2018 1096 2102 quod
1113 2037 1129 2084 8

83 2108 246 2177 lurumum
280 2113 322 2177 ad
356 2112 571 2177 accendendos
611 2111 744 2175 militum
778 2112 899 2176 animos
938 2113 1094 2191 intererat,

83 2208 154 2273 atis
173 2216 392 2293 spectatorque
411 2207 531 2270 virtutis
550 2216 644 2290 atque
660 2206 806 2291 ignaviae
824 2206 976 2289 cuiusque
993 2207 1092 2271 adest.

83 2323 170 2387 aque
196 2303 230 2365 in
252 2301 381 2367 vulnera
407 2322 444 2365 ac
469 2299 532 2364 tela
553 2308 649 2365 ruunt
670 2321 772 2384 neque
793 2298 863 2363 illos
889 2298 971 2362 muri
992 2320 1094 2381 neque
1114 2321 1127 2367 e

83 2406 278 2483 uperstantes
301 2395 412 2460 armati
434 2416 539 2460 arcere
562 2402 694 2478 queunt,
721 2394 797 2477 quin
820 2391 960 2457 certatim
985 2412 1095 2455 ascen-

83 2500 151 2556 ant.
196 2500 227 2554 et
248 2489 289 2555 ab
311 2489 445 2554 navibus
468 2489 579 2553 eodem
600 2496 740 2573 tempore
763 2508 814 2565 ea,
840 2507 922 2570 quae
944 2485 1023 2549 mari
1040 2484 1096 2550 ad·
1115 2509 1146 2556 10

83 2585 176 2663 titur,
202 2607 276 2669 pars
294 2583 380 2649 urbis
399 2583 575 2669 oppugnari
593 2590 742 2667 coeptast.
787 2590 925 2645 ceterum
942 2577 1094 2644 tumultus

83 2680 138 2745 nde
163 2679 264 2744 maior
289 2700 384 2763 quam
410 2678 459 2743 vis
485 2676 626 2743 adhiberi
647 2685 778 2762 poterat.
822 2675 899 2739 dum
926 2673 1093 2759 adplicant,
1114 2698 1143 2744 11

83 2769 143 2838 lnm
158 2773 273 2859 raptim
290 2781 452 2858 exponunt
469 2772 571 2837 scalas
588 2770 779 2852 militesque,
807 2768 882 2832 dum
900 2789 963 2850 qua
981 2766 1093 2852 cuique

83 2867 243 2933 uoximum
261 2867 359 2932 estin
376 2875 490 2930 terram
512 2865 644 2930 evadere
666 2872 846 2949 properant,
872 2863 943 2948 ipsa
964 2861 1094 2928 festina-

83 2958 149 3028 ione
167 2972 199 3026 et
217 2961 385 3026 certamine
403 2960 456 3026 alii
473 2960 551 3025 alios
569 2959 742 3044 inpediunt.
1098 3004 1101 3011 .

127 3055 320 3121 XXXXV.
355 3055 442 3119 Inter
458 3054 537 3120 haec
553 3054 727 3139 repleverat
744 3052 808 3117 iam
820 3050 948 3116 Poenus
966 3050 1093 3116 armatis
1116 3067 1129 3112 1

83 3172 187 3228 suros,
216 3161 246 3215 et
267 3149 316 3215 vis
338 3173 454 3236 magna
477 3171 517 3214 ex
537 3149 657 3234 ingenti
678 3147 769 3232 copia
790 3156 941 3232 congesta
962 3145 1094 3210 telorum

83 3243 297 3332 uppeditabat.
333 3244 390 3308 sed
406 3265 508 3328 neque
525 3243 585 3307 viri
601 3263 660 3307 nec
677 3240 740 3305 tela
756 3240 995 3323 necquicquam
1009 3237 1093 3303 aliud
1113 3253 1128 3300 a

83 3360 284 3424 equaquam
306 3338 430 3403 moenia
452 3338 522 3423 ipsa
545 3358 615 3402 sese
638 3334 857 3400 defendebant
901 3355 989 3398 rarae
1012 3332 1095 3397 enim

83 3434 169 3499 calae
188 3433 345 3498 altitudini
362 3432 490 3516 aequari
506 3439 650 3518 poterant
668 3441 698 3495 et
716 3451 779 3513 quo
797 3449 939 3512 quaeque
959 3427 1094 3504 altiores,
1120 3480 1127 3487 .

84 3550 103 3594 o
119 3527 308 3594 infirmiores
328 3537 424 3593 erant.
451 3527 556 3610 itaque
574 3548 646 3592 cum
660 3545 802 3590 summus
817 3522 949 3606 quisque
963 3524 1094 3587 evadere
1114 3544 1129 3590 3

83 3646 127 3689 on
144 3630 270 3708 posset,
290 3621 430 3688 subirent
447 3631 552 3687 tamen
570 3621 637 3698 alii,
661 3641 755 3684 onere
772 3618 842 3704 ipso
859 3615 1093 3702 frangebantur.

83 3717 196 3799 ¹uidam
227 3715 381 3781 stantibus
414 3716 506 3781 scalis
537 3738 609 3780 cum
640 3713 769 3780 altitudo
800 3711 966 3798 caliginem
996 3708 1094 3775 oculis

83 3811 248 3889 ffudisset,
267 3811 308 3876 ad
325 3820 438 3876 terram
456 3810 551 3875 delati
569 3817 651 3874 sunt.
687 3818 717 3872 et
735 3829 808 3873 cum
819 3805 940 3892 passim
952 3803 1095 3871 homines
1113 3826 1130 3872 4

83 3907 234 3992 calceque
250 3916 376 3971 ruerent
393 3915 424 3971 et
441 3905 511 3991 ipso
529 3925 679 3970 successu
697 3901 828 3967 audacia
845 3910 938 3984 atque
952 3899 1096 3966 alacritas

82 4003 204 4070 ostium
222 4010 388 4081 cresceret,
409 4001 534 4088 signum
551 3998 691 4084 receptui
704 3998 812 4063 datum
826 4005 888 4074 est3
907 3995 993 4078 quod
1006 4016 1095 4080 spem
1113 4011 1129 4058 5
