2528 4514
294 212 421 293 LIBER
438 214 523 286 XXI,
540 216 583 272 40.
596 215 639 270 41.
659 218 697 285 [a.
707 212 809 284 0218]
1032 203 1074 268 33

30 398 97 461 ,que
112 374 284 443 Rotnanus
307 371 419 449 uoluit,
447 393 522 459 ege,
549 383 584 437 ut
606 372 768 438 consulem
790 371 904 437 ducem
920 372 1073 441 adversus
1091 397 1108 443 4

36 467 255 541 'llenulbalesn
267 489 311 535 ,ιο
323 465 451 535 Poenos
465 466 637 544 haberetis,
655 467 725 552 ipse
741 488 794 533 me
811 466 885 533 huic
897 467 1074 535 voluntario

24 612 29 625 .
46 560 325 638 certaminiebtuli,
342 583 426 627 novo
440 560 620 646 imperatori
633 560 718 645 apud
730 582 830 653 nopes
843 560 959 626 milites
973 584 1075 647 pauca

29 656 136 725 ,ιοιιιι
147 655 301 727 facienda
319 665 401 721 eant.
441 678 481 721 ne
499 677 601 742 genus
619 654 694 721 belli
710 676 790 720 nese
807 655 932 721 hostem
949 656 1108 742 ignores

28 752 94 837 ,aa
115 772 190 817 oum
207 750 258 817 bis
277 759 331 815 est
352 748 458 827 robis,
483 749 616 827 milites,
642 749 863 835 pugnandum,
890 772 969 833 ques
992 760 1075 815 terra

10 842 180 928 leuarique
201 843 309 929 ,priore
332 842 419 909 ¹bello
445 843 581 920 vicistis,
614 866 634 909 a
659 842 774 927 quibus
802 843 992 929 stipendium
1015 866 1075 929 per

10 928 152 1026 [miginti
171 960 274 1011 annos
289 937 463 1024 exegistis,
490 960 510 1005 a
531 936 646 1022 quibus
665 946 757 1022 capta
771 936 848 1003 belli
864 938 1005 1023 praemia
1022 937 1074 1005 Si-

26 1034 143 1107 :ailiam
161 1055 199 1098 ac
217 1030 400 1101 Sardiniam
413 1031 549 1099 habetis.
589 1032 648 1097 erit
664 1032 760 1118 igitur
776 1032 810 1096 in
827 1031 887 1098 hoe
904 1034 1073 1100 certamine
1092 1056 1107 1102 e

26 1128 71 1197 ·-is
84 1128 175 1194 vehis
190 1128 336 1237 illisque
338 1128 476 1205 animus,
495 1150 551 1212 qur
540 1127 734 1195 victoribus
750 1138 781 1192 οι
794 1129 885 1194 victis
898 1151 970 1195 esse
983 1130 1073 1195 solet

30 1326 126 1394 sant,
143 1317 209 1383 nin
198 1317 365 1394 creditis,
384 1315 439 1398 qui
451 1316 592 1382 exercitu
604 1315 754 1381 incolumi
766 1338 906 1426 pugnam
921 1317 1074 1381 detracta

29 1430 127 1487 ποτε,
146 1432 202 1475 ecs
215 1409 341 1477 duabus
354 1407 496 1496 partibus
509 1410 651 1496 peditum
669 1408 873 1495 equitumque
889 1412 922 1476 in
940 1412 1074 1477 transitu

40 1502 173 1589 ‚atpium
197 1504 324 1575 amissis
348 1526 411 1588 quc
432 1504 538 1589 plures
558 1526 661 1590 paene
682 1504 829 1590 perierint
851 1528 947 1589 quam
965 1526 1075 1591 super-

41 1597 116 1676 ¹airu,
137 1599 212 1684 plus
232 1598 300 1684 spei
317 1608 426 1665 nactos
445 1621 525 1664 esse.
560 1608 599 1667 at
620 1599 704 1665 enim
725 1601 819 1684 pauci
840 1601 968 1684 quidem
991 1609 1073 1677 sunt,
1093 1619 1108 1666 8

30 1693 100 1769 ,aad
128 1693 272 1779 rigentes
305 1693 418 1761 animis
444 1692 706 1779 corporibusque,
737 1716 871 1777 quorum
897 1693 1012 1759 robora
1036 1715 1075 1758 ac

45 1785 123 1855 -ζῑίιοι
140 1788 195 1853 vix
213 1787 370 1855 sustinere
387 1787 436 1852 uis
454 1786 519 1851 ulla
533 1787 645 1872 pessit.
677 1787 814 1874 effigies,
833 1788 931 1853 immo
944 1787 1074 1853 umbrae
1093 1809 1107 1855 a

35 1874 204 1949 ¹llominum
222 1880 322 1959 fame,
340 1881 473 1968 frigore,
495 1880 626 1958 inluuie,
650 1882 795 1965 squalere
812 1883 928 1960 enecti,
951 1882 1075 1948 contusi

53 1995 86 2037 ac
105 1974 253 2040 debilitati
273 1975 356 2041 inter
378 1990 457 2047 sexa
477 1997 649 2060 rupesque3
676 1977 717 2041 ad
739 1976 799 2043 hoo
820 1978 960 2062 praeusti
976 1988 1073 2055 artars,

27 2064 118 2137 Liuiae
132 2069 267 2156 rigentes
286 2070 389 2147 nervi,
408 2069 549 2135 membra
563 2070 679 2135 tonilla
692 2071 780 2158 gelu,
799 2081 949 2155 quassata
960 2071 1075 2137 fracta

36 2182 109 2245 ‚que
124 2186 221 2242 erma,
241 2163 346 2228 claudi
364 2185 402 2228 ac
414 2163 533 2231 debiles
548 2165 684 2247 equi-—t
703 2187 777 2229 cum
789 2165 850 2231 hoc
863 2166 982 2250 equite,
1001 2188 1073 2231 oum
1094 2188 1125 2234 ιο

10 2252 112 2331 Μ
134 2258 232 2341 pedite
258 2258 428 2343 pugnaturi
456 2259 545 2336 estis,
572 2258 719 2342 reliquias
742 2268 898 2326 extremas
922 2260 1073 2337 hostium,

10 2356 117 2413 ².aon
134 2349 251 2417 bostem
273 2350 439 2423 habebitis.
475 2373 514 2417 ao
534 2352 613 2419 nihil
635 2353 737 2438 magis
760 2373 878 2430 vereor,
906 2375 1001 2436 quam
1022 2377 1073 2431 ue,

10 2532 15 2539 Ι
44 2463 110 2510 ,ιιι
124 2466 190 2511 cum
207 2445 438 2532 pugnaveritis,
462 2445 564 2532 Alpes
582 2447 698 2513 vicisse
714 2445 928 2511 Hannibalem
944 2447 1074 2511 videan-

10 2596 17 2623 ,
38 2544 109 2609 lar·
144 2540 199 2605 sed
217 2541 261 2605 ita
279 2539 411 2607 forsitan
428 2540 547 2618 decuit,
569 2563 643 2606 cum
660 2539 823 2605 foederum
845 2550 971 2626 ruptore
993 2540 1073 2605 duce
1094 2564 1123 2608 11

10 2630 211 2720 igacpepulo
225 2634 301 2699 deos
319 2634 406 2720 ipsos
425 2634 493 2700 siue
509 2634 575 2701 ulla
591 2635 730 2700 humana
747 2654 807 2720 ope
825 2636 1019 2700 committere
1037 2658 1075 2710 ac

10 2696 33 2779 k
36 2726 209 2814 ‚profligare
227 2727 359 2807 bellum,
376 2751 451 2807 nos,
469 2729 524 2813 qui
542 2730 716 2795 secundum
733 2730 810 2796 deos
829 2730 936 2796 violati
952 2752 1073 2809 sumus,

10 2782 26 2911 ,f
58 2823 248 2888 wmmissum
265 2845 304 2888 ac
320 2823 521 2909 profligatum
539 2823 701 2889 conficere.

111 2913 284 2981 XXXXI
319 2916 393 2983 Non
413 2940 533 2996 vereor,
560 2940 600 2982 ne
622 2918 693 3002 quis
716 2941 766 2983 me
792 2919 871 2984 haec
897 2930 967 2985 vest
967 2921 994 2984 ri
955 2921 1075 2985 tad·
1095 2946 1107 2987 ι

41 3006 190 3085 madi
221 3034 317 3079 causa
347 3013 513 3100 magnifice
539 3013 626 3123 loqui
652 3014 719 3080 exis
721 3016 822 3094 timet,
855 3017 969 3125 ipsum·
987 3017 1077 3082 aliter

41 3104 151 3170 :mimo
176 3106 338 3173 adfectum
362 3130 445 3175 esse.
484 3107 603 3175 licuit·
594 3133 627 3173 ιιι
649 3108 854 3196 Hispaniam,
882 3112 1109 3218 provinciama

10 3226 17 3287 g
61 3216 162 3279 meam,
188 3223 254 3286 quo
277 3201 340 3267 iam
361 3201 523 3287 prefectus
545 3224 648 3282 eram,
676 3225 748 3268 cum
771 3204 910 3268 exercitu
931 3205 977 3268 ire
994 3226 1075 3282 meo,

10 3302 44 3385 ι.
58 3289 106 3357 ubi
120 3305 150 3360 et
166 3295 296 3361 stanam
313 3297 435 3363 consilii
451 3297 636 3406 participem
649 3320 687 3364 ac
702 3298 832 3384 periculi
846 3298 967 3362 socium
979 3297 1077 3363 habe-

10 3388 19 3457 l
40 3405 128 3465 ιοιιι,
153 3399 185 3454 οι
206 3388 445 3456 Hasdrubalem
466 3391 570 3476 potius
594 3413 689 3475 quam
706 3391 919 3459 Hannibalem
941 3393 1075 3472 hostem,

10 3483 248 3551 eminerem
265 3484 351 3551 haud
368 3485 463 3551 dubie
480 3485 595 3551 melem
608 3486 696 3552 belli:
715 3495 835 3563 temen,
855 3509 926 3553 cum
940 3499 1028 3573 praet
1029 3511 1077 3553 er·
1095 3508 1109 3553 ι

10 3566 40 3643 l
59 3574 175 3643 veheret
191 3577 328 3645 navibus
347 3575 470 3645 Galliae
487 3601 589 3659 οιοιιι,
612 3581 654 3646 ad
671 3580 788 3646 famam
806 3581 900 3646 huius
922 3581 1053 3646 hostis
1044 3606 1077 3649 ιιι

10 3666 39 3747 l
52 3676 160 3739 'baum
181 3695 331 3761 egressus
353 3674 527 3760 praemisso
549 3674 691 3759 equitatu
712 3675 754 3740 ad
775 3674 966 3741 Rhodanum
991 3678 1078 3742 movi

10 3776 157 3875 prasus.
193 3769 333 3854 equestri
353 3769 487 3856 proelio,
514 3792 577 3854 qua
598 3779 687 3855 parte
709 3770 870 3855 copiarum
892 3773 1078 3839 conserenda
1095 3795 1112 3840 4

10 3880 36 3985 p
28 3881 174 3929 nanum
199 3863 328 3930 fortuna
348 3865 423 3931 data
443 3873 506 3943 est,
533 3864 606 3930 host
594 3874 657 3929 tem
680 3865 763 3944 fudi3
790 3866 876 3951 pedit
877 3888 930 3930 um
951 3891 1076 3955 agmen,

26 3959 130 4042 qued
137 3958 330 4104 indupcdum
347 3959 535 4047 fugientium
552 3969 622 4044 rapt
622 3959 666 4023 im
679 3960 840 4048 agebatur,
859 3961 934 4046 quia
945 3964 1078 4048 adsequi

94 4060 136 4104 lio
196 4088 203 4102 ·
235 4091 242 4103 .
888 4061 905 4115 3
