2528 4514
309 247 426 303 LIBER
444 247 585 317 XXVIII,
604 248 646 302 26.
656 248 697 302 27.
718 253 757 318 [a.
768 247 797 305 C.
807 251 871 320 206]
939 330 942 335 Ι
1042 240 1107 304 413

85 407 256 495 nncipum
279 405 441 471 seditionis
465 406 551 470 edita
573 416 660 485 sunt,
686 418 723 472 ut
744 429 799 472 eos
821 430 879 493 per
900 408 1031 474 idoneos
1050 409 1141 480 ho·s

85 506 171 570 ines
201 501 344 588 benigno
366 501 456 566 vultu
482 522 520 566 ac
542 525 687 567 sermone
709 502 742 566 in
764 502 937 589 hospitium
957 504 1105 571 invitatos

85 599 262 687 >pitosque
284 596 358 661 vino
381 595 546 662 vincirent.
590 596 676 661 haud
696 598 807 683 procul
828 598 893 662 iam
912 595 1106 687 Carthagine
1127 621 1141 666 7

85 695 222 770 borant,
246 713 318 756 cum
335 712 377 756 ex
393 689 495 755 obviis
514 690 669 768 anditum,
692 702 821 776 postero
839 692 890 757 die
908 716 1035 759 omnem
1052 718 1108 761 ex-

85 788 206 854 rcitum
226 807 300 850 cum
312 785 361 850 M.
372 782 482 850 Silano
500 785 533 849 in
550 785 732 851 Lacetanos
749 786 921 875 proficisci,
939 810 1004 853 non
1020 800 1107 854 metu

85 882 172 960 mni,
203 880 261 964 qui
287 879 400 944 tacitus
428 880 587 944 insidebat
612 879 740 958 animis,
775 879 921 946 liberavit
942 905 1012 961 eos,
1051 884 1108 949 sed

85 977 229 1044 tetitiam
246 974 408 1060 ingentem
425 974 514 1052 fecit,
544 975 628 1059 quod
650 975 752 1061 magis
770 974 908 1041 babituri
926 976 1029 1042 solnm
1049 978 1108 1043 im-

86 1082 257 1138 eratorem
274 1091 369 1154 quam
385 1067 448 1155 ipsi
465 1069 563 1134 futuri
580 1069 613 1132 in
630 1079 788 1155 potestate
806 1069 874 1136 eius
893 1081 1010 1136 essent
1047 1073 1106 1136 sub
1125 1091 1140 1139 8

86 1189 226 1232 ccasum
246 1163 321 1230 solis
339 1164 451 1230 urbem
467 1164 604 1250 ingressi
627 1175 702 1229 sunt
719 1166 953 1250 exercitumque
972 1166 1107 1231 alterum

85 1271 242 1328 arantem
268 1258 374 1324 omnia
399 1259 441 1324 ad
464 1258 526 1324 iter
551 1259 708 1325 viderunt.
757 1261 881 1346 excepti
907 1262 1104 1328 sermonibus
1124 1280 1139 1329 9

85 1356 106 1423 le
132 1354 300 1421 industria
325 1352 523 1440 compositis,
551 1354 670 1419 laetum
692 1365 966 1441 opportunumque
989 1356 1107 1421 adven·

85 1472 136 1516 um
156 1472 272 1516 eorum
288 1447 471 1534 imperatori
488 1470 570 1527 esse,
589 1449 675 1532 quod
688 1450 747 1514 sub
761 1448 865 1536 ipsam
877 1450 1106 1536 profectionem

85 1544 204 1613 lterius
225 1543 381 1610 exercitus
400 1543 576 1622 venissent,
599 1565 732 1630 corpora
750 1554 869 1609 curant.
914 1546 954 1609 ab
972 1545 1104 1611 tribunis
1125 1565 1157 1612 10

85 1639 137 1709 ine
156 1640 227 1706 ullo
243 1638 379 1704 tumultu
393 1649 537 1705 auctores
552 1637 725 1716 seditionis,
743 1662 802 1725 per
814 1639 946 1705 idoneos
960 1639 1104 1707 homines

85 1734 219 1802 erducti
245 1733 279 1798 in
304 1733 455 1820 hospitia,
481 1733 660 1821 comprensi
686 1755 723 1798 ac
745 1733 842 1798 vincti
865 1744 948 1800 sunt.
998 1734 1105 1821 vigilia
1125 1756 1155 1802 11

85 1842 187 1912 marta
212 1828 441 1916 impedimenta
470 1828 646 1907 exercitus,
682 1828 772 1894 ouius
801 1828 1007 1894 simulabatur
1035 1828 1105 1907 iter,

85 1924 235 1993 troficisci
256 1946 403 2010 coepere,
431 1924 492 1989 sub
513 1923 617 1989 lucem
640 1925 732 2012 signa
758 1935 845 1990 mota
866 1936 899 1991 et
920 1926 961 1991 ad
981 1935 1107 2012 portam

85 2031 234 2088 'etentnm
260 2042 376 2106 agmen
401 2019 611 2104 custodesque
639 2020 722 2084 circa
743 2042 852 2085 omnes
874 2030 983 2107 portas
1005 2020 1105 2099 missi,

85 2135 113 2183 te
132 2116 208 2200 quis
232 2115 310 2179 urbe
332 2115 542 2200 egrederetur.
591 2115 695 2180 vocati
717 2114 830 2180 deinde
861 2115 902 2179 ad
928 2115 1106 2181 contionem
1126 2135 1156 2180 12

85 2211 125 2292 [ui
151 2209 258 2297 pridie
282 2221 447 2286 venerant,
474 2209 620 2274 ferociter
645 2209 679 2273 in
700 2208 805 2274 forum
827 2208 868 2272 ad
889 2208 1026 2274 tribunal
1046 2209 1106 2272 im·

85 2305 246 2383 aratoris,
264 2315 299 2370 ut
315 2304 397 2369 ultro
416 2304 553 2369 territuri
570 2303 882 2380 succlamationibus,
905 2313 1104 2367 concurrunt.

85 2399 169 2466 imni
187 2410 221 2464 et
237 2399 408 2486 imperator
428 2399 462 2463 in
480 2398 616 2465 tribunal
639 2399 779 2465 escendit
801 2411 833 2463 et
849 2398 970 2462 reducti
992 2398 1104 2463 armati
1125 2415 1156 2463 13

85 2494 212 2583 ,portis
230 2494 343 2558 inermi
360 2494 497 2559 contioni
516 2516 550 2558 se
569 2493 610 2558 ab
627 2504 717 2579 tergo
735 2492 1009 2558 circumfuderunt.
1036 2503 1104 2556 tum
1124 2509 1157 2556 14

85 2589 177 2655 »mnis
195 2588 316 2654 ferocia
333 2588 470 2654 concidit
487 2599 532 2666 et,
555 2599 590 2653 ut
606 2599 719 2675 postea
735 2588 928 2666 fatebantur,
956 2586 1035 2651 nihil
1052 2610 1106 2652 ae-

85 2706 135 2768 [ne
162 2707 220 2751 eos
247 2684 356 2749 terruit
382 2706 478 2767 quam
503 2694 628 2770 praeter
655 2706 745 2770 spem
766 2684 862 2748 robur
884 2693 916 2748 et
937 2682 1023 2748 colos
1045 2682 1106 2746 im-

85 2779 247 2856 ›eratoris,
266 2800 361 2862 quem
378 2779 538 2844 adfectum
555 2779 679 2844 visuros
694 2777 905 2856 crediderant,
923 2777 1103 2862 vultusque,

85 2873 202 2957 {nalem
223 2895 265 2937 ne
285 2872 319 2937 in
337 2873 402 2938 acie
421 2873 547 2957 quidem
570 2873 697 2938 aiebant
717 2872 909 2938 meminisse·
955 2873 1037 2938 sedit
1058 2883 1106 2937 ta
1125 2887 1156 2934 15

85 2969 155 3035 itus
173 2967 350 3055 paulisper,
378 2967 478 3034 donec
495 2968 672 3033 nuntiatum
691 2978 753 3044 est,
781 2966 932 3033 deductos
950 2967 984 3032 in
1000 2967 1107 3033 forum

85 3074 222 3129 uetares
241 3061 403 3128 seditionis
422 3073 453 3128 et
470 3074 581 3148 parata
598 3061 704 3127 omnia
721 3084 803 3126 esse.

137 3155 292 3224 XXVII.
337 3156 422 3223 Tum
440 3157 564 3224 silentio
581 3179 638 3243 per
660 3177 848 3243 praeconem
870 3155 954 3219 facto
971 3153 1016 3217 ita
1033 3175 1105 3219 coe-
1124 3171 1137 3216 1

85 3250 136 3335 sit:
160 3257 348 3334 ‘numquam
364 3250 442 3315 mibi
460 3251 639 3316 defuturam
652 3251 839 3326 orationem,
858 3270 920 3331 qua
933 3247 1105 3312 exercitum

85 3369 181 3413 neum
200 3346 400 3430 adloquerer,
427 3345 559 3424 credidi,
586 3369 650 3411 non
672 3368 735 3429 quo
758 3343 855 3408 verba
875 3364 1026 3425 umquam
1047 3359 1138 3428 po-2

85 3440 254 3524 inaquam
274 3463 326 3506 res
350 3440 557 3518 exercuerim,
586 3440 642 3505 sed
665 3439 739 3523 quia
760 3460 858 3525 prope
881 3436 1051 3524 apueritia
1070 3437 1105 3500 in

85 3535 188 3601 astris
215 3534 342 3601 habitus
370 3535 537 3600 adsueram
566 3532 753 3599 militaribus
784 3531 938 3619 ingeniis3
975 3531 1016 3595 ad
1045 3547 1138 3596 voss

85 3650 169 3714 quem
191 3629 386 3694 admodum
411 3629 536 3712 loquar,
568 3650 627 3693 nec
649 3627 815 3693 consilium
835 3647 895 3691 nec
912 3624 1011 3691 oratio
1030 3647 1105 3711 sup-

85 3722 210 3802 mditat,
241 3744 321 3807 qnos
343 3746 384 3790 ne
406 3745 469 3807 quo
491 3723 617 3788 nomine
640 3722 767 3805 quidem
789 3721 948 3807 appellare
971 3720 1104 3784 debeam

85 3817 149 3884 uio.
195 3817 303 3884 cives?
324 3817 379 3901 qui
396 3841 416 3882 a
432 3817 536 3904 patria
552 3827 658 3882 vestra
680 3815 840 3893 descistis,
854 3851 898 3862 —-
911 3837 952 3878 an
969 3812 1104 3878 milites?
1122 3833 1139 3878 4

85 3911 127 3997 qui
151 3912 322 3999 imperium
349 3912 586 3999 auspiciumque
613 3910 781 3988 abnuistis,
818 3908 1007 3974 sacramenti
1031 3907 1105 3973 reli-

85 4006 201 4095 gionem
212 4005 539 4095 rupistisr-hostis?
557 4028 697 4093 corpora,
711 4028 776 4084 ora,
786 4004 946 4082 vestitum,
961 4003 1106 4069 habitum
