2566 4538
125 240 189 309 126
351 251 720 323 Lmasxmaem
739 253 924 325 [aaaron
963 258 967 263 ·

91 413 302 491 svincemur,
327 434 424 497 quam
445 432 530 476 nunc
546 432 621 475 cum
636 408 793 476 ducimus
814 411 871 477 dat
886 412 1006 479 nemo?
1034 435 1113 502 ego,
1136 438 1152 481 ι

124 509 197 595 quis
222 508 264 575 de
287 529 368 594 pace
392 506 537 573 consulet
565 527 625 571 sen
653 505 826 571 deferenda
849 505 1001 575 hostibus
1029 530 1090 575 seu
1114 530 1152 577 ac

125 603 283 690 cipienda,
309 601 412 668 habeo
433 600 511 686 quid
535 600 709 666 sententiae
734 601 852 666 dicam:
883 602 914 667 si
939 601 982 669 de
1004 601 1059 669 his
1083 624 1152 689 quat

124 698 225 785 Mago
241 696 382 783 postulat
396 695 536 772 refertis,
558 716 619 761 nec
634 692 806 761 victoribus
823 695 907 761 mitti
923 696 1072 763 adfinere
1086 706 1152 784 putu

125 806 157 859 et
182 789 406 857 tranantibus
432 811 491 855 nos
517 788 600 854 falsa
624 799 719 873 atque
740 788 828 855 inani
848 812 907 876 ape
932 790 1038 857 multo
1058 791 1152 861 mium

126 907 241 953 censeo
257 883 412 951 mittenda
427 881 522 949 esse'.

92 993 108 1041 6
189 978 281 1045 Haut
297 977 414 1043 multos
432 977 533 1042 movit
547 975 719 1042 Hannonis
735 977 850 1055 oratio,
872 1000 949 1043 nam
966 987 1002 1044 et
1018 977 1152 1061 simulta¹

125 1097 199 1141 cnm
215 1073 336 1139 familia
351 1071 490 1137 Barcina
509 1071 661 1137 leviorem
680 1082 842 1137 auctorem
862 1071 1004 1138 faciebat
1020 1082 1054 1140 et
1069 1068 1152 1147 oon-¹

124 1168 192 1254 pati
207 1167 305 1233 animi
321 1166 479 1252 praesenti
499 1165 620 1231 laetitia
639 1165 732 1243 nibil,
758 1187 822 1250 quo
839 1166 953 1232 vanius
975 1167 1068 1235 fieret
1080 1190 1137 1257 gu·

124 1264 212 1329 dium
226 1285 330 1339 snum,
347 1259 477 1327 auribus
490 1258 707 1338 admittebant,
722 1259 980 1346 debellatumque
992 1284 1070 1329 mox
1079 1260 1136 1343 sm,

91 1380 105 1426 ι
125 1360 154 1425 si
170 1357 269 1425 adniti
285 1356 417 1443 paulum
433 1355 622 1434 voluissent,
638 1354 797 1421 rebantur.
822 1357 931 1440 itaque
946 1355 1071 1443 ingenti
1085 1352 1152 1443 copel,

126 1476 223 1521 sensu
238 1451 275 1517 lit
292 1460 422 1517 senatus
439 1449 634 1529 consultum,
659 1458 696 1515 ut
712 1448 887 1515 Hannibali
903 1460 1056 1535 quattuor
1073 1435 1152 1525 ὦ]

123 1547 333 1615 Numidarum
353 1546 387 1611 in
408 1545 662 1631 supplementum
683 1546 880 1611 mitterentm
901 1555 934 1611 et
949 1546 1152 1635 qnadraginta:

90 1661 106 1711 8
125 1641 282 1728 elephanti
291 1652 323 1707 et
333 1637 448 1727 [mille]
458 1641 580 1728 augenti
588 1640 718 1719 talenta,
731 1640 1152 1731 dictatorquecanagu.s

123 1738 157 1803 in
173 1736 365 1823 Hispaniam
381 1736 575 1822 praemissus
593 1735 701 1801 estad
717 1735 922 1801 conducenda
942 1737 1060 1824 viginti
1074 1734 1152 1817 ὤ]

123 1832 280 1918 peditum,
297 1840 446 1915 quattuor
462 1831 619 1915 equitnm,
637 1829 753 1915 quibus
770 1830 937 1909 exercitus,
956 1831 1014 1915 qui
1027 1824 1152 1899 inlati*

124 1925 242 2009 quique
258 1925 291 1990 in
307 1924 467 2011 Hispania
483 1934 586 2003 erant,
605 1923 834 2012 supplerentur.

91 2030 105 2076 1
187 2018 307 2087 XIIII.
344 2016 496 2093 Oetenum
511 2019 605 2098 haec,
623 2020 709 2084 utin
727 2018 873 2085 secundis
890 2017 1004 2099 rebus,
1023 2019 1141 2109 aegritu

124 2114 287 2199 otioseque
311 2123 413 2202 gesta
465 2114 629 2181 Βοωιιιοι
660 2122 785 2200 praeter
813 2113 941 2178 insitam
972 2113 1139 2187 industrism

124 2207 237 2275 animis
255 2208 381 2275 tortum
393 2208 489 2275 etiarn
501 2208 641 2274 cunmri
652 2205 849 2294 prohibebat
883 2230 959 2273 nam
976 2204 1141 2275 necennsul

89 2321 105 2369 ι
124 2302 181 2369 ulli
196 2303 257 2382 rei,
283 2326 365 2389 quae
382 2326 439 2391 per
460 2326 534 2371 eum
555 2303 680 2390 agenda
696 2312 796 2380 esset,
822 2301 944 2381 deerat,
973 2312 1007 2369 et
1026 2303 1142 2369 dictatu

123 2397 172 2465 M.
189 2397 301 2465 Iunius
319 2398 404 2466 Pera
423 2397 520 2465 rebus
542 2397 657 2463 divinis
674 2395 824 2482 persentis
845 2396 988 2482 latoque,
1015 2406 1052 2463 ut
1067 2393 1142 2473 sote,

123 2494 166 2559 ad
190 2494 357 2580 populum,
384 2502 420 2559 ut
445 2515 562 2577 equum
584 2492 752 2558 escendere
778 2491 899 2570 liceret,
929 2502 1058 2578 praeter
1076 2490 1148 2557 duas

123 2586 261 2655 urbanas
283 2588 439 2675 legiones,
467 2608 549 2672 quae
569 2586 723 2673 principio
744 2585 819 2651 anni
840 2609 860 2651 a
877 2584 1063 2652 consulibus
1082 2606 1152 2651 eon·

89 2682 260 2768 ascriptae
286 2682 424 2761 fuerant,
461 2693 492 2749 et
518 2703 681 2748 servorum
707 2681 857 2747 dilectum
884 2680 1092 2766 cohortesque
1112 2694 1152 2745 et

124 2799 201 2863 agro
214 2776 333 2843 Piceno
351 2787 383 2843 et
397 2775 522 2844 Gallico
536 2776 694 2843 conlectus
712 2777 753 2842 ad
766 2775 913 2841 ultimum
929 2798 1030 2862 prope
1046 2775 1152 2861 deapt-

123 2880 210 2937 ratae
226 2872 272 2937 rei
288 2870 434 2958 publicae
451 2872 618 2951 auxilium,
642 2893 715 2937 cum
731 2871 866 2937 honesta
881 2870 1013 2938 utilibus
1031 2870 1152 2945 cedunt,

125 2965 288 3032 descendit
312 2967 487 3052 edixitque,
514 2966 571 3051 qui
592 2965 759 3052 capitalem
781 2966 926 3032 fraudem
948 2966 1020 3032 ausi
1040 2965 1152 3051 quique

124 3060 277 3146 pecuniae
297 3061 427 3130 iudicati
448 3061 481 3127 in
502 3060 637 3127 vincuhs
659 3069 779 3139 essent,
807 3061 862 3144 qui
883 3082 993 3127 eornm
1020 3070 1096 3147 aput
1114 3074 1151 3125 ιο

124 3154 239 3223 milites
264 3155 388 3234 fierent,
429 3178 483 3223 eos
509 3178 595 3222 noxa
619 3156 816 3243 pecuniaque
841 3176 913 3222 sese
939 3155 1064 3223 exsolvi
1090 3154 1149 3223 iu·

89 3266 107 3313 4
125 3272 242 3317 surum.
287 3273 326 3317 ea
355 3274 413 3317 sex
441 3250 529 3318 milia
557 3250 721 3317 bominum
749 3247 880 3317 Gallicis
911 3249 1041 3335 spoliis,
1075 3262 1145 3335 quat

124 3344 282 3431 triumpho
300 3344 339 3410 Ο.
357 3344 494 3411 Flamini
514 3345 628 3411 tralata
649 3354 750 3424 erant,
781 3344 928 3422 armavit,
955 3345 1065 3428 itaque
1084 3358 1142 3409 mn

124 3436 236 3525 viginti
252 3439 391 3524 quinque
407 3438 536 3506 milibus
554 3449 746 3506 armatorum
762 3438 804 3506 ab
822 3437 900 3505 urbe
916 3437 1126 3524 proficiscitur.

90 3546 106 3596 o
188 3531 352 3601 Hannibal
370 3531 484 3620 Capua
503 3542 631 3620 recepta
652 3554 725 3601 oum
746 3533 860 3600 iterum
877 3532 1139 3619 Neapolitanam

124 3628 247 3695 animos
268 3627 382 3714 partim
404 3650 475 3715 spe,
502 3629 618 3715 partim
639 3638 728 3695 metu
747 3628 939 3714 nequiquam
961 3632 1152 3715 temptanti

90 3722 157 3790 sin
178 3745 289 3809 agrum
306 3721 465 3791 Nolanum
487 3723 659 3790 exereitum
680 3722 828 3802 traducit,
859 3732 895 3788 ut
916 3745 983 3791 nou
1002 3721 1141 3791 hesdra

124 3816 244 3895 statim,
266 3817 422 3902 quianon
439 3816 628 3904 desperabat
644 3817 853 3885 voluntariam
869 3817 1079 3897 deditionem,
1102 3814 1143 3891 ia

125 3911 153 3975 si
178 3922 372 3979 morarentur
398 3936 501 4000 spem,
529 3913 607 3978 nihil
634 3935 742 3979 eorum
767 3933 849 3997 quae
874 3912 941 3997 pati
966 3921 1024 3978 aut
1049 3912 1146 3979 timeo

90 4015 253 4091 tpossent
278 4007 567 4094 praetermissum.
622 4016 750 4075 senatus
776 4029 815 4073 ao
839 4006 978 4073 maxime
1004 4006 1147 4094 primore
