2528 4514
195 179 239 282 24
427 224 545 281 arnna
563 223 646 295 xm,
665 174 786 279 aa-ao]
807 219 992 292 [auseae]

57 448 61 457 ,
145 409 177 457 12
197 387 340 452 excidere
360 383 453 448 etiam
472 383 647 449 saeuientes
665 381 792 465 quidam
809 380 842 443 iu
859 379 991 459 flumen,
1016 379 1073 445 sed
1091 379 1230 471 pondere·

194 481 264 566 ipso
288 477 416 545 stabiles
440 476 569 541 deiectis
592 475 765 542 rectoribus
787 474 974 558 quaerendis
1000 474 1225 563 pedetemptim

195 574 284 639 vadis
302 574 335 637 in
354 581 468 636 terram
487 592 624 636 evasere.
1217 578 1221 587 '
1242 594 1245 649 j

162 690 174 736 1
259 664 445 731 XXVIIII.
473 664 562 729 Dum
580 663 737 749 elephanti
754 662 946 741 traiciuntur,
965 662 1094 730 interim
1105 662 1239 731 Henna-

195 759 247 827 bal
255 759 287 825 N
287 760 409 825 umidas
424 759 545 842 equites
559 759 747 844 quingentos
762 757 804 822 ad
821 765 924 823 castra
935 757 1085 824 Romana
1101 754 1235 827 miseral-

196 853 405 940 speculatum,
423 853 478 917 ubi
496 862 527 917 et
545 862 681 935 quantae
694 851 803 936 copiae
817 860 922 916 essent
935 860 967 916 et
980 851 1057 936 quid
1071 850 1223 938 pararent

161 947 268 1017 ahuio
294 948 362 1013 alae
388 947 528 1031 equiturn
553 946 658 1024 missi,
685 954 720 1010 ut
746 954 816 1011 ante
843 946 962 1011 dictum
989 955 1051 1025 est,
1080 947 1123 1013 ab
1148 946 1227 1015 ostio

194 1041 342 1108 Rhodani
361 1042 489 1107 trecenti
502 1040 718 1106 Romanorum
736 1041 856 1124 equites
871 1050 1046 1106 occurrunt
1074 1038 1219 1127 proelivn'

161 1156 176 1202 3
196 1137 331 1202 atrocius
350 1158 445 1220 quam
463 1157 520 1220 pro
537 1157 668 1200 numero
685 1134 892 1220 pugnantium
912 1135 1022 1201 editur.
1050 1158 1128 1202 nam
1139 1150 1185 1223 p'
1196 1138 1211 1190 '¹-

195 1241 242 1297 ter
263 1231 362 1296 multa
383 1230 513 1295 vulnera
535 1230 647 1295 caedes
671 1229 765 1294 etiam
786 1251 884 1315 prope
905 1252 963 1315 par
980 1231 1141 1316 utrimque
1158 1230 1221 1313 fuiti

193 1326 334 1413 fugaque
366 1335 397 1390 et
427 1346 526 1410 pavor
550 1323 758 1388 Numidarum
784 1323 936 1389 Romanis
966 1323 1030 1389 iarn
1057 1327 1186 1393 admod
1201 1357 1219 1381 a

194 1419 288 1485 sessis
307 1418 470 1483 victoriam
489 1417 583 1482 dedit.
615 1418 750 1483 victores
768 1417 809 1482 ad
828 1429 953 1483 eentum
972 1420 1220 1506 sexaginta,

195 1536 304 1580 omnes
321 1512 472 1590 Romani,
492 1513 549 1577 sed
566 1535 638 1598 pars
659 1509 836 1590 Gallorum,
855 1512 930 1578 victi
948 1513 1085 1599 amplius
1103 1515 1175 1580 dut·

161 1634 178 1680 4
196 1610 382 1677 cecideruut.
418 1607 479 1672 hoc
501 1606 688 1692 principium
712 1606 804 1671 simul
823 1627 978 1691 omenque
995 1607 1072 1674 belli
1088 1618 1127 1675 ut
1143 1632 1171 1674 s·
1187 1620 1214 1664 a?

194 1726 265 1770 mae
281 1725 386 1769 rerum
403 1723 587 1788 prosperum
606 1711 768 1778 eventum,
786 1700 831 1765 ita
844 1701 929 1767 haud
944 1724 1019 1767 sane
1032 1703 1182 1769 incruent

195 1797 401 1882 ancipitisque
420 1794 597 1860 certaminis
615 1795 776 1860 victoriam
793 1794 946 1881 Romanis
964 1797 1133 1882 portendit
1162 1794 1166 1801 ’
1203 1790 1215 1839 ·'

162 1914 178 1962 5
260 1889 309 1956 Ut
325 1912 359 1954 re
377 1889 422 1954 ita
438 1899 529 1975 gesta
548 1890 588 1954 ad
605 1900 771 1974 utrumque
785 1889 897 1956 ducem
912 1891 961 1956 sui
974 1890 1149 1971 redierunt,
1220 1959 1223 1962 ,

197 1983 339 2070 Scipioni
357 1993 440 2048 stare
459 1983 612 2047 sententia
628 1994 764 2069 poterat,
787 1984 848 2048 nisi
865 1994 902 2048 ut
919 2006 958 2048 ex
977 1985 1117 2052 consiliis
1160 2009 1207 2043 aar

164 2101 178 2148 e
196 2079 299 2162 tisque
316 2076 416 2142 hostis
435 2076 555 2162 etipse
579 2088 709 2143 conatus
733 2088 871 2164 caperet,
899 2089 931 2143 et
946 2077 1163 2146 Hannibalem

196 2181 329 2248 eertum,
349 2182 453 2235 utrum
471 2181 617 2257 coeptum
634 2172 666 2236 in
684 2171 809 2236 Italiam
825 2173 1002 2238 intenderet
1018 2173 1080 2238 iter
1097 2198 1137 2240 an
1154 2172 1224 2240 cml·

195 2287 246 2342 eo,
273 2265 327 2348 qui
349 2265 468 2350 primus
493 2288 527 2330 se
550 2265 715 2331 obtulisset
731 2265 894 2332 Romanus
918 2266 1090 2346 exercitus,
1114 2268 1227 2334 maruli
1243 2343 1246 2348 „

194 2371 385 2438 consereret,
409 2361 522 2425 avertit
539 2383 558 2425 a
575 2359 732 2445 praesenti
751 2360 919 2425 certamine
935 2360 1090 2426 Boiorum
1108 2362 1246 2450 legato'·

193 2475 262 2520 rum
285 2455 448 2543 regulique
470 2453 592 2542 Magali
615 2455 783 2533 adventus,
811 2455 865 2539 qui
888 2476 922 2520 se
944 2456 1041 2521 duces
1068 2455 1230 2535 itinerum..

194 2550 297 2615 socios
327 2548 458 2635 periculi
488 2548 556 2614 fore
582 2547 781 2613 adfirmantes
809 2549 930 2636 integro
958 2549 1042 2615 bello
1068 2556 1223 2641 nusquam

160 2666 174 2712 7
194 2653 266 2708 ante
283 2642 387 2709 libatis
405 2643 524 2708 viribus
544 2641 667 2707 Italiam
685 2642 929 2728 adgrediendam
947 2652 1086 2709 censent.
1122 2644 1217 2710 mulh'i

193 2736 270 2801 tudo
288 2735 418 2801 timebat
436 2737 563 2819 quidem
581 2737 704 2802 hostem
722 2737 860 2801 nondum
880 2736 1057 2803 oblitterata
1074 2738 1216 2806 memorii

195 2829 363 2914 superioris
381 2828 470 2909 belli,
496 2831 552 2895 sed
570 2831 670 2918 magis
688 2830 749 2896 iter
764 2830 941 2896 inmensum
959 2830 1139 2918 Alpesque,
1158 2846 1215 2899 rent
1241 2867 1242 2870 ¹

194 2923 280 2987 fama
297 2923 404 3007 utique
421 2924 590 3010 inexpertis
609 2925 811 3003 horrendam,
831 2923 998 2991 metuebat.
1237 2983 1239 2988 ,

162 3041 173 3088 1
258 3016 377 3083 XXX.
405 3018 516 3103 Itaque
525 3019 696 3098 Hannibal,
715 3028 882 3105 postquam
895 3020 957 3105 ipsi
972 3021 1128 3086 sententia
1139 3018 1213 3087 stadt
1229 3037 1236 3094 a,

194 3133 326 3199 pergere
346 3112 392 3177 ire
410 3122 503 3196 atque
520 3113 643 3177 Italiam
662 3124 781 3199 petere,
806 3113 958 3178 advocata
976 3112 1122 3180 contione
1138 3128 1233 3192 vemt*¹

160 3205 328 3275 amilitum
346 3216 451 3272 versat
469 3207 588 3271 animos
612 3207 794 3293 castigando
819 3206 1092 3291 adhortandoque:
1118 3202 1230 3279 mirari:

195 3322 243 3378 se,
270 3301 398 3384 quinam
420 3309 546 3389 pectora
570 3322 692 3387 semper
713 3301 872 3386 impavida
889 3322 1002 3386 repens
1020 3308 1121 3368 terror
1136 3298 1228 3369 iuva.¹

194 3393 277 3457 serit.
317 3415 374 3478 per
395 3403 441 3459 tot
463 3417 560 3459 annos
583 3394 735 3461 vincentis
754 3416 807 3460 eos
827 3394 981 3480 stipendia
998 3394 1106 3466 facere
1122 3412 1214 3481 neque
1241 3477 1249 3488 ί

194 3494 266 3552 ante
279 3487 437 3573 Hispania
450 3488 624 3553 excessisse
638 3511 732 3572 quam
746 3509 854 3554 omnes
872 3497 1046 3574 gentesque
1063 3499 1097 3555 et
1114 3498 1214 3565 terme,
1235 3507 1244 3534 -’

194 3606 272 3667 quas
299 3583 361 3648 duo
389 3583 513 3648 diversa
534 3582 632 3646 maria
654 3583 889 3668 amplectantur,
914 3581 1227 3670 Carthaginiensium-

160 3687 307 3747 aessens.
352 3677 531 3763 indignatos
558 3677 688 3754 deinde,
716 3678 800 3762 quod
826 3679 1016 3762 quicumque
1044 3677 1218 3766 Saguntum

195 3770 392 3836 obsedissent
415 3771 500 3836 velut
522 3770 562 3835 ob
583 3792 699 3836 noxam
722 3770 782 3837 sibi
805 3772 878 3836 dedi
895 3772 1069 3858 postularet
1085 3771 1218 3860 populus

194 3865 369 3945 Romanus,
388 3864 544 3932 Hiberum
559 3864 717 3930 traiecisse
735 3866 776 3930 ad
793 3865 959 3931 delendum
977 3888 1094 3931 nomen
1106 3867 1221 3933 Roma·

159 3978 177 4026 4
193 3979 304 4023 norum
322 3958 579 4044 liberandumque
598 3957 704 4024 orbem
718 3969 878 4026 terrarum.
904 3968 972 4024 tum
986 3959 1106 4026 nemini
1120 3960 1222 4027 visum
