2528 4514
144 224 190 295 92
385 238 504 295 mana
520 235 621 306 xxn,
639 234 681 291 aa.
695 234 738 290 eo
759 232 942 306 [assota]

94 420 128 471 18
145 398 313 477 dentiores,
333 395 561 462 constantiores
573 415 636 459 nos
655 404 780 478 tempus
799 392 930 477 diesque
948 391 991 458 fa<

144 494 197 560 bel
219 503 328 559 eontra
350 493 384 556 in
401 489 517 569 aliena,
540 489 574 553 in
591 488 698 553 hostili
716 497 764 553 est
781 497 878 567 terra,
901 489 985 554 inter

143 588 227 653 mica
252 584 446 670 infestaque,
473 582 584 670 procul
605 582 647 649 ab
669 581 780 661 domo,
806 581 848 648 ab
870 582 986 669 patria,

144 694 226 747 terra
251 701 355 764 neque
381 679 460 745 mari
486 688 535 744 est
556 699 634 764 pax,
661 676 766 742 nullae
792 697 868 743 eum·
894 676 988 742 urbes

143 774 230 841 nulla
247 772 388 851 moenia,
406 771 484 837 nibil
502 793 636 856 usquam
655 770 704 837 sui
721 770 821 849 videt,
839 770 874 835 in
892 771 977 835 diem

96 890 129 939 14
145 878 268 956 partem
289 869 344 932 vix
365 867 489 935 tertiam
511 866 667 935 exereims
690 864 759 930 eius
776 864 886 944 babet,
909 887 991 951 quen

144 985 270 1030 amnem
292 963 426 1040 balant,
452 961 560 1049 plures
582 961 668 1026 fame
690 982 786 1046 quam
808 960 892 1026 ferro
919 959 991 1026 abst

95 1079 128 1130 15
145 1057 195 1124 his
220 1057 331 1144 pausis
358 1057 422 1125 iam
446 1057 567 1122 vietum
593 1055 783 1143 suppeditat.
828 1055 954 1121 dubitas
984 1079 991 1119 t

146 1153 285 1223 utendo
302 1152 479 1238 superaturi
497 1150 596 1217 simus
615 1172 687 1216 eum
710 1149 764 1234 qui
788 1160 931 1216 senescat
952 1150 986 1214 in

144 1256 353 1325 commestus,
380 1268 446 1312 non
469 1246 737 1332 supplementum,
764 1267 828 1310 non
854 1245 990 1331 pecunia

95 1362 127 1413 16
145 1363 241 1427 quam
259 1341 313 1406 diu
330 1362 389 1427 pm
407 1337 570 1418 Ger-eonii,
590 1338 711 1406 eastelli
728 1338 866 1425 Apuliae
883 1339 986 1425 inopis

96 1455 126 1505 1⁷
145 1459 202 1523 pro
222 1434 424 1523 Carthaginis
446 1434 612 1500 moenibus
637 1433 740 1500 sedetl
767 1455 808 1498 ne
830 1433 982 1500 adversus

145 1552 206 1617 ego
228 1528 399 1618 gloriabor:
428 1527 488 1594 Cn.
509 1526 663 1595 Servilius
686 1538 780 1613 atque
798 1526 930 1605 Atilius,
953 1549 991 1614 pr

146 1623 244 1702 aulea,
270 1623 343 1688 vido
365 1644 460 1707 quem
487 1622 684 1688 admodum
710 1643 784 1687 eum
809 1621 961 1686 ludificati
988 1648 991 1685 r

145 1741 210 1783 una
228 1718 338 1784 salutis
352 1727 401 1783 est
414 1717 481 1796 via,
499 1718 541 1782 L.
551 1715 667 1795 Paule,
686 1738 782 1802 quam
796 1715 958 1780 difficilem
972 1717 991 1780 ir

96 1830 127 1881 re
146 1813 232 1878 eires
251 1811 308 1877 tibi
326 1812 428 1899 magis
447 1832 542 1895 quam
556 1811 663 1878 hostes
677 1810 805 1877 sacient.
840 1811 926 1875 idem
941 1811 991 1875 eni

145 1906 284 1971 bostium
302 1905 418 1971 milites
431 1903 552 1984 volent,
570 1906 655 1970 idem
669 1904 771 1971 Varro
790 1904 901 1971 oonsul
913 1905 991 1970 Rom

144 2000 307 2073 Hannibal
321 2000 450 2066 Poenus
466 2001 636 2086 imperator
654 2001 768 2087 cupiet.
804 1998 928 2066 duobus
947 2001 991 2064 du

145 2096 275 2161 resistas
298 2104 429 2180 oportet.
465 2094 593 2160 resistes
616 2104 736 2173 autem,
764 2093 917 2160 adversus
940 2094 991 2158 fau

146 2211 260 2273 resque
277 2186 441 2253 bominum
459 2189 536 2254 satis
555 2189 583 2254 si
599 2188 708 2254 firmus
728 2188 866 2267 steteris,
887 2189 914 2252 si
927 2199 959 2252 te
972 2213 991 2252 n

96 2303 126 2352 19
146 2304 207 2371 gae
224 2305 306 2348 vana
323 2282 424 2369 gloria
441 2304 543 2366 neque
561 2292 617 2348 tua
634 2282 715 2348 falsa
732 2282 862 2347 infamia
885 2304 991 2348 morer

145 2388 209 2443 tem
244 2376 387 2443 laborare
422 2377 516 2442 nimis
552 2398 647 2463 saepe
682 2377 784 2455 aiunt,
821 2377 964 2464 extingui

93 2492 127 2541 20
143 2465 277 2560 gloriam
295 2472 349 2556 qui
369 2471 536 2558 spreverit,
554 2493 662 2536 reram
680 2470 819 2537 habebit.
857 2471 938 2548 sine,
963 2472 991 2535 ti:

145 2575 250 2644 cauto,
278 2565 403 2630 tardum
424 2587 482 2651 pro
505 2564 716 2642 oonsiderato,
744 2564 891 2630 inbellem
914 2587 972 2650 pro

145 2669 267 2725 vocent.
303 2658 388 2724 malo
411 2668 442 2724 te
466 2659 592 2745 sapiens
613 2657 714 2724 hostis
737 2668 858 2723 metuat
875 2681 972 2742 quam

145 2751 284 2818 laudent.
320 2752 426 2817 omnia
447 2753 616 2821 audentem
634 2762 813 2818 contemnet
830 2752 991 2819 Hannibal

94 2868 126 2916 21
146 2868 232 2912 mere
257 2854 404 2933 agentem
430 2855 557 2913 metuet.
602 2869 662 2912 nee
689 2868 749 2935 ego
778 2844 904 2934 [rogo]‚
941 2858 977 2911 ut

146 2951 210 3020 tur,
244 2941 301 3006 sed
325 2951 362 3004 ut
383 2950 529 3028 agentem
557 2951 587 3007 ta
609 2941 687 3007 ratio
710 2941 819 3020 ducat,
851 2964 915 3006 non
936 2942 991 3007 for

144 3035 312 3121 potestatis
332 3057 456 3122 semper
472 3046 508 3100 tu
526 3045 642 3120 tuaque
660 3035 766 3101 omnia
780 3036 856 3113 sint,
875 3046 991 3100 armatu

146 3151 208 3215 que
221 3130 266 3196 sis
279 3151 382 3215 neque
396 3131 554 3197 occasioni
568 3140 640 3195 tuae
654 3130 739 3196 desis
753 3151 856 3214 neque
875 3152 966 3194 suam
985 3154 991 3193 ι

94 3245 128 3295 22
146 3223 230 3291 hosti
256 3225 323 3290 des.
368 3225 474 3290 omnia
499 3247 563 3290 non
588 3223 768 3310 properanti
795 3223 880 3288 elara
906 3235 991 3289 certa

145 3318 305 3384 festinatio
322 3319 489 3405 inprovida
505 3328 554 3384 est
572 3328 603 3385 et
621 3317 734 3383 caeca?

113 3435 127 3482 1
210 3412 368 3480 XXXX.
404 3413 570 3479 Adversus
585 3434 623 3477 ea
636 3413 735 3478 oratio
749 3412 888 3479 consulis
902 3412 988 3477 haud

144 3507 219 3586 fuit,
238 3509 341 3597 magis
354 3506 482 3574 fatsnfis
497 3529 629 3592 eaquae
644 3509 761 3574 diceret
774 3529 959 3592 veroquam
973 3508 991 3570 fi

111 3622 226 3672 lesse.
267 3602 411 3668 diotatori
432 3602 618 3690 magistrum
646 3603 786 3686 equitum
812 3601 989 3667 intolerabil

146 3696 222 3781 quid
240 3696 360 3762 eonsuli
378 3696 531 3763 adversus
549 3696 715 3783 conlegam
730 3696 915 3763 seditiosum
930 3706 991 3760 aot

113 3791 259 3857 avirium
285 3800 379 3875 atque
403 3791 600 3857 'auctoritatis
631 3790 718 3856 sore?
754 3813 788 3856 se
819 3789 972 3877 populare

145 3883 249 3969 priore
276 3884 441 3951 consulatu
468 3881 643 3951 semustum
671 3884 836 3972 effugisse,
870 3895 991 3972 optare,

145 3998 296 4064 prospere
313 3980 469 4058 venirent3
493 3989 526 4045 at
543 3978 664 4066 siquid
682 3980 808 4048 adversi
826 3979 966 4058 caderet,
990 3980 991 4042 J
