2528 4514
145 240 209 307 306
378 251 497 309 LIBER
514 251 627 323 XXVI,
645 252 687 307 37.
701 252 743 307 38.
763 255 800 322 [a
811 270 838 309 u.
850 270 874 310 c.
883 253 948 324 544]

112 436 126 484 7
144 411 346 498 pudebatque
368 410 447 477 adeo
470 432 505 477 se
526 418 663 496 spretos,
689 419 724 475 ut
747 410 933 478 sedentibus
954 413 1029 499 ipsis
1048 412 1131 481 adllo

144 528 239 573 mana
254 505 380 573 moenia
396 505 458 573 aba
474 514 564 592 porta
581 504 736 570 exercitus
753 505 921 573 Romanus
938 506 973 573 in
988 506 1131 595 Hispania

111 601 319 672 aduceretur,
362 599 450 685 ipsae
476 621 600 685 quoque
622 599 811 686 Hispaniae,
842 623 908 684 quo
933 601 1055 689 propius
1073 622 1129 688 spu

144 703 295 763 venerant
312 694 407 759 tantis
425 693 548 761 duobus
571 693 707 761 ducibus
729 693 985 781 exercitibusque
1005 694 1129 763 mariad-

144 789 295 855 bellatum
316 787 361 854 ibi
382 810 420 855 ac
441 788 551 874 pulsos
573 789 647 855 inde
664 789 826 857 Romanos
849 811 936 868 esse,
963 810 1003 856 oo
1022 786 1127 877 plus,al

144 885 186 951 L.
205 883 327 951 Marcio
350 884 552 950 tumultuario
572 885 653 949 duce
676 885 718 951 ad
735 907 852 951 vanum
876 896 910 951 et
930 885 1052 952 inritum
1066 884 1129 951 viss

112 979 224 1047 ariam
248 979 408 1045 redaatam
435 1001 520 1058 esse,
551 979 774 1066 indignationis
799 979 1005 1065 praebebant.
1049 980 1125 1045 itam

145 1083 261 1159 quante
287 1073 414 1141 fortuna
444 1096 599 1160 suspensa
630 1074 736 1141 omnia
765 1074 909 1158 utrisque
939 1084 1026 1141 erant
1048 1073 1123 1157 lutat

145 1192 216 1256 sps,
239 1169 362 1256 integro
379 1178 479 1248 metu,
506 1169 593 1236 velut
609 1169 664 1235 illo
682 1179 822 1255 tempore
839 1169 980 1255 primum
996 1164 1121 1236 belluna

146 1266 293 1351 ciperent.

112 1382 125 1426 1
208 1356 416 1427 XXXVIII.
459 1357 674 1425 Hannibalem
695 1368 768 1425 ante
785 1359 893 1426 omnia
913 1357 1053 1447 augebat,
1071 1348 1120 1438 qd

146 1451 259 1541 Capua
279 1453 469 1541 pertinacius
492 1462 675 1540 oppugnata
695 1452 736 1519 ab
753 1453 908 1519 Romanis
928 1476 1021 1538 quam
1038 1447 1085 1517 det
1117 1475 1119 1510 τ

111 1569 126 1616 2
145 1548 185 1627 ab
203 1570 238 1614 se
255 1547 424 1615 multorum
441 1547 553 1615 Italiae
570 1548 757 1634 populorum
775 1548 898 1613 animos
916 1556 1063 1622 averterat,
1079 1576 1088 1595 ==
1116 1601 1117 1612 ,

144 1665 247 1727 neque
264 1643 367 1709 omnis
390 1653 494 1708 tenere
515 1642 696 1729 praesidiis,
723 1642 785 1708 nisi
806 1642 902 1709 vellet
923 1643 958 1708 in
973 1640 1087 1707 multas*

144 1759 264 1821 vasque
284 1736 382 1824 partis
405 1758 532 1822 carpere
558 1736 744 1815 exercitum,
771 1737 856 1820 quod
877 1737 1005 1802 minimo
1026 1745 1077 1799 am

28 1843 31 1850 '
144 1830 303 1916 pediebat,
329 1839 452 1916 poterat
472 1853 530 1896 nea
547 1829 690 1897 deductis
708 1830 873 1916 praesidiis
892 1832 961 1917 spei
976 1830 1082 1897 liberam

100 1936 128 2005 '3
146 1923 315 1991 obnoxiam
332 1923 435 1989 timori
454 1925 610 1990 sociorum
627 1924 805 2008 relinquere
826 1924 932 1991 fidem.
974 1913 1119 2021 ρηθοψἸ

145 2018 307 2085 avaritiam
325 2028 357 2084 et
373 2019 588 2085 crudelitatem
610 2019 734 2085 animm
752 2019 794 2084 ad
811 2020 976 2106 spolianda
996 2038 1062 2104 qnae
1078 2044 1082 2064 ¹
1098 2055 1109 2061 a

111 2135 126 2180 r
145 2112 308 2197 nequibat,
335 2125 371 2178 ut
391 2124 515 2180 vastata
535 2115 619 2180 hosti
640 2114 903 2198 relinquerentur,
930 2111 1076 2180 inclinavit
1117 2159 1118 2162 ,

144 2208 274 2275 foedum
292 2208 456 2274 consilium
474 2231 547 2274 cum
564 2209 702 2294 incepto,
722 2218 790 2274 tum
807 2209 903 2274 etiam
920 2210 1004 2274 exitu
1018 2205 1116 2305 stitit

145 2324 206 2387 que
225 2303 309 2368 onim
325 2303 457 2390 indigua
473 2304 659 2390 patientium
677 2304 770 2368 modo
792 2304 1041 2370 abalienabantur
1058 2327 1092 2354 ,a
1109 2323 1116 2338 ²

145 2397 201 2463 scd
223 2406 396 2463 ceterorum
419 2398 526 2463 etiam:
557 2399 674 2484 quippe
695 2399 737 2463 ad
757 2397 856 2485 pluris
879 2399 1046 2486 exemplum
1065 2423 1081 2448 ι]
1112 2443 1114 2446 -
1142 2402 1146 2449 Γ

110 2491 310 2577 aper[nicies
332 2491 529 2578 perltinebat.
581 2515 641 2558 neo
667 2493 778 2558 consul
798 2493 963 2559 Romanus
985 2504 1081 2558 temno
1111 2497 1113 2504 ”
1145 2498 1148 2508 “

111 2606 125 2652 o
145 2584 289 2663 urbibus,
318 2585 447 2651 sicunde
465 2608 537 2671 spes
556 2585 661 2668 aliqua
679 2609 713 2651 se
731 2587 935 2665 ostendisset,
962 2586 1059 2652 deerat
1096 2660 1102 2679 1
1138 2620 1142 2640 ;

143 2678 245 2763 lspiae
261 2679 418 2765 principes
437 2691 525 2745 erant
541 2680 662 2746 Dasius
680 2690 712 2745 et
729 2681 866 2746 Blattius
872 2707 881 2760 3
912 2681 1026 2747 Dasius
1048 2680 1081 2733 il
1136 2706 1148 2751 a

143 2770 208 2835 bali
225 2772 358 2850 amicus,
377 2773 527 2852 Blattius,
551 2784 702 2859 quantum
720 2796 760 2839 ex
777 2785 846 2840 tuto
862 2785 997 2861 poterat,
1018 2790 1066 2837 reu
1083 2768 1086 2782 '

143 2887 270 2930 manans
288 2865 416 2932 fovebat
437 2879 469 2933 et
490 2891 547 2955 per
568 2869 707 2934 occultos
728 2871 854 2935 nuntios
879 2893 969 2956 spem
988 2892 1007 2956 p
1025 2888 1078 2922 ··¹'
1104 2871 1109 2958 J
1131 2877 1148 2939 li

144 2957 262 3024 fecerat
282 2959 444 3028 Marcello.
493 2964 550 3028 sed
577 2965 644 3028 sine
671 2964 811 3030 adiutore
837 2964 942 3032 Dasio
965 2986 1012 3030 res
1037 2992 1042 3014 ¹
1068 2985 1075 3007 ¹¹
1091 2963 1141 3030 (r

112 3075 207 3120 anon
228 3064 359 3140 poterat.
403 3059 536 3123 multum
558 3081 596 3125 ac
618 3060 673 3124 diu
696 3069 875 3140 cunctatus,
902 3071 939 3127 at
955 3070 1015 3126 turn
1034 3074 1077 3151 q*¹⁴
1105 3089 1143 3118 2·

143 3149 245 3235 magis
268 3150 375 3237 inopia
396 3153 517 3218 consilii
538 3154 667 3239 potioris
691 3176 786 3238 quam
808 3176 865 3240 spe
887 3147 1078 3222 effectusll
1130 3155 1148 3219 sl

143 3245 330 3331 appellabat.
375 3257 408 3314 at
424 3249 491 3327 ille,
518 3271 591 3314 oum
609 3248 649 3313 ab
668 3272 701 3314 re
718 3272 864 3327 aversus,
891 3260 959 3315 tum
974 3238 1082 3314 aenda
1103 3257 1105 3266 “
1126 3242 1140 3298 ὐ

109 3349 280 3406 stentatus
298 3343 458 3422 inimicus,
486 3366 554 3408 rem
571 3344 745 3410 Hannibali
762 3345 872 3429 aperit.
916 3341 1078 3411 arcessito
1133 3363 1148 3403 a

143 3455 204 3516 que
221 3435 384 3503 Hannibal
402 3461 474 3504 eum
491 3461 548 3524 pro
571 3439 717 3504 tribunali
735 3439 891 3522 quaedam
912 3445 1012 3527 ageret
1023 3440 1071 3496 Μ’
1095 3431 1106 3513 J
1145 3454 1148 3497 1

143 3529 261 3595 Blattio
284 3533 465 3618 cogniturus
489 3542 668 3618 starentque
691 3543 848 3599 summoto
870 3534 985 3620 populo
1022 3549 1066 3582 *a*

108 3644 123 3691 9
143 3632 278 3702 straus,
296 3626 432 3692 Blattius
451 3628 490 3692 de
508 3628 682 3712 proditione
700 3626 837 3692 Dasium
855 3624 1026 3714 appellabat·
1046 3618 1100 3703 θ’]
1132 3636 1148 3683 t

141 3741 216 3784 vero
233 3719 286 3784 ille
304 3720 436 3786 velutin
449 3721 664 3786 manifestare
678 3722 846 3800 exclamat,
866 3722 926 3787 sub
939 3703 1105 3791 0011le
1132 3750 1137 3764 ·

144 3811 225 3878 balis
247 3837 355 3879 secum
378 3815 417 3882 de
439 3815 613 3900 proditione
636 3816 698 3902 agi.
742 3815 917 3881 Hannibali
937 3823 1017 3897 atquo
1031 3794 1098 3867 Μ
1134 3806 1139 3815 '

143 3905 285 3987 aderant,
312 3931 374 3993 quo
400 3910 548 3975 audacior
573 3932 623 3975 res
650 3918 729 3988 erat,
755 3910 860 3975 minus
884 3907 987 3976 similis
1003 3888 1098 3995 νῆ’
1135 3950 1148 3963 -

92 4015 124 4063 ro
142 4007 202 4063 est:
230 4004 469 4070 aemulationem
487 4004 628 4091 profecto
646 4011 741 4088 atque
759 4004 868 4070 odium
881 4025 949 4071 esse
960 3982 1096 4066 etiltffl
1135 4012 1148 4054 Ξ
