2528 4514
280 232 548 305 arceamur,
566 233 665 290 3238.
686 233 840 305 [court]
1009 222 1073 289 201

130 391 293 461 XXXVII.
335 392 392 458 Ad
408 391 491 459 hanc
512 390 721 457 defectionem
743 392 839 458 crecti
857 382 931 458 sunt
948 402 980 459 et
997 390 1075 459 alia-
1094 413 1108 461 1

95 487 300 561 rmdvitatium
317 486 428 564 animi,
447 485 667 573 praesidiaque
679 484 826 553 Romane
843 494 898 552 aut
913 485 1076 574 pelleban-

95 592 127 655 Μ
143 581 248 651 rcibus
283 591 338 649 aut
371 580 497 667 prodita
531 601 588 666 per
622 579 767 647 fraudem
807 579 1074 667 opprimebantur.

95 674 173 755 du,
189 675 315 743 excelso
331 675 401 741 loco
420 696 459 739 ao
474 682 642 761 praerupto
660 674 799 759 undique
816 674 891 755 sita,
915 696 988 741 cum
1004 674 1074 741 loco
1092 693 1109 742 a

95 768 291 857 ¹prrpngnabilis
309 777 390 846 erat,
409 777 477 833 tum
493 767 687 854 praesidium
703 767 737 833 in
749 791 821 835 arce
833 768 974 835 validum
986 791 1076 855 prae-

95 860 220 949 btmque
245 862 384 950 praesidi
410 860 487 928 baut
514 884 590 928 sane
617 871 827 947 opportunum
852 862 1074 931 insidiantibus

95 954 185 1029 debat
219 958 261 1023 L.
281 956 429 1023 Pinarius
448 967 529 1034 erat,
548 957 597 1021 vir
614 978 687 1023 acer
704 955 808 1040 etqui
825 955 897 1041 plus
915 956 949 1023 in
966 979 1015 1037 co,
1033 977 1110 1026 nea

95 1062 154 1137 pret
167 1053 279 1139 decipi,
298 1074 395 1136 quam
412 1052 447 1117 in
464 1051 527 1116 fide
547 1049 727 1116 Siculorum
744 1059 918 1136 reponeret.
958 1061 990 1117 et
1008 1060 1076 1119 tum

116 1156 234 1213 ot
252 1168 326 1212 eum
344 1146 385 1210 ad
403 1146 536 1211 cavendi
555 1145 661 1210 omnia
679 1166 787 1210 curem
804 1152 851 1209 tot
864 1144 990 1211 auditae
1002 1167 1076 1232 pro-

97 1231 99 1256 ⁵
199 1240 456 1324 defectionesque
486 1239 613 1306 urbium
639 1250 670 1307 et
700 1239 805 1305 clades
835 1238 1074 1324 praesidiorum.

169 1331 228 1420 [die
246 1331 299 1420 ac]
318 1344 410 1399 nocte
428 1333 516 1399 iuxta
533 1344 643 1419 parata
660 1334 875 1418 instructaque
898 1333 1004 1400 omnia
1020 1353 1110 1402 cu-a

102 1458 158 1496 ,νει
174 1451 207 1495 ao
222 1428 339 1515 vigiliis
357 1438 460 1505 erant,
488 1450 547 1493 nec
569 1427 611 1495 ab
633 1428 728 1495 armis
747 1438 801 1493 aut
817 1427 887 1494 loco
906 1450 965 1493 suo
982 1427 1074 1494 miles

140 1522 238 1588 ebat.
283 1522 369 1607 quod
395 1522 450 1586 ubi
468 1521 691 1589 Hennensium
716 1521 874 1608 principes
900 1522 965 1588 iam
990 1522 1112 1609 pactis

155 1614 318 1683 Himilcone
344 1616 384 1681 de
410 1616 586 1701 proditione
610 1616 748 1703 praesidi
778 1615 1073 1695 animadverterunt,

117 1713 133 1792 J
155 1710 291 1776 omasioni
308 1709 429 1775 fraudis
443 1710 623 1777 Romanum
640 1719 760 1797 patere,
779 1710 884 1796 pelam
901 1710 961 1777 rati
978 1732 1075 1798 agon-

118 1833 141 1868 ω
176 1803 273 1871 urbem
291 1826 459 1889 arcemque
478 1827 553 1871 suae
570 1805 736 1892 potestatis
755 1805 842 1870 aiunt
859 1803 974 1871 debere
992 1827 1073 1884 esse,
1092 1822 1110 1873 o

133 1888 191 1962 tta·
210 1899 241 1963 in
267 1898 464 1978 societatem,
500 1921 564 1964 non
595 1899 678 1965 servi
704 1899 738 1965 in
768 1899 943 1966 custodiam
969 1899 1075 1965 traditi

105 2029 155 2080 2²
178 1989 328 2059 Romanis.
372 1994 479 2077 itaque
506 1993 611 2058 claves
637 2004 798 2080 portarum
820 1994 910 2059 reddi
937 1992 998 2059 sibi
1022 2015 1075 2059 ae·

99 2117 129 2180 3:
177 2096 305 2154 censent:
332 2086 424 2153 bonis
452 2087 545 2153 sociis
571 2087 668 2154 fidem
694 2109 785 2152 suam
807 2088 980 2153 maximum
1005 2088 1109 2154 vin-t

101 2177 116 2254 ἓ*
147 2203 154 2222 ·
180 2200 251 2259 esse,
283 2181 381 2248 etita
403 2181 463 2246 sibi
485 2182 637 2268 populum
659 2181 840 2247 Romanum
867 2193 1074 2266 senatumque

98 2269 107 2330 7
129 2305 136 2308 ε
152 2295 169 2314 ““
187 2272 372 2353 habiturum,
401 2276 428 2341 si
453 2276 593 2341 volentes
616 2297 654 2341 ao
675 2298 740 2340 non
762 2274 862 2340 eoacti
884 2275 1075 2340 mansissent

108 2363 114 2390 ⁷
145 2362 242 2435 *ditia
287 2370 328 2435 ad
354 2392 392 2434 ea
413 2370 577 2436 Romanus
602 2391 636 2435 se
658 2369 692 2433 in
712 2367 870 2455 praesidio
891 2368 1110 2453 imposituma

110 2454 231 2534 ,Sdtere
248 2464 288 2530 ab
311 2464 498 2550 imperatore
521 2486 579 2529 suo
599 2463 767 2548 clavesque
788 2471 949 2548 portarum
971 2471 1004 2526 et
1020 2483 1075 2526 cu-

108 2569 151 2630 1·
166 2584 176 2611 υ
195 2559 274 2625 arcis
292 2559 333 2624 ab
352 2582 389 2625 eo
408 2558 583 2644 accepisse,
602 2580 684 2643 quae
700 2579 759 2622 nec
778 2578 837 2622 suo
854 2555 1075 2622 neoHennen-

156 2649 265 2719 ubitrio
283 2653 427 2730 haberet,
447 2663 495 2718 set
513 2653 581 2719 eius
599 2652 654 2736 qni
671 2650 890 2719 commisisset.
916 2649 1074 2736 Praesidi⁰
1092 2671 1109 2731 ⁹-
1223 2646 1225 2650 Ι

217 2756 294 2832 aput
318 2747 482 2813 Romanos
510 2746 624 2833 capital
651 2768 722 2812 esse
748 2755 779 2812 et
801 2767 879 2811 nece
905 2744 1075 2811 liberorum

106 2851 117 2878 ³
140 2864 148 2885 r
161 2858 281 2907 tuorum
299 2863 369 2906 eam
389 2839 547 2929 [noxiam]
566 2850 712 2928 parentes
731 2840 885 2907 samace.
912 2841 1074 2908 consulem

103 2951 105 2960 ‘
127 2937 227 3000 otum
248 2935 335 3001 haud
355 2937 466 3023 procul
488 2958 573 3002 esse:
604 2937 646 3002 ad
667 2959 741 3003 eum
762 2936 920 3001 mitterent
940 2936 1072 3023 legatos,

95 3014 224 3095 ibriuris
247 3039 342 3115 atque
364 3030 483 3097 arbitrii
505 3042 598 3097 esset.
643 3052 775 3096 severo
797 3050 914 3117 negare
936 3029 1126 3096 illimis-10

95 3124 148 3201 tos,
172 3124 357 3208 testarique,
386 3125 412 3189 si
434 3124 539 3191 verbis
561 3125 639 3190 nihil
660 3135 802 3212 agerent,
829 3124 1000 3188 vindictam
1018 3122 1074 3186 ali-

95 3224 139 3283 hm
152 3215 305 3283 libertatis
324 3241 399 3283 suae
417 3220 623 3302 quaesituros.
659 3230 727 3283 tum
743 3217 904 3283 Pinarius:
922 3215 1026 3293 atilli,
1045 3215 1073 3281 si
1091 3232 1123 3284 11

95 3302 261 3377 lonsrrlcm
282 3325 488 3399 gravarentur
510 3313 646 3391 mittere,
674 3312 735 3378 sibi
757 3311 868 3377 saltem
890 3310 1000 3375 darent
1016 3330 1074 3396 po-

95 3400 112 3469 b'
131 3406 314 3484 concilium,
340 3416 375 3471 ut
403 3407 546 3485 sciretur,
574 3415 679 3472 utrum
700 3427 872 3492 paucorum
894 3425 932 3469 ea
954 3404 1074 3470 denun-

95 3500 183 3567 ioan
202 3501 369 3573 universae
391 3501 525 3567 civitatis
548 3511 642 3567 esset.
687 3521 840 3566 consensa
861 3498 1073 3584 inposterum

95 3618 120 3669 tn
138 3594 256 3661 contio.

98 3688 311 3759 XXXVIII.
346 3689 523 3773 Postquam
540 3688 580 3754 ab
599 3711 637 3755 eo
655 3688 820 3773 conloquio
836 3687 870 3752 in
883 3708 987 3753 arcem
1001 3708 1072 3752 sese
1090 3704 1105 3756 1

95 3785 166 3872 cpit,
187 3793 362 3851 convocata
379 3784 493 3850 contio.
520 3783 636 3867 quibus
655 3782 762 3848 ‘credo
781 3804 840 3867 ego
857 3803 915 3847 vos
934 3779 1071 3858 audisse,

96 3878 175 3958 tes,'
207 3878 310 3963 inquit
334 3884 442 3962 ‘quem
464 3878 505 3945 ad
526 3878 656 3942 modum
681 3876 839 3963 praesidia
859 3876 1005 3942 Romana
1030 3873 1071 3941 ab

95 3974 150 4040 rlis
176 3973 391 4041 circumventa
413 3983 444 4039 et
466 3994 617 4059 oppressa
639 3970 701 4037 sint
723 3992 780 4057 per
800 3970 859 4037 hos
878 3970 956 4036 dies.
1001 3990 1105 4038 eamr
