2528 4514
140 220 206 286 444
370 227 486 283 LIBER
503 223 663 294 XXVIHI,
683 224 705 277 2.
721 223 747 279 3.
768 227 844 293 [au.
854 224 953 294 ebdss]

91 415 124 462 13
142 391 249 473 itaque
275 385 393 453 omissa
414 406 523 471 pugna
544 381 682 468 equestri
703 382 744 447 ad
766 380 948 468 pedestrem
965 381 1089 468 Hispani
1103 382 1138 447 ds·
1170 400 1176 429 1

143 483 340 550 scenderunt.
380 478 516 544 Romani
534 477 738 563 imperatores
756 485 793 541 ut
810 474 956 543 turbatos
973 475 1097 542 hostium
1109 498 1140 542 cr

138 569 233 643 ¹dines
252 584 283 640 et
299 572 540 659 trepidationem
557 592 769 657 pavoremque
786 580 819 637 et
835 570 1023 637 fluctuantia
1033 570 1142 637 viduant

144 674 248 758 signa,
267 669 439 745 hortantur,
458 676 549 731 orant
565 666 695 743 milites,
713 673 749 729 ut
765 664 933 750 perculsos
951 665 1092 731 invadant
1103 686 1143 733 uu
1173 687 1181 748 ¹,

93 789 125 835 14
142 764 265 830 restitui
287 763 386 827 aciem
408 761 575 847 patiantur.
619 781 684 825 non
702 758 930 825 sustinuissent
948 769 1014 826 tam
1030 759 1144 825 infestus

143 861 296 945 impetum
313 855 453 932 barbari,
475 855 509 919 ni
526 853 655 943 regulus
672 853 742 939 ipse
759 852 907 921 Indibilis
925 876 1001 919 oum
1022 854 1152 940 equitibs
1172 874 1174 885 ·

144 953 185 1019 ad
206 952 304 1038 pedes
327 950 486 1037 degressis
508 959 581 1013 ante
602 947 704 1034 prima
722 947 816 1034 signa
831 948 979 1034 peditum
996 970 1032 1014 se
1047 948 1152 1015 obice.

94 1069 126 1117 15
145 1056 202 1112 set.
237 1045 282 1110 ibi
300 1044 493 1129 aliquamdiu
510 1053 600 1108 atrox
617 1064 726 1129 pugna
744 1042 839 1108 stetit.
871 1043 1002 1111 tandem
1016 1053 1145 1129 postqnn

143 1141 181 1220 ii,
216 1139 272 1225 qui
302 1139 385 1203 eirca
410 1159 518 1224 regem
545 1137 733 1202 seminecem
759 1145 948 1215 restantem,
979 1134 1186 1224 deindep'stL

94 1257 126 1304 re
146 1245 246 1300 terrae
268 1232 408 1298 adfixum
425 1231 623 1319 pugnabant,
645 1230 751 1297 obruti
768 1230 840 1296 telis
857 1231 1085 1311 occubuerunt,
1102 1242 1149 1299 tu
1174 1256 1186 1297 t

145 1330 224 1416 fuga
240 1328 360 1415 passim
378 1337 489 1413 coepta
501 1327 607 1413 plures
620 1326 717 1404 caesi,
737 1326 812 1411 quia
828 1348 931 1411 equos
947 1322 1146 1394 conscendnd

145 1422 302 1508 equitibus
325 1421 461 1507 spatium
483 1443 547 1485 non
568 1420 672 1485 suerat
689 1430 721 1486 et
738 1421 813 1505 quia
829 1421 987 1507 perculsis
1005 1418 1145 1487 acriteria·
1173 1468 1186 1508 Ξ

146 1516 290 1582 stiterunt
307 1515 453 1581 Romani.
496 1536 557 1580 nee
574 1523 646 1579 ante
667 1513 853 1581 abscessum
875 1525 928 1580 est
949 1537 1045 1600 quam
1065 1512 1146 1581 can·
1179 1566 1186 1593 ·.

94 1633 126 1680 17
145 1631 271 1695 quoque
293 1619 446 1674 exuerunt
468 1608 601 1674 hostem.
646 1609 756 1674 decem
780 1609 840 1674 tria
855 1609 946 1674 milia
963 1602 1147 1697 Hispmorud

146 1727 239 1770 caesa
257 1726 295 1770 eo
312 1704 378 1781 die,
400 1703 486 1768 mille
508 1704 681 1790 octingenti
702 1705 802 1770 ferme
824 1704 919 1793 capti.
964 1704 1146 1771 Romanam

148 1800 365 1882 sociorumque
391 1798 486 1884 paulo
513 1799 648 1883 amplius
678 1799 819 1877 ducenti,
856 1800 997 1867 maxime
1026 1800 1059 1865 in
1084 1798 1146 1864 laert

95 1912 128 1961 18
146 1915 257 1970 cornu,
276 1892 464 1958 ceciderunt.
500 1893 584 1978 pulsi
601 1893 712 1959 castris
730 1893 869 1980 Hispani
883 1904 943 1960 aut
960 1894 1071 1980 quiex
1084 1910 1146 1981 prot·

146 1987 188 2052 lio
214 1987 391 2072 effugerant
417 1988 519 2073 sparsi
545 1988 647 2073 primo
672 2010 729 2075 per
754 2012 864 2077 agros,
899 1990 1016 2058 deinde
1044 1990 1075 2054 in
1095 2006 1146 2054 cute

146 2080 279 2166 quisque
297 2081 438 2147 civitates
456 2082 624 2147 redierunt.

112 2199 126 2244 1
209 2175 271 2241 111.
299 2176 383 2241 Tum
401 2176 607 2243 aMandonio
625 2179 747 2243 evocati
763 2177 797 2243 in
815 2180 983 2245 concilium
1003 2174 1147 2262 conquesti-

146 2293 207 2356 que
234 2271 279 2336 ibi
300 2271 405 2337 clades
430 2295 518 2349 suas,
544 2272 705 2358 increpitis
732 2273 913 2340 auctoribus
940 2273 1031 2351 belli,
1056 2273 1148 2359 legatos

95 2376 100 2383 '
145 2365 313 2431 mittendos
345 2366 385 2430 ad
417 2389 505 2431 arma
535 2367 686 2431 tradenda
715 2367 972 2453 deditionemque
1003 2364 1149 2433 faciendae

111 2481 304 2527 acensuere.
349 2460 465 2545 quibus
497 2461 622 2547 culpam
651 2463 685 2527 in
716 2472 876 2529 auctorem
907 2463 982 2528 belli
1014 2461 1150 2529 lndibilu

146 2566 329 2640 ceterosque
343 2556 514 2641 principes,
533 2578 666 2639 quorum
684 2557 825 2642 plerique
842 2559 876 2621 iu
894 2559 963 2623 acie
981 2558 1150 2629 cecidissent,

145 2649 394 2728 conserentibus,
430 2650 687 2735 tradentibusque
717 2675 805 2716 arma
835 2661 867 2717 et
893 2652 1080 2719 dedentibus
1102 2669 1150 2716 sese

110 2763 126 2810 3
144 2765 331 2828 responsum
354 2754 415 2809 est:
442 2744 476 2808 in
498 2744 689 2810 deditionem
711 2745 755 2810 ita
777 2745 878 2832 accipi
900 2769 971 2825 eos,
1000 2748 1029 2813 si
1045 2744 1152 2812 Mando·

144 2838 232 2900 nium
259 2848 441 2922 ceterosque
467 2838 541 2903 belli
567 2840 741 2907 concitores
773 2841 980 2907 tradidissent
1011 2834 1152 2920 vivos3ai

144 2931 263 3008 minus,
292 2932 462 2997 exercitum
486 2955 520 2999 se
542 2933 575 2997 in
597 2957 708 3020 agrum
730 2935 904 3021 Hergetum
926 2935 1152 3003 Ausetanorum-

109 3045 126 3091 4
145 3047 206 3109 que
224 3034 256 3090 et
274 3025 422 3112 deinceps
440 3027 572 3092 aliorum
589 3029 777 3115 populorum
796 3030 958 3097 ducturos.
1000 3031 1077 3097 baec
1091 3028 1152 3093 diets

143 3120 255 3207 legatis
273 3122 512 3205 renuntiataque
530 3123 562 3186 in
580 3123 756 3188 concilium.
792 3123 838 3190 ibi
854 3123 1053 3192 Mandonius
1070 3119 1153 3190 celai-

109 3235 205 3298 uque
223 3215 380 3300 principes
399 3216 605 3302 conprehensi
627 3228 658 3282 et
680 3219 784 3283 traditi
807 3219 848 3282 ad
872 3220 1074 3305 supplicium.
1110 3212 1154 3281 Ha

144 3310 272 3395 spaniae
289 3311 413 3395 populis
432 3311 554 3377 reddita
569 3334 649 3399 pax,
673 3313 863 3398 stipendium
882 3315 952 3380 eius
970 3316 1047 3380 anni
1063 3310 1155 3398 dupla

143 3414 175 3468 et
197 3404 389 3469 frumentum
412 3427 468 3470 sex
490 3428 637 3472 mensum
658 3409 846 3493 imperatum
870 3432 1016 3496 sagaque
1038 3419 1069 3476 et
1084 3420 1155 3495 toga

143 3499 307 3575 exercitui,
331 3508 362 3563 et
380 3499 507 3566 obsides
525 3501 566 3566 ab
585 3502 712 3588 triginta
729 3503 828 3568 ferme
847 3504 975 3590 populis
995 3504 1119 3590 accepti.

109 3612 124 3659 6
206 3592 257 3657 Ita
279 3593 455 3678 Hispaniae
477 3595 657 3662 rebellantis
681 3598 819 3663 tumultu
839 3598 927 3663 baud
950 3623 1068 3687 magno
1088 3606 1158 3663 motu
1184 3626 1186 3645 ι

141 3688 223 3752 intra
243 3709 362 3773 paucos
385 3689 452 3754 dies
471 3691 593 3757 concito
611 3702 643 3757 et
661 3713 842 3778 compresso
859 3694 893 3758 in
911 3692 1059 3759 Africam
1076 3688 1159 3759 omnis

109 3799 123 3845 7
143 3793 241 3848 terror
267 3806 387 3849 versus.
434 3784 473 3851 C.
491 3787 623 3852 Laelius
650 3798 741 3853 nocte
768 3788 809 3853 ad
831 3788 1019 3876 Hipponem
1041 3787 1160 3895 Regium

142 3898 214 3940 cum
237 3878 438 3958 accessisset,
464 3880 534 3946 luce
557 3882 658 3967 prima
680 3883 721 3947 ad
742 3883 958 3970 populandum
980 3906 1094 3971 agrum
1115 3875 1161 3947 sub

106 3970 241 4055 saignis
268 3973 383 4040 milites
411 3976 576 4060 sociosque
604 3979 726 4044 navalis
754 3979 854 4045 duxit.
913 3979 1065 4046 omnibus
1089 3974 1163 4066 petil
