2528 4514
133 218 197 285 422
349 222 467 278 LIBER
483 218 626 289 XXVIII,
644 217 688 273 34.
702 217 746 275 35.
766 220 842 290 [au.
853 218 954 290 ecte]

101 413 117 460 3
199 381 346 451 Indibilis
377 379 507 447 abiectis
533 378 610 445 belli
637 377 776 444 consiliis
802 376 883 441 nibil
911 376 1011 443 tutius
1037 377 1145 443 addictis

133 483 229 549 rebus
253 486 384 564 experta
404 475 467 539 fide
490 484 521 538 et
539 471 707 539 elementia
725 469 886 558 Scipionis
904 480 1011 549 ratus,
1033 470 1146 539 Mando

100 601 117 647 4
134 579 222 643 nium
240 574 370 639 fratrem
388 570 520 634 adeum
536 567 646 647 mittit3
669 566 724 652 qui
741 566 912 631 advolutus
930 565 1067 654 genibus
1085 567 1148 633 iata·

134 673 198 738 lem
219 668 342 735 rabiem
359 662 509 751 temporis
529 663 597 729 eius
616 652 759 739 accusat,
783 683 856 726 aum
875 659 964 727 velut
982 661 1147 749 contagione

135 765 275 852 quadam
300 760 454 849 pestifera
476 779 540 823 non
562 758 717 845 Ilergetes
739 756 836 822 modo
858 766 892 821 et
913 754 1084 835 Lacetani,
1106 756 1149 822 sed

101 872 241 930 acastm
270 877 397 942 quoque
426 854 574 919 Romana
607 851 802 918 insanierint.
857 873 951 917 suam
983 850 1149 935 quidemst

135 955 242 1021 fratris
265 964 298 1018 et
318 951 512 1035 reliquorum
532 946 733 1036 popularium
756 970 827 1013 eam
848 946 1071 1014 condicionem
1085 969 1147 1024 esse,

135 1061 172 1115 ut
194 1059 262 1126 aut,
291 1046 319 1112 si
340 1045 386 1110 ita
406 1043 560 1121 videatur,
587 1043 724 1108 reddant
746 1041 892 1129 spiritum
908 1041 949 1107 P.
970 1039 1148 1129 scipionia

136 1143 250 1209 eodem
270 1141 325 1207 illo
348 1148 514 1224 acceptum
536 1148 591 1202 aut
612 1136 730 1202 servati
751 1135 801 1202 bis
823 1135 881 1201 uni
905 1135 1049 1203 debitam
1071 1136 1149 1201 vitan

104 1263 195 1328 apro
223 1261 261 1303 eo
287 1236 321 1301 in
347 1244 535 1321 perpetuum
562 1233 749 1299 devoveant.
803 1242 898 1297 antea
926 1231 962 1296 in
991 1253 1085 1298 causa
1105 1254 1149 1297 sua

136 1332 284 1399 fiduciam
302 1329 364 1395 sibi
382 1328 481 1395 luisse
499 1328 641 1393 nondum
659 1337 791 1414 experta
802 1326 973 1393 clementia
986 1326 1068 1405 eius3
1083 1344 1147 1391 nune
1185 1332 1187 1339 ⁴

137 1437 247 1494 contra
268 1424 388 1490 nullam
410 1423 444 1488 in
466 1445 576 1500 causa,
604 1445 731 1488 omnem
753 1421 787 1486 in
807 1421 1027 1487 misericordia
1044 1418 1147 1486 victorie

104 1543 229 1610 sepem
245 1520 382 1607 positam
399 1518 527 1583 habere.
567 1540 637 1583 mos
655 1527 800 1583 vetustus
818 1527 887 1582 erat
904 1516 1074 1595 Romanis,
1094 1536 1147 1579 cern
1185 1544 1187 1606 j

138 1640 201 1701 quo
222 1637 282 1681 nee
304 1615 433 1680 foedere
454 1635 515 1678 nec
536 1613 645 1697 aequis
667 1611 792 1699 legibus
816 1611 1004 1699 iungeretur
1024 1609 1146 1686 amicitia,

137 1734 202 1779 non
227 1710 316 1798 prius
342 1709 474 1796 imperio
500 1709 534 1773 in
556 1731 630 1774 eum
652 1719 814 1793 tamquam
834 1719 987 1795 pacatum
1008 1708 1054 1774 uti
1074 1728 1146 1793 quan
1184 1772 1187 1781 ,

138 1805 245 1870 omnia
258 1804 366 1869 divina
378 1803 579 1887 humanaque
594 1803 778 1881 dedidisset,
792 1802 921 1869 obsides
935 1803 1067 1890 accepti,
1081 1822 1146 1867 arne
1184 1834 1187 1863 :

104 1920 120 1968 s
139 1899 301 1985 adempta,
319 1897 479 1984 praesidia
492 1898 622 1964 urbibus
637 1897 787 1985 imposita
798 1898 914 1963 forent.
939 1895 1050 1985 Scipio
1062 1893 1146 1961 mnlt'a
1185 1886 1187 1893 ¹

138 1995 283 2058 invectus
306 1992 340 2057 in
357 2005 558 2078 praesentem
574 1993 787 2060 Mandonium
804 1995 1034 2078 absentemque
1050 1989 1147 2059 Indibi·

139 2088 203 2153 lem
216 2087 337 2166 verbis,
355 2086 426 2152 illos
441 2087 569 2171 quidem
588 2088 699 2153 merito
716 2088 839 2174 perisse
855 2087 1000 2174 ipsorum
1017 2082 1147 2152 maletida

106 2205 120 2251 e
141 2183 197 2261 ait,
216 2183 354 2249 victuros
374 2205 431 2248 suo
451 2194 545 2267 atque
561 2184 670 2270 populi
684 2183 822 2249 Romani
838 2183 1005 2250 beneficio.
1034 2194 1147 2248 eeteum
1184 2214 1187 2272 j

140 2278 306 2366 -quippe
333 2301 371 2343 ea
396 2279 529 2365 pignera
555 2279 732 2344 timentium
757 2279 965 2345 rebellionem
989 2303 1074 2358 esse,
1089 2296 1148 2341 -se

139 2373 239 2439 libera
264 2379 292 2440 is
318 2398 405 2439 arma
426 2374 617 2458 relinquere,
646 2376 766 2441 solutos
789 2375 927 2441 animos:
955 2397 1060 2460 neque
1081 2371 1149 2440 scia

86 2487 119 2534 10
140 2468 267 2535 obsides
285 2469 446 2547 innoxios,
467 2469 574 2534 sedin
591 2469 693 2556 ipsos,
713 2470 740 2535 si
759 2469 952 2548 defecerintz
968 2470 1148 2541 saeviturun

140 2585 198 2628 nec
216 2565 256 2629 ab
274 2564 400 2641 inermi,
421 2565 478 2629 sed
496 2565 537 2629 ab
555 2574 675 2630 armato
694 2565 785 2630 hoste
802 2586 923 2651 poenas
942 2564 1149 2651 expetitmun:

140 2668 304 2742 utramque
326 2659 486 2724 fortunam
509 2659 646 2746 expertis
664 2659 845 2745 permittere
863 2682 952 2738 sese,
976 2671 1083 2725 utrum
1096 2679 1150 2746 pre

89 2773 118 2818 11
138 2751 233 2836 pitios
257 2776 297 2817 an
319 2752 415 2818 iratos
439 2753 556 2819 babere
577 2754 740 2820 Romanos
763 2753 904 2820 mallent.
949 2754 996 2820 ita
1022 2754 1150 2820 dimissae

139 2845 333 2911 Mandonius
351 2849 486 2932 pecunia
503 2850 720 2914 tantummodo
733 2849 901 2936 imperata,
920 2871 964 2914 ex
977 2872 1043 2934 qua
1055 2849 1151 2936 stipen-

89 2961 120 3007 12
141 2938 228 3003 dium
249 2939 340 3003 militi
360 2943 515 3027 praestari
536 2954 656 3029 posset
700 2944 769 3032 ipse
785 2943 911 3008 Marcio
933 2943 969 3008 in
992 2943 1150 3010 ulteriorem

139 3033 330 3120 Hispaniam
343 3037 533 3129 praemisso,
553 3035 662 3104 Silano
673 3039 887 3104 Tarraconem
900 3038 1040 3107 remisso
1052 3056 1149 3126 paucae

139 3142 279 3197 moratus
307 3132 389 3210 dies,
410 3133 492 3197 dum
518 3134 705 3219 imperatam
726 3134 893 3221 pecuniam
914 3135 1073 3223 Ilergetes
1097 3152 1150 3221 pet·

139 3238 354 3305 numerarent,
380 3249 453 3292 cum
475 3227 629 3314 expeditis
646 3220 806 3295 Marcium
826 3228 891 3293 iam
913 3229 1150 3316 adpropinquan-

139 3332 204 3384 tem
222 3319 354 3386 Oceano
373 3322 564 3405 adsequitur.

106 3435 119 3480 1
203 3413 356 3483 XXXV.
400 3416 555 3481 Incohata
579 3439 631 3482 res
657 3417 721 3482 iam
747 3429 820 3483 ante
842 3418 882 3492 de
899 3418 1079 3487 Masinissa
1098 3412 1149 3483 aliie

140 3519 234 3592 atque
256 3509 325 3574 aliis
350 3510 389 3574 de
407 3511 511 3575 causis
530 3511 627 3576 dilata
645 3523 726 3590 erat,
750 3513 834 3597 quod
850 3513 994 3579 Numida
1010 3512 1150 3598 cumipse

139 3603 247 3687 utique
266 3604 416 3690 congredi
433 3602 582 3691 Scipione
601 3607 727 3673 volebat
746 3619 840 3693 atque
857 3608 926 3673 eius
946 3610 1060 3677 dextra
1074 3608 1151 3673 lidan

141 3698 275 3763 sancire:
303 3711 430 3764 catum
452 3699 571 3766 itineris
599 3711 664 3766 tam
691 3702 778 3789 longi
804 3724 842 3767 ao
868 3713 934 3768 tam
964 3704 1049 3769 devii
1074 3719 1152 3767 caua

106 3811 121 3858 a
142 3789 282 3876 Scipioni
300 3793 370 3858 fuit.
408 3794 585 3861 Masinissa
602 3818 675 3860 oum
693 3794 839 3864 Gadibus
857 3807 958 3876 esset,
982 3798 1096 3864 certior
1110 3791 1151 3861 al-
1185 3820 1187 3845 ¹

139 3897 267 3951 ventare
290 3911 362 3952 eum
385 3889 544 3956 aMarcio
566 3891 683 3971 faetus,
708 3892 869 3958 causando
892 3893 1054 3980 corrumpi
1070 3908 1151 3975 equor

138 3976 277 4044 inclusos
299 3981 332 4044 in
353 3983 457 4048 insula
477 3985 704 4072 penuriamque
727 3985 869 4053 omnium
888 4008 995 4053 rerum
1012 3998 1047 4053 et
1063 3986 1152 4052 faeere
