2528 4530
292 280 407 335 ursus
424 279 551 349 xxvu,
569 281 612 335 so.
625 280 668 334 41.
689 279 841 350 [aanor]
1020 270 1082 336 371

70 437 189 500 nultum
202 435 322 515 intulit;
341 437 382 501 ad
391 446 538 520 quattuor
551 437 638 502 milia
651 436 814 503 hominum
829 438 952 517 occidit,
967 461 1082 504 novem
1102 461 1132 507 11

70 533 147 620 ¹igna
159 531 307 596 militaria
321 532 413 617 cepit
441 542 583 597 moverat
596 554 637 597 ex
650 532 790 598 hibernis
806 533 846 597 ad
855 533 973 598 famam
982 531 1082 598 hostis

69 625 96 707 l.
107 624 278 704 Claudius,
297 625 351 709 qui
363 647 421 712 per
433 625 528 690 urbes
542 625 612 712 agri
626 622 794 691 Sallentini
810 639 913 692 castra
931 626 1084 713 disposita

69 721 202 787 rabebat.
236 721 344 804 itaque
362 742 403 785 ne
421 742 494 784 eum
511 720 636 785 duobus
655 720 845 786 exercitibus
864 721 958 786 simul
976 721 1084 786 conili-
1103 739 1134 788 12

69 827 157 901 geret,
185 814 348 880 Hannibal
374 825 467 879 nocte
494 825 598 879 castra
624 835 664 878 ex
691 837 768 900 agro
790 814 963 881 Tarentino
986 813 1085 881 movit

69 920 148 994 tque
162 909 347 974 inBruttios
364 908 530 974 concessit.
549 904 703 974 Claudius
717 908 750 970 in
761 904 954 974 Sallentinos
970 932 1084 997 agmen
1104 928 1135 976 13

69 1002 223 1081 unvertit‚
246 1003 405 1068 Hostilius
425 1000 572 1089 Capuam
589 1011 700 1089 petens
719 1001 832 1067 obvius
851 1002 892 1066 ad
908 1003 1085 1070 Venusiam

69 1097 114 1162 'uit
131 1098 255 1164 consuli
274 1095 419 1164 Claudio.
464 1097 509 1162 ibi
531 1119 571 1161 ex
593 1107 728 1180 utroque
750 1096 890 1161 exercitu
911 1095 1012 1160 electa
1027 1118 1084 1183 pe·
1103 1117 1134 1163 14

69 1193 155 1257 litum
179 1191 389 1279 quadraginta
410 1190 510 1268 milia,
534 1191 597 1256 duo
615 1191 702 1255 milia
719 1200 751 1256 et
768 1189 932 1275 quingenti
950 1189 1082 1272 equites,

69 1287 169 1372 quibus
184 1286 295 1351 consul
310 1287 462 1351 adversus
471 1284 687 1350 Hannibalem
704 1307 772 1350 rem
789 1293 927 1370 gereret:
945 1282 1083 1366 reliquas

69 1381 162 1468 opias
175 1380 334 1446 Hostilius
350 1378 496 1467 Capuam
510 1380 624 1444 ducere
641 1380 764 1456 iussus,
781 1388 818 1443 ut
832 1376 874 1459 Q.
884 1377 998 1442 Fulvio
1010 1399 1084 1464 pro-

69 1475 178 1541 tonsuli
195 1475 342 1540 traderet.

117 1567 296 1633 XXXXI.
318 1567 483 1633 Hannibal
495 1567 637 1651 undique
652 1575 812 1631 contracto
825 1565 974 1642 exercitu,
989 1585 1083 1648 quem
1104 1582 1115 1628 1

68 1663 244 1728 nhibernis
263 1674 318 1728 aut
334 1663 368 1727 in
384 1662 551 1749 praesidiis
569 1661 638 1748 agri
655 1661 762 1725 Brutti
779 1661 946 1738 habuerat,
964 1659 998 1724 in
1014 1660 1084 1723 Lu-

68 1779 151 1824 anos
171 1757 212 1821 ad
232 1753 443 1822 Grumentum
466 1756 553 1820 venit
576 1777 632 1841 spe
654 1754 826 1841 reeipiendi
848 1754 979 1841 oppida,
1002 1773 1083 1838 quae

68 1872 109 1917 ser
131 1860 253 1915 metum
276 1851 317 1914 ad
337 1850 501 1916 Romanos
525 1847 725 1915 defecissent.
771 1848 883 1914 eodem
906 1846 1084 1915 aVenusia
1102 1863 1117 1909 2

68 1944 166 2011 onsul
182 1945 348 2010 Romanus
372 1943 543 2030 exploratis
566 1943 731 2009 itineribus
750 1941 926 2019 contendit,
949 1951 981 2007 et
997 1941 1084 2006 mille

68 2042 119 2105 'ere
133 2049 166 2104 et
179 2038 368 2124 quingentos
382 2060 497 2124 passus
513 2048 618 2103 castra
629 2038 713 2103 locat
727 2037 767 2103 ab
781 2037 882 2102 hoste.
916 2034 1084 2101 Grumenti
1102 2050 1117 2096 a

68 2132 219 2198 noenibus
241 2154 340 2219 prope
361 2132 536 2196 iniunctum
558 2132 724 2197 videbatur
746 2131 928 2196 Poenorum
950 2129 1082 2207 vallum3

68 2226 218 2314 quingenti
243 2249 359 2313 passus
381 2226 562 2292 intererant.
607 2236 712 2290 castra
731 2223 855 2289 Punica
877 2244 914 2288 ac
936 2223 1082 2289 Romana
1100 2239 1116 2285 4

68 2330 134 2386 nter
151 2320 275 2385 iacebat
293 2341 423 2406 campus
429 2345 439 2398 ;
458 2319 555 2384 colles
573 2317 780 2382 imminebant
797 2316 874 2379 nudi
892 2314 1019 2381 sinistro
1037 2315 1084 2379 la·

68 2413 112 2481 eri
136 2412 465 2501 Carthaginiensium,
493 2414 604 2478 dextro
626 2412 858 2486 Romanorum,
884 2409 1003 2473 neutris
1031 2431 1084 2473 su-

68 2508 169 2596 pecti,
198 2508 283 2592 quod
305 2508 382 2572 nihil
411 2508 510 2573 silvae
537 2526 640 2590 neque
669 2505 710 2568 ad
734 2503 866 2568 insidias
893 2502 1084 2567 latebrarum

67 2602 223 2668 rabebmt.
268 2602 301 2666 in
323 2602 427 2667 medio
450 2622 562 2686 campo
587 2599 627 2664 ab
650 2597 837 2663 stationibus
859 2605 1082 2684 procursantes
1102 2612 1118 2659 5

67 2696 227 2762 ertamina
243 2695 329 2760 baud
349 2696 425 2760 satis
445 2695 543 2780 digna
560 2694 647 2758 dictu
664 2692 821 2757 serebant.
855 2691 890 2755 id
906 2690 1001 2756 modo
1016 2689 1084 2757 Ro·

67 2813 184 2856 nanum
207 2810 357 2873 quaerere
381 2789 567 2877 apparebat,
594 2810 635 2853 ne
659 2787 745 2852 abire
768 2787 892 2853 hostem
909 2795 1083 2872 pateretur:

67 2883 218 2950 {annibal
240 2881 353 2973 e[labi]
377 2884 451 2948 inde
475 2882 604 2969 cupiens
628 2882 702 2947 totis
724 2880 843 2946 viribus
861 2881 894 2945 in
912 2881 1013 2947 aciem
1030 2880 1085 2946 de·

69 2977 236 3045 condebat.
281 2988 348 3042 tum
371 2977 481 3042 consul
503 2977 632 3064 ingenio
655 2976 756 3041 bostis
778 2997 872 3054 usus,
895 2996 958 3059 quo
979 2973 1117 3040 minuso

67 3097 86 3138 u
107 3083 175 3137 tam
198 3071 314 3158 apertis
339 3071 472 3137 collibus
492 3071 594 3136 timeri
611 3069 745 3136 insidiae
762 3078 922 3157 poterant,
946 3068 1084 3152 quinque

67 3166 194 3234 obortis
217 3165 332 3230 additis
352 3165 490 3251 quinque
508 3165 677 3252 manipulis
696 3174 789 3230 nocte
806 3164 916 3248 iugum
935 3183 1084 3247 superare

67 3270 87 3326 a
102 3259 138 3324 in
156 3259 276 3324 aversis
295 3259 429 3324 collibus
448 3259 611 3325 considere
629 3259 726 3324 iubet.
767 3267 891 3343 tempus
910 3255 1082 3340 exurgendi
1104 3275 1117 3320 7

67 3379 95 3420 rx
117 3353 241 3419 insidiis
265 3364 298 3419 et
315 3353 520 3440 adgrediendi
538 3355 662 3419 hostem
679 3353 731 3418 Ti.
750 3350 920 3417 Claudium
937 3350 1085 3416 Asellum

67 3446 218 3514 ribunum
229 3448 364 3512 militum
377 3459 409 3513 et
420 3449 460 3514 P.
472 3446 643 3513 Claudium
655 3447 850 3534 praefectum
869 3445 990 3511 socidm
1008 3445 1084 3512 edo-

67 3552 120 3620 κη,
139 3562 220 3626 quos
239 3563 311 3606 cum
329 3542 368 3606 iis
386 3542 539 3607 mittebat.
567 3542 636 3628 ipse
650 3541 721 3606 luce
734 3541 837 3629 prima
854 3541 962 3627 copias
980 3540 1082 3606 omnis
1101 3554 1117 3602 8

67 3635 199 3702 >editum
222 3636 423 3720 equitumque
445 3635 479 3701 in
502 3636 601 3701 aciem
623 3635 741 3701 eduxit.
785 3635 881 3722 paulo
903 3646 976 3721 post
994 3644 1026 3699 et
1044 3635 1084 3699 ab

66 3729 239 3796 {annibale
262 3731 388 3817 signum
409 3753 536 3818 pugnae
552 3729 749 3817 propositum
767 3739 830 3807 est,
855 3727 1034 3813 clamorque
1051 3727 1085 3792 in

66 3825 169 3893 astris
192 3825 234 3891 ad
257 3849 344 3891 arma
365 3824 605 3891 discurrentium
628 3834 677 3888 est
698 3823 851 3888 sublatus.
894 3822 969 3887 inde
987 3843 1084 3907 eques

66 3916 234 4005 aedesque’
250 3919 391 3984 certatim
421 3919 520 4007 portis
551 3939 641 3983 ruere
669 3938 707 3982 ao
732 3916 829 4004 palati
854 3938 913 4002 per
938 3937 1084 4003 campum

66 4037 228 4103 ¹›roperare
242 4015 282 4080 ad
295 4015 406 4081 hostis.
433 4037 513 4100 quos
526 4014 581 4079 ubi
594 4013 713 4080 effusos
727 4011 836 4079 consul
846 4009 941 4089 videt,
960 4011 1084 4078 tribuno
1103 4031 1117 4078 9

859 4111 911 4165 24·
