2528 4514
145 242 211 307 432
390 251 507 306 ιιιιιιιι
524 246 729 318 xxvu1,42.
750 247 939 317 [annues]

145 411 290 488 Africae,
316 409 379 475 fide
402 409 558 474 sociorum
579 428 706 492 regum,
733 404 901 470 moenibus
926 406 1010 485 suis,
1037 429 1071 472 cu

146 505 364 588 exercitusque
382 503 428 568 tui
445 502 602 589 praesidio
619 500 770 565 nudatum
788 499 915 564 ltaliam
933 500 1067 566 viderint

145 600 207 685 ipsi
233 620 350 664 novum
373 597 544 662 exercitum
566 597 599 660 in
621 593 746 660 Italiam
768 603 824 658 aut
845 616 886 658 cx
904 592 1020 660 Africa
1042 619 1071 661 ιιι

97 717 127 764 ι3
146 704 201 760 aut
217 693 405 780 Magonem,
431 714 527 776 quem
549 716 569 756 a
585 688 764 754 Baliaribus
787 689 891 754 classe
913 690 1071 755 transmiss

146 798 270 874 praeter
289 809 377 852 oram
394 786 554 872 Ligurum
572 785 762 870 Alpinorum
785 783 904 849 recturi
925 793 1064 862 constat,

97 880 244 952 14nibali
266 903 301 946 se
323 880 513 968 coniungere
534 878 702 945 iusserint?
735 901 850 963 nempe
871 878 907 942 in
929 879 1043 944 eodem
1065 888 1071 942 t

147 976 276 1054 erimus,
298 975 412 1059 inquo
429 997 531 1061 nuper
548 973 681 1051 fuimus,
706 994 778 1038 cum
796 971 985 1038 Hasdrubal
1006 973 1040 1037 in
1055 972 1071 1038 1

148 1069 352 1147 transcendit3
377 1090 472 1153 quem
495 1078 544 1146 tu,
571 1068 626 1152 qni
647 1090 712 1132 non
734 1067 836 1132 solum
856 1065 1071 1154 carthaginen

147 1186 273 1248 omnem
298 1161 443 1228 Africa-m
470 1162 609 1227 exercitu
635 1171 690 1228 tuo
723 1183 756 1226 es
788 1161 949 1239 olusurus,
987 1183 1005 1226 e
1036 1185 1071 1226 mr

97 1283 129 1330 ιε)
147 1259 210 1324 tuis
232 1259 265 1325 in
286 1257 412 1323 ltaliam
432 1257 575 1323 emisisti.
619 1257 737 1322 victum
759 1279 779 1321 a
801 1265 832 1321 te
854 1257 957 1322 dices:
995 1279 1031 1322 co
1053 1278 1071 1340 q

147 1353 251 1418 minus
272 1352 401 1430 vellem,
428 1362 460 1417 et
480 1351 514 1416 id
536 1361 605 1429 tua,
632 1374 696 1416 non
717 1350 763 1416 rei
784 1349 930 1436 publicae
953 1351 1071 1417 nolum¹

146 1449 206 1512 iter
223 1447 331 1512 dutum
349 1445 431 1512 victo
448 1445 482 1510 in
499 1445 624 1511 Italiam
642 1467 723 1510 esse.
758 1455 942 1530 paterenos
961 1446 1071 1522 omnia

147 1563 298 1627 prospera
325 1539 382 1604 tibi
412 1561 451 1605 nc
479 1539 589 1626 populi
614 1538 789 1605 Romani
779 1539 912 1625 imperio
943 1561 1069 1609 evenere

148 1635 280 1700 concilio
302 1634 483 1721 adsignare,
509 1635 643 1700 adversa
665 1631 790 1700 casibus
813 1633 941 1700 incertis
963 1633 1071 1701 bellic

99 1751 130 1799 ιι
150 1739 244 1795 tunae
266 1729 471 1816 delegare—
478 1751 581 1813 :quo
608 1706 719 1795 melibr
743 1727 916 1813 fortiorque
938 1751 988 1807 es,
1015 1751 1071 1794 eo

148 1824 242 1890 talem
264 1823 440 1909 praesidem
464 1778 525 1889 sibi
546 1823 647 1909 patria
668 1833 762 1908 atque
783 1823 932 1890 universa
948 1822 1038 1889 Italia
1052 1845 1071 1886 ιι

147 1939 211 1982 non
231 1926 322 2003 potes
345 1938 385 1981 ne
406 1917 476 2003 ipse
493 1918 620 2001 quidem
639 1917 850 1994 dissimulare,
873 1917 930 1982 ubi
948 1915 1071 1983 Hannib:

147 2010 192 2076 ibi
209 2019 304 2096 caput
321 2020 415 2095 atque
437 2034 541 2078 arcem
563 2011 657 2077 huius
681 2011 754 2077 belli
777 2034 862 2090 esse,
890 2012 1005 2098 quippe
1025 2010 1071 2095 qui

148 2103 284 2170 teletas
308 2127 378 2170 eam
401 2105 458 2170 tibi
481 2129 610 2171 causam
632 2105 793 2171 traiciendi
815 2107 849 2170 in
865 2104 1009 2172 Africam
1029 2128 1070 2170 ess

98 2224 128 2270 ιι
148 2199 362 2266 Hannibalem
388 2223 426 2267 eo
452 2201 572 2266 trahas:
609 2201 676 2266 sive
701 2201 752 2266 hic
778 2201 874 2287 igitur
901 2201 967 2266 sive
992 2200 1059 2276 illic,

147 2294 328 2360 Hannibale
346 2305 394 2360 est
412 2294 469 2360 tibi
486 2295 592 2360 sutura
608 2319 670 2360 res.
701 2307 805 2360 utrum
823 2298 951 2362 tandem
969 2293 1071 2382 ergod

147 2391 207 2455 eris
230 2391 263 2454 in
280 2389 393 2455 Africa
417 2391 518 2467 solus,
542 2413 583 2455 an
600 2390 652 2455 hic
670 2400 724 2455 tuo
742 2391 954 2477 conlegaeque
972 2391 1014 2455 tui
1034 2409 1071 2453 cn

148 2484 331 2550 coniuncto?
365 2506 406 2550 ne
430 2484 583 2550 Claudius
606 2485 733 2569 quidem
756 2496 787 2549 et
808 2485 923 2550 Livius
946 2483 1071 2551 consules

145 2579 263 2644 recenti
287 2579 444 2664 exemplo,
472 2589 624 2663 quantum
647 2579 681 2644 id
705 2580 841 2658 intersit,
874 2581 1071 2645 documento:

97 2692 128 2740 18
148 2673 242 2756 quid?
275 2673 488 2739 Hannibalem
510 2683 615 2738 utrum
634 2675 760 2739 tandem
779 2685 938 2740 extremus
956 2673 1070 2761 angulus

108 2848 111 2853 ¹
146 2766 264 2844 Brutti,
285 2767 407 2832 ‘frustra
427 2769 491 2832 iam
514 2769 568 2832 diu
590 2779 771 2855 poscentem
794 2769 834 2834 ab
857 2770 952 2835 domo
979 2766 1071 2834 auxilia

146 2860 322 2945 propinqua
353 2860 512 2950 Carthago
545 2873 576 2927 ct
611 2873 676 2928 tota
711 2864 797 2929 socia
823 2863 936 2929 Africa
970 2857 1071 2950 potenti

97 2974 128 3021 19
147 2953 242 3018 armis
263 2954 396 3039 virisque
414 2956 528 3021 faciet?
553 2957 638 3040 quod
655 2957 739 3022 istud
758 2956 922 3024 consilium
942 2969 1002 3036 est,
1018 2955 1071 3020 ibi1

146 3048 326 3127 decernere,
350 3050 405 3115 ubi
422 3060 495 3116 tuae
513 3051 642 3116 dimidio
661 3052 796 3118 minores
815 3053 924 3138 copiae
943 3055 1014 3129 sint,
1031 3049 1071 3113 hos

146 3141 244 3207 multo
269 3144 418 3222 maiores,
455 3167 550 3229 quam
576 3144 630 3211 ubi
657 3146 781 3212 duobus
808 3148 995 3213 exercitibus
1019 3143 1071 3209 adu

145 3259 242 3301 unum
265 3247 310 3303 tot
332 3239 458 3324 proeliis
477 3248 590 3304 ettam
609 3241 755 3306 diuturna
773 3252 803 3306 et
820 3242 910 3328 gravi
929 3241 1031 3306 militia
1045 3235 1071 3301 fet

93 3349 127 3398 20
144 3332 350 3416 pugnandum
377 3333 436 3398 sit?
469 3356 565 3418 quam
588 3357 716 3420 compar
738 3337 903 3401 consilium
927 3346 1012 3401 tuum
1030 3349 1071 3418 pur

146 3424 191 3487 tui
215 3426 344 3491 consilio
368 3428 422 3505 sit,
448 3438 567 3513 reputa
613 3429 665 3493 ille
688 3431 796 3495 consul
819 3431 980 3516 profectus
1001 3420 1071 3492 inH

145 3476 507 3598 niam‚utHani1ibali
533 3523 573 3588 ab
595 3523 734 3610 Alpibus
761 3526 964 3590 descendenti
941 3536 1071 3589 toccun

143 3613 177 3677 in
190 3569 313 3680 Italiam
332 3639 372 3680 ex
389 3618 549 3702 provincia
566 3620 671 3684 rediit.
697 3629 744 3697 tu,
764 3644 835 3684 cum
854 3619 1011 3685 Hannibal
1026 3606 1071 3679 inl

89 3725 124 3774 ιι
145 3707 198 3785 sit,
225 3709 400 3819 relinquere
421 3711 546 3776 Italiam
571 3735 678 3799 paras,
710 3737 773 3779 non
800 3715 875 3799 quia
900 3715 946 3779 rei
971 3708 1071 3799 publica

143 3803 233 3881 utile,
265 3805 322 3869 sed
347 3806 422 3890 quia
448 3807 505 3872 tibi
532 3808 729 3893 amplumet
717 3810 929 3894 tgloriosum
955 3819 1071 3872 censes*

145 3897 225 3960 sicut
253 3920 323 3963 curn
349 3900 512 3985 provincia
538 3912 569 3966 et
596 3903 712 3967 exercit
713 3927 734 3968 u
701 3904 869 3969 trelicto
896 3903 962 3968 sine
985 3899 1059 3999 lege,

145 4000 271 4055 senatus
306 3993 448 4060 consulto
484 3995 606 4061 duabus
643 3996 776 4063 navibus
811 3997 919 4084 populi
944 3984 1060 4060 Romani
