2528 4514
147 173 212 290 ssi
389 233 507 289 urana
524 231 623 301 xxv,
642 232 685 286 ec.
700 231 742 286 37.
763 230 947 303 [aueum]

143 396 177 460 in
194 402 297 460 castra
314 390 353 456 P.
373 388 546 476 Scipionis,
573 388 688 474 quibus
708 389 758 455 Ti.
776 388 931 456 Fonteius
946 390 1048 476 legatus
1062 411 1075 475 p

92 510 125 559 ts
144 498 224 566 erat,
250 487 467 574 perfugerant.
514 483 574 552 On
595 483 778 570 Scipionem
800 484 855 549 alii
876 484 910 549 in
935 485 1035 551 tumulo
1054 507 1075 571 p

141 583 263 669 impetu
279 580 418 646 hostium
442 602 570 645 caesum
592 581 732 657 tradunt,
760 578 814 644 alii
837 600 910 645 cum
931 580 1067 667 paucisin

142 654 294 762 pinquam
324 673 435 739 castris
466 673 576 739 turrim
605 673 804 759 perfugiss03
840 673 923 740 hanc
951 675 1011 763 igni
1031 673 1075 739 eiu

143 771 250 837 datam
277 777 371 855 atque
395 769 440 834 ita
466 768 586 834 exustis
613 767 749 845 foribus,
777 790 857 853 quas
884 769 970 835 nnlla
992 766 1073 835 moliri

116 930 119 935 Α
143 872 267 932 tuerent
288 864 335 942 vi,
363 872 487 949 captam
510 862 676 948 omnisque
697 863 783 927 intus
806 885 880 928 cum
901 864 970 951 ipso
989 865 1075 949 iupus

144 981 277 1025 occisos.

91 1081 126 1131 14
206 1053 303 1120 Anno
335 1066 447 1119 octavo
477 1062 646 1139 postquam
677 1053 711 1117 in
740 1052 933 1139 Hispaniam
962 1058 1068 1120 venerat

144 1147 266 1235 Scipio,
299 1146 564 1212 undetricensimo
582 1146 633 1213 die
650 1155 724 1232 post
745 1146 851 1212 fratris
870 1158 998 1214 mortem
1012 1142 1075 1212 esti

142 1243 255 1310 fectus.
298 1242 402 1307 luctus
425 1263 466 1306 ex
488 1250 588 1306 morte
611 1263 719 1306 eorum
742 1262 806 1306 non
823 1240 946 1308 Romae
964 1241 1075 1319 maiorq

91 1362 125 1413 15
141 1361 199 1426 per
224 1347 322 1405 totam
340 1336 530 1422 Hispaniam
556 1335 626 1401 fuit.
670 1336 747 1421 quin
773 1347 850 1421 aput
877 1337 955 1402 civis
979 1344 1071 1424 purten

140 1433 216 1500 loris
239 1442 271 1500 et
292 1432 448 1499 exercitus
470 1431 579 1496 amissi
602 1442 633 1496 et
655 1431 791 1497 alienata
816 1432 978 1517 provincia
996 1440 1020 1497 et
1034 1420 1075 1514 pul

92 1554 125 1604 16
142 1527 286 1595 trahebat
308 1526 432 1592 clades:
463 1525 640 1611 Hispaniae
663 1525 750 1611 ipsos
772 1524 925 1612 lugebant
947 1516 1075 1592 desiderat

115 1644 204 1708 ‚que
230 1622 341 1699 duces,
371 1617 516 1687 Gnaeum
543 1619 660 1706 magis,
688 1620 774 1704 quod
801 1620 919 1686 diutius
941 1618 1075 1707 praetuerit

142 1719 289 1804 priorque
316 1727 347 1781 et
378 1715 520 1782 favorem
552 1724 761 1801 occupaverat
791 1723 823 1779 et
854 1715 1008 1802 specimen
1029 1702 1075 1776 iot

142 1810 430 1897 temperantiaeque
447 1809 612 1874 Romanae
628 1809 750 1895 primus
768 1808 918 1875 ediderat

109 1930 124 1977 1
207 1901 398 1968 XXXVII.
444 1900 528 1967 Cum
549 1901 645 1967 deleti
663 1903 818 1968 exercitus
841 1890 1075 1988 amissaequeltt

108 2000 214 2073 aniae
240 1998 433 2075 viderentur,
461 1997 510 2062 vir
531 2020 613 2062 unus
636 2019 686 2063 res
708 1998 847 2084 perditas
869 2000 1009 2064 restituit.
1041 1994 1075 2057 es

115 2146 118 2153 .
143 2092 282 2159 exercitu
299 2091 341 2156 L.
359 2089 502 2156 Marcius
522 2088 658 2178 Septimi
675 2091 773 2170 filius,
802 2113 897 2177 eques
916 2093 1066 2159 Romanu,

141 2188 233 2277 piger
249 2186 372 2252 iuvenis
391 2185 550 2271 animique
568 2194 599 2251 et
616 2186 725 2272 ingeni
747 2185 906 2272 aliquanto
925 2210 1014 2272 quam
1030 2197 1070 2271 pto

107 2293 220 2356 etune
245 2281 280 2347 in
304 2302 368 2366 quo
393 2289 460 2346 erat
486 2290 578 2346 natus
605 2280 742 2346 maioris.
792 2282 834 2347 ad
859 2304 1012 2347 summam
1032 2268 1075 2343 iudt

142 2384 318 2442 accesserat
350 2372 411 2442 On.
443 2371 602 2460 Scipionis
638 2374 821 2461 disciplina,
859 2375 918 2441 sub
954 2398 1013 2461 qua
1036 2383 1075 2459 pt¹

106 2493 241 2540 caunos
269 2470 372 2536 omnis
398 2468 527 2535 militiae
554 2469 629 2534 artis
656 2470 786 2535 edoctus
812 2470 925 2535 fuerat.
979 2479 1008 2535 et
1029 2486 1075 2561 eu¹

142 2567 278 2633 collectis
306 2563 458 2630 militibus
485 2574 517 2630 et
547 2564 738 2650 quibusdam
768 2566 808 2630 de
838 2565 1001 2651 praesidiis
1030 2563 1075 2626 det

113 2712 116 2717 .
145 2659 202 2747 [is]
225 2660 311 2725 haud
339 2659 604 2726 contemnendum
630 2659 801 2724 exercitum
826 2659 946 2727 fecerat
973 2660 1075 2724 iunxet

108 2776 215 2823 ocum
237 2753 288 2818 Ti.
306 2753 440 2820 Fonteio
462 2752 502 2818 P.
527 2752 685 2840 Scipionis
712 2754 827 2841 legato.
874 2765 922 2820 set
946 2765 1068 2821 tantum-

142 2846 220 2911 stitit
245 2867 342 2931 eques
365 2846 528 2912 Romanus
556 2848 740 2914 auctoritate
761 2849 842 2914 inter
865 2849 979 2914 milites
1005 2857 1075 2930 atqu

142 2962 231 3018 nore,
258 2949 294 3004 ut
316 2941 426 3006 castris
450 2941 527 3007 citra
544 2941 702 3008 Hiberum
726 2944 942 3022 communitis,
971 2930 1075 3009 eumd

108 3056 123 3104 6
143 3037 297 3101 exercitus
317 3037 451 3103 comitiis
469 3037 656 3103 militaribus
679 3039 777 3103 creari
799 3038 985 3125 placuisset,
1012 3033 1075 3103 subt

141 3130 194 3197 alii
212 3130 282 3196 aliis
300 3131 333 3195 in
352 3132 527 3197 custodiam
545 3132 619 3196 valli
638 3133 852 3217 stationesque
874 3134 976 3199 donec
995 3138 1075 3219 pert

96 3266 99 3271 -
142 3224 329 3313 suffragium
351 3225 424 3303 iret,
454 3227 495 3292 ati
511 3227 553 3291 L.
572 3226 731 3292 Marcium
754 3228 859 3293 cuncti
882 3222 1075 3294 summamill

109 3319 318 3387 sustulerint.
364 3342 457 3386 omne
478 3321 552 3385 inde
574 3330 698 3408 tempus
716 3322 912 3409 -exiguum
933 3322 968 3388 id
989 3320 1041 3386 fuit
1053 3342 1075 3360 ,

141 3413 263 3479 niendis
286 3415 396 3481 castris
420 3414 695 3500 convehendisque
717 3416 946 3483 commeatibus
973 3424 1075 3483 consul

142 3515 174 3571 et
191 3507 296 3573 omnia
313 3508 445 3594 imperia
462 3510 577 3575 milites
597 3532 669 3575 oum
691 3511 828 3598 inpigre,
856 3520 925 3576 tum
942 3511 1075 3593 hautqua

107 3601 264 3672 sabiecto
290 3604 394 3671 animo
426 3605 670 3690 exequebantur.
724 3615 862 3672 ceterum
893 3617 1051 3693 postquam

142 3697 304 3764 drubalem
324 3696 475 3788 Gisgonis
497 3701 675 3766 venientem
697 3702 738 3766 cd
759 3701 908 3787 reliquias
930 3701 1003 3769 belli
1022 3695 1075 3763 det·

142 3793 292 3860 transisse
310 3793 468 3862 Hiberum
487 3805 518 3861 et
536 3796 787 3883 adpropinquare
805 3797 946 3863 adlatum
968 3805 1015 3863 est
1030 3793 1075 3877 sig

143 3903 204 3968 que
228 3910 354 3976 pugnae
381 3890 577 3977 propositum
600 3890 640 3957 ab
666 3914 750 3958 novo
775 3891 857 3959 duce
883 3891 996 3958 milites
1016 3885 1075 3953 vitlt
