2528 4514
141 228 212 295 190
370 238 490 295 amna
506 237 635 309 xxnn,
653 237 755 293 aare.
775 236 964 310 [suaso]

110 420 128 469 s
146 398 439 486 esse‘tyrannorum
458 397 573 483 stirpis.
600 397 679 462 haec
695 407 807 461 natura
824 396 1039 463 multitudinis
1053 410 1094 463 est

43 547 47 552 .
146 495 243 562 servit
259 493 419 559 humiliter
435 502 490 557 aut
511 491 646 578 superbe
664 491 855 570 dominatur,
882 491 1078 572 libertatem,

74 649 82 663 .
110 611 127 661 a
145 591 329 667 mediaest,
355 609 416 653 nec
433 598 553 654 struere
575 586 697 652 modice
714 608 774 651 nee
790 584 908 651 habere
926 587 1047 665 sciunt,
1073 610 1094 653 e

144 684 244 749 ferme
275 683 389 747 desunt
419 681 535 746 irarum
566 680 766 766 indulgentes
801 679 951 790 ministri,
988 682 1044 766 qui
1073 705 1094 747 a·

145 787 240 864 atque
265 777 508 862 intemperantes
535 775 760 861 suppliciorum
782 775 905 840 animos
927 773 970 840 ad
997 798 1094 863 sangu

94 892 127 941 ro
145 881 177 937 et
200 871 312 937 caedes
337 870 472 934 inritent
517 869 691 933 sicuttum
718 868 876 954 extemplo
902 878 1064 978 praetores
1089 894 1094 934 1

144 966 262 1030 tionem
279 963 531 1049 promulgarunt,
559 971 750 1071 acceptaque
766 984 868 1048 paene
884 963 974 1049 prius
992 962 1087 1047 q'uam

144 1059 287 1146 mulgata
321 1068 388 1137 est,
428 1068 464 1121 ut
497 1078 607 1123 omnes
643 1057 748 1143 regiae
784 1056 889 1143 stirpis
925 1057 1094 1124 interficere

93 1174 125 1222 11
144 1153 296 1236 missique
330 1175 350 1217 a
378 1150 574 1240 praetoribus
606 1149 812 1216 Demaratam
848 1150 1002 1218 Hieronis
1037 1152 1094 1217 etl

144 1248 283 1313 moniam
301 1244 433 1312 Gelonis
449 1245 561 1324 filiam,
581 1246 731 1330 coniuges
744 1243 948 1310 Adranodori
966 1255 998 1310 et
1016 1245 1094 1310 Ther

143 1341 375 1406 interfecerunt.

111 1457 125 1503 1
209 1433 343 1500 XXVL
391 1434 541 1498 Heraclia
568 1445 635 1499 erat
660 1434 725 1498 filia
747 1432 913 1512 Hieronis,
948 1457 1032 1500 uxor
1055 1432 1094 1500 Zo'

145 1530 200 1614 qui
216 1530 340 1617 legatus
363 1528 403 1594 ab
422 1528 619 1614 Hieronymo
637 1529 679 1593 ad
699 1551 808 1615 regem
824 1527 1044 1596 Ptolemaeum
1060 1530 1094 1594 mi

110 1645 126 1693 a
145 1624 357 1690 voluntarium
380 1623 575 1689 consciverat
596 1623 735 1688 exilium.
780 1645 818 1688 ea
839 1645 913 1688 oum
935 1624 977 1689 ad
1000 1648 1033 1690 se
1052 1645 1094 1708 qut

144 1719 252 1784 venire
269 1717 472 1803 praescisset,
500 1718 534 1781 in
552 1718 723 1783 sacrarium
740 1718 781 1782 ad
797 1727 928 1803 penates
947 1719 1094 1805 confugit*

42 1890 45 1895 .
144 1811 268 1877 duabus
285 1812 411 1877 filiabus
431 1811 604 1896 virginibus
622 1811 767 1877 resolutis
790 1811 929 1878 crinibus
946 1811 1094 1878 miserabil

110 1927 126 1973 a
144 1905 206 1970 alio
223 1904 347 1984 habitu,
376 1914 407 1969 et
425 1906 466 1970 ad
484 1927 521 1970 ea
538 1906 659 1971 addidit
675 1928 798 1992 preces,
822 1928 906 1972 nunc
922 1929 982 1994 per
998 1926 1094 1973 memor

143 1999 293 2064 Hieronis
312 1999 409 2084 patris
420 1997 614 2084 Gelonisque
631 2000 752 2079 fratris,
772 2023 812 2065 ne
830 2023 875 2087 se,
882 2000 1042 2068 innoxiam
1055 2001 1094 2065 ina

109 2092 331 2178 4Hieronymi
354 2092 548 2179 conflagrare
571 2095 721 2160 sinerent:
748 2093 826 2158 nihil
853 2117 888 2159 se
911 2117 952 2160 ex
974 2089 1094 2182 regnorl

144 2196 269 2273 praeter
286 2186 414 2252 exilium
430 2187 490 2253 viri
507 2187 624 2254 habere
641 2210 743 2273 neque
760 2188 920 2254 fortunam
937 2213 1028 2255 suam
1044 2182 1094 2254 ond

144 2281 218 2345 vivo
240 2279 437 2367 Hieronymo
459 2280 558 2347 fuisse
581 2303 675 2366 quam
699 2282 813 2348 sororis
835 2304 939 2366 neque
957 2282 1094 2348 interfecto

109 2396 274 2444 scansam
297 2375 429 2440 eandem
452 2397 532 2441 esse.
576 2375 666 2459 quid,
693 2377 792 2460 quod,
821 2376 848 2441 si
869 2375 1094 2443 Adranodorot

144 2469 214 2534 silia
237 2469 480 2554 processissent,
511 2469 566 2535 illa
591 2491 663 2534 cum
689 2470 756 2535 viro
783 2469 877 2536 fuerit
902 2482 1074 2558 regnatura,

110 2584 125 2631 6
144 2585 218 2629 oum
239 2565 351 2630 ceteris
375 2563 597 2629 serviendum?
632 2565 752 2650 siquis
775 2565 897 2651 Zoippo
920 2562 1094 2643 nuntietis

142 2657 262 2723 fectum
280 2658 511 2744 Hieronymum
533 2680 571 2723 ac
591 2657 739 2725 liberatas
759 2656 950 2747 Syracusas,
979 2659 1028 2725 cui
1043 2654 1094 2722 dub

144 2771 230 2828 esse,
265 2751 341 2834 quin
368 2751 525 2837 extemplo
552 2773 781 2818 conscensurus
813 2753 853 2818 sit
882 2776 998 2819 navem
1024 2761 1094 2835 atque

111 2843 278 2928 tpatrlam
298 2845 475 2910 rediturus?
510 2855 660 2930 quantum
684 2869 756 2932 spes
778 2845 942 2912 hominum
964 2845 1043 2912 fatti!
1076 2843 1094 2908 it

143 2936 252 3002 berata
268 2938 369 3023 patria
385 2939 551 3025 coniugem
569 2940 636 3005 eius
655 2962 692 3006 ac
709 2941 823 3006 liberos
841 2941 882 3005 de
899 2941 966 3008 vita
978 2940 1094 3006 &mear

110 3050 126 3098 8
143 3031 221 3116 quid
237 3030 398 3097 obstantes
415 3032 551 3099 libertati
570 3044 624 3098 aut
641 3034 784 3121 legibus?
813 3035 899 3120 quod
916 3035 957 3100 ab
977 3057 1011 3102 se
1029 3033 1094 3116 cuiq

142 3126 331 3212 periculum,
359 3151 378 3192 a
399 3128 467 3195 sola
489 3151 526 3194 ac
547 3152 646 3215 prope
671 3129 767 3195 vidua
793 3140 823 3196 et
848 3130 962 3215 puellis
985 3132 1018 3195 in
1043 3124 1094 3194 orbi

143 3221 330 3308 degentibus
357 3223 446 3288 esse?
488 3233 521 3288 at
547 3225 630 3289 enim
656 3224 792 3313 periculi¹
817 3225 946 3309 quidem
971 3218 1094 3290 nihilal

109 3335 124 3382 a
144 3314 266 3393 timere,
293 3316 429 3381 invisam
451 3327 556 3382 tamen
579 3319 707 3403 stirpem
728 3319 849 3406 regiam
866 3340 948 3385 esse.
996 3319 1094 3403 ablega

144 3430 219 3495 ergo
236 3409 345 3495 procul
367 3411 407 3476 ab
428 3408 594 3496 Syracusis
615 3411 784 3496 Siciliaque
807 3422 838 3478 et
859 3415 1015 3500 asportari
1035 3411 1094 3478 Ale

144 3502 244 3567 driam
261 3503 403 3569 iuberent
421 3506 462 3568 ad
479 3505 581 3569 virum
599 3529 742 3584 uxorem,
762 3506 802 3571 ad
818 3515 942 3593 patrem
959 3508 1049 3574 filias.

93 3614 127 3663 10
207 3595 340 3663 Aversis
359 3599 486 3664 auribus
505 3600 693 3685 animisque,
720 3623 810 3667 casse
828 3623 868 3666 ne
886 3613 1013 3689 tempus
1031 3612 1094 3666 tere]

144 3700 179 3755 ut
195 3690 313 3757 ferrum
331 3694 484 3777 quosdam
498 3695 699 3780 expedientes
713 3696 874 3762 cernebat:
892 3706 962 3762 tum
975 3696 1093 3764 omissis

94 3801 125 3848 11
145 3808 179 3849 se
200 3785 360 3870 precibus,
387 3788 500 3872 puellis
522 3799 557 3853 ut
580 3789 639 3854 salt
628 3800 691 3855 tem
712 3799 877 3876 parcerent
899 3814 989 3858 orare
1006 3788 1094 3856 institi

145 3897 208 3959 qua
224 3888 325 3944 aetate
343 3881 436 3946 etiam
454 3881 630 3948 hostesira
583 3893 679 3948 rratos
703 3884 874 3963 abstinere,
901 3907 943 3951 ne
961 3895 1094 3996 tyranno

93 3990 126 4037 12
145 3970 289 4038 ciscendo
307 3995 387 4060 quae
405 3975 545 4041 odissent
559 3977 698 4043 scelera
689 3979 750 4065 ipsi
762 3979 971 4046 imitarentur.
1006 3981 1094 4045 inter
