2528 4530
267 239 385 295 nrssnn
402 239 500 308 xxv,
519 237 562 292 33.
571 236 614 294 34.
634 240 674 307 [a.
684 235 714 293 o.
724 237 788 307 212]
982 222 1048 293 253

80 423 121 465 sus
139 398 288 485 coniungi
305 397 384 463 vidit
401 417 496 481 posse
518 416 577 461 nec
593 394 693 460 ullum
715 394 802 461 aliud
819 393 955 461 salutare
973 416 1048 461 oon-

80 517 118 560 1m
140 493 175 558 in
205 499 354 580 promptu
385 511 473 568 esse,
509 498 592 554 retro
618 497 772 573 quantum
797 497 906 575 posset
935 490 1079 558 cederes

80 589 134 666 uit,
160 587 195 652 in
215 586 249 651 id
270 584 356 651 omni
378 606 454 650 cura
473 583 627 662 intentus,
655 581 770 650 necubi
790 582 875 650 hosti
892 604 993 669 aequo
1012 605 1047 649 se

80 682 218 748 {mitteret
235 681 319 759 loco,
348 679 402 765 qui
419 690 635 766 transgressus
653 677 771 744 flumen
788 699 887 765 prope
904 678 1046 766 vestigiis

80 777 193 842 nntium
210 774 387 841 insistebat.

80 869 268 935 XXXIIH.
303 867 367 934 Per
384 868 512 935 eosdem
531 868 598 932 dies
612 865 651 931 P.
663 864 845 954 Scipionem
861 890 919 954 par
937 879 1044 946 terror,
1066 887 1078 932 1

80 965 184 1030 culum
202 963 304 1028 maius
323 962 364 1029 ab
386 984 470 1028 novo
492 962 583 1027 hoste
601 959 742 1048 urgebat.
786 960 962 1027 Masinissa
980 972 1045 1027 erat
1064 980 1079 1026 2

80 1059 131 1123 nis
143 1081 216 1123 -eo
230 1067 369 1142 tempore
383 1067 450 1122 erat
464 1056 569 1122 socius
579 1054 889 1143 Carthaginiensium
897 1092 933 1134 -,
952 1078 1047 1141 quem

80 1152 122 1217 ide
150 1152 270 1218 clarum
296 1161 519 1236 potentemque
546 1149 692 1216 Romana
717 1148 793 1214 fecit
819 1149 966 1214 amicitia.
1018 1149 1081 1215 iss

100 1268 173 1311 cum
196 1246 337 1331 equitatu
359 1245 568 1309 Numidarum
590 1253 622 1309 et
643 1244 821 1309 advenienti
842 1242 881 1309 P.
905 1241 1047 1330 Scipioni

80 1340 157 1419 urit,
177 1349 209 1405 et
227 1339 340 1404 deinde
358 1339 489 1404 adsidue
508 1338 576 1403 dies
593 1349 765 1423 noctesque
779 1337 914 1404 infestus
928 1338 1046 1416 aderat,

80 1456 133 1499 ron
161 1455 261 1521 vagos
289 1443 410 1498 tantum
432 1432 542 1518 procul
564 1456 584 1498 a
606 1433 717 1499 castris
738 1432 895 1521 lignatum
916 1432 1047 1519 pabula·
1065 1453 1081 1500 4

80 1550 138 1613 que
165 1548 350 1614 progressos
383 1527 554 1612 exciperet,
587 1527 644 1591 sed
669 1526 747 1613 ipsis
775 1526 969 1611 obequitaret
995 1549 1047 1592 ca·

80 1623 307 1706 rinvectusque
329 1622 363 1686 in
379 1622 499 1686 medias
519 1643 613 1707 saepe
637 1622 786 1687 stationes
804 1621 910 1687 omnia
926 1620 1047 1708 ingenti

81 1717 144 1782 ultu
163 1717 311 1782 turbaret.
356 1716 502 1782 noctibus
526 1738 651 1801 quoque
674 1737 769 1801 saepe
790 1716 919 1781 incursu
936 1736 1080 1802 repen-5

92 1811 240 1898 inportis
262 1811 408 1896 valloque
431 1811 620 1898 trepidatum
643 1820 705 1888 est,
732 1831 792 1876 nec
814 1821 868 1876 aut
885 1811 974 1877 locus
992 1820 1047 1875 aut

80 1927 133 1990 pus
156 1905 260 1970 ullum
287 1928 424 1971 vacuum
445 1929 464 1970 a
486 1917 572 1971 metu
598 1928 636 1971 ac
659 1905 867 1972 sollicitudine
894 1914 960 1971 erat
980 1904 1047 1970 Ro-

80 2001 125 2079 is,
150 2001 366 2088 compulsique
383 2001 465 2067 intra
482 2001 600 2066 vallum
618 2003 766 2088 adempto
783 2024 888 2067 rerum
906 2000 1047 2068 omnium
1065 2019 1079 2066 6

80 2146 82 2157 ,
116 2118 190 2160 cum
207 2118 305 2181 prope
322 2096 406 2161 iusta
424 2094 547 2161 obsidio
566 2106 663 2173 esset,
681 2095 884 2180 futuramque
901 2096 1047 2160 artiorem

80 2201 277 2276 appareret,
297 2191 325 2255 si
343 2212 377 2255 se
390 2189 558 2269 Indebilis,
577 2211 671 2275 quem
690 2211 763 2254 cum
781 2198 902 2275 septem
919 2188 1046 2255 milibus

80 2286 239 2372 ningentis
258 2284 523 2352 Suessetanorum
540 2285 709 2350 adventare
726 2283 813 2348 fama
830 2293 910 2361 erat,
928 2281 1046 2348 Poenis

81 2380 238 2458 unxisset,
266 2381 332 2445 dux
354 2389 465 2445 cautus
489 2388 520 2445 et
541 2379 710 2464 providens
734 2374 842 2463 Scipio
869 2376 970 2441 victus
992 2397 1079 2441 ne-7

80 2475 210 2541 itatibus
229 2475 428 2540 temerarium
447 2474 531 2559 capit
548 2473 727 2550 consilium,
746 2482 782 2535 ut
798 2480 891 2537 nocte
907 2468 1046 2535 Indebili

80 2595 136 2638 am
154 2572 214 2637 iret
232 2582 263 2637 et
280 2592 479 2656 quocumque
503 2569 691 2635 occurrisset
712 2568 782 2633 loco
799 2565 955 2652 proelium
972 2586 1047 2629 oon-

80 2676 136 2733 ret.
181 2666 289 2731 relicto
315 2666 412 2751 igitur
437 2664 562 2730 modico
584 2661 743 2750 praesidio
763 2661 798 2726 in
819 2659 930 2726 castris
956 2675 1080 2744 prae-8

80 2768 177 2845 ‚toque
195 2759 245 2824 Ti.
263 2759 396 2825 Fonteio
413 2758 533 2846 legato,
560 2757 665 2824 media
686 2765 778 2822 nocte
794 2754 956 2843 profectus
973 2774 1047 2818 cum

80 2855 110 2921 is
138 2855 282 2921 hostibus
309 2877 422 2920 manus
449 2855 616 2920 conseruit
664 2853 792 2941 agmina
822 2851 924 2939 magis
951 2868 1080 2935 quomo

80 2973 92 3016 s
105 2950 305 3037 pugnabant,
325 2950 467 3037 superior
480 2960 599 3028 tamen,
618 2957 654 3014 ut
665 2949 700 3013 in
712 2946 915 3014 tumultuaria
927 2968 1046 3032 pugna,

80 3066 175 3109 tanus
206 3053 283 3111 erat.
337 3053 476 3109 ceterum
507 3053 539 3109 et
569 3043 690 3128 equites
721 3040 878 3108 Numidae
902 3048 1046 3125 repente,

80 3162 89 3205 s
108 3137 263 3204 fefellisse
282 3160 316 3204 se
334 3139 400 3203 dux
415 3148 503 3204 ratus
522 3147 602 3217 erat,
629 3136 670 3203 ab
692 3135 842 3202 lateribus
865 3130 1048 3200 circumfusi
1165 3133 1167 3136 ⁴

80 3255 164 3313 ¹num
182 3241 332 3298 terrorem
353 3231 496 3299 intulere.
541 3240 700 3297 contracto
722 3230 874 3296 adversus
891 3224 1046 3292 Numidas
1067 3245 1099 3291 ro

80 3326 182 3392 amine
216 3348 298 3392 novo
333 3327 441 3392 tertius
476 3326 605 3411 insuper
639 3324 766 3390 advenit
800 3321 914 3399 hostis,
950 3319 1047 3384 duces

80 3421 112 3485 ni
131 3420 275 3485 adsecuti
292 3419 333 3486 ab
355 3430 444 3506 tergo
466 3421 530 3484 iam
548 3419 733 3506 pugnantis,
761 3435 939 3501 ancepsque
957 3434 1048 3499 proe-

80 3540 87 3579 ι
115 3513 279 3581 Romanos
307 3515 567 3592 circumsteterat,
602 3513 739 3578 incertos
765 3511 799 3575 in
825 3531 920 3595 quem
949 3507 1049 3594 potis·

80 3632 130 3675 um
160 3609 285 3675 hostem
314 3630 450 3694 quamve
479 3609 513 3674 in
542 3617 664 3695 partem
694 3605 828 3672 conferti
853 3602 1048 3690 eruptionem

81 3717 163 3770 rent.
208 3703 361 3791 pugnanti
377 3703 575 3788 hortantique
592 3700 772 3788 imperatori
793 3709 825 3766 et
842 3696 984 3765 offerenti
1001 3716 1046 3775 se,
1067 3721 1099 3769 11

85 3798 245 3887 plurimus
267 3798 357 3864 labor
384 3808 463 3878 erat,
489 3798 572 3864 latus
595 3796 741 3862 dextrum
761 3794 872 3861 lancea
893 3790 1047 3870 traicitur;

80 3915 197 3979 rusque
219 3892 247 3959 is
268 3893 422 3972 hostium,
451 3892 505 3978 qui
526 3892 559 3957 in
581 3888 739 3956 confertos
758 3889 840 3955 circa
858 3888 971 3954 ducem
988 3885 1048 3951 im-
