2528 4514
252 235 369 290 urana
386 235 514 306 xxvn,
532 235 596 290 aa.
618 239 655 304 [a.
667 235 769 304 caro]
965 223 1028 289 327

95 417 112 459 o
141 393 209 460 sere
239 402 377 479 tempore
408 391 505 478 legati
535 391 574 458 ab
605 415 680 479 rege
712 390 860 480 Syphace
892 393 1062 466 Romamn

95 498 168 566 unt,
204 509 348 572 quaeque
378 508 528 572 prospera
556 486 675 572 proelia
704 509 761 553 rex
791 510 864 553 cum
895 487 1028 555 Cartha-

95 583 192 648 rsibus
214 582 343 648 fecisset
364 590 588 659 memorantes,
615 604 723 669 regem
745 604 804 648 nec
824 580 1028 650 inimiciorem
1047 607 1062 654 o

95 677 187 764 opulo
205 699 301 762 quam
316 675 570 763 Carthaginiensi
586 698 645 741 nec
663 677 843 744 amiciorem
860 677 1031 762 quamRo-

116 794 185 838 esse
212 769 430 861 adfirmabant.
473 771 599 837 misisse
622 793 695 835 eum
717 781 809 837 antea
829 768 951 858 legatos
968 772 1030 839 Hi·

95 887 142 929 am
168 865 210 930 ad
233 863 293 931 Cn.
321 874 352 929 et
372 863 412 930 P.
437 861 601 948 Cornelios
627 864 829 949 imperatores
856 867 1027 946 Romanos,

102 959 142 1025 ab
164 960 234 1045 ipso
257 957 344 1024 velut
362 956 449 1023 fonte
466 968 572 1045 petere
589 957 766 1024 Romanam
788 959 956 1026 amicitiam
973 984 1029 1028 vo·

96 1100 105 1117 .
148 1062 276 1119 senatus
293 1075 357 1118 non
373 1052 487 1138 legatis
506 1053 599 1118 modo
618 1051 752 1140 benigne
769 1054 943 1141 respondit,
972 1056 1029 1120 sed
1048 1080 1061 1124 7

95 1169 115 1211 e
130 1146 253 1232 legatos
272 1169 343 1211 cum
363 1146 454 1211 donis
472 1148 513 1212 ad
529 1169 638 1234 regem
654 1145 754 1224 misit,
777 1146 818 1212 L.
839 1143 1027 1227 Genucium,

95 1241 245 1318 ›etehum,
270 1239 310 1305 P.
328 1240 508 1326 Popillium.
554 1242 637 1306 dona
654 1240 752 1306 tulere
770 1250 878 1328 togam
897 1250 928 1308 et
945 1243 1028 1308 tuni-
1045 1261 1060 1310 8

95 1354 291 1420 purpuream,
320 1335 430 1400 sellam
452 1333 635 1412 eburneam,
661 1345 803 1421 pateram
825 1357 865 1401 ex
890 1336 1027 1422 quinque

95 1449 102 1490 r
118 1430 185 1494 auri
204 1429 329 1494 factam.
361 1431 503 1515 protinus
521 1442 553 1494 et
570 1429 648 1495 alios
657 1428 788 1497 Africae
804 1430 930 1519 regulos
949 1431 1027 1496 iussi
1046 1452 1060 1499 9

117 1524 155 1589 iis
174 1546 300 1609 quoque
317 1546 399 1608 quae
417 1525 564 1590 darentur
580 1534 717 1610 portata,
736 1533 830 1611 togae
846 1535 1027 1611 praetextae

95 1640 132 1681 na
148 1619 254 1702 pondo
272 1627 399 1702 paterae
422 1641 546 1683 aureae.
590 1629 622 1682 et
638 1616 873 1685 Alexandream
890 1621 931 1685 ad
948 1619 1025 1686 Pto·
1045 1640 1077 1688 10

95 1734 150 1775 :um
177 1722 209 1777 et
236 1710 436 1797 Cleopatram
462 1735 554 1798 reges
581 1711 629 1777 M.
655 1711 791 1791 Atilius,
817 1710 874 1779 Μ’.
901 1713 1025 1779 Acilius

100 1853 109 1883 ,
143 1805 185 1870 ad
216 1806 521 1871 commemorandam
551 1808 826 1892 renovandamque
857 1807 1026 1873 amicitiam

95 1946 100 1974 ,
132 1900 216 1964 dona
242 1901 354 1979 tulere,
390 1901 458 1986 regi
485 1910 592 1988 togam
620 1912 651 1966 et
676 1900 813 1968 tunicam
835 1925 1026 1990 purpuream

95 1994 164 2058 sella
187 1993 339 2073 eburnea,
365 1995 493 2080 reginae
514 1995 631 2082 pallam
652 1997 769 2083 pictam
796 2019 868 2062 cum
890 1997 1025 2063 amiculo

95 2109 158 2152 reo.

95 2181 161 2248 ulta
178 2204 216 2247 ea
234 2192 366 2261 aestate,
390 2205 454 2267 qua
469 2183 549 2248 haec
566 2183 651 2249 facta
669 2193 755 2261 sunt,
783 2205 824 2248 ex
839 2181 1024 2269 propinquis
1045 2204 1074 2249 11

95 2299 123 2340 rs
142 2276 290 2363 agrisque
311 2277 454 2342 nuntiata
477 2286 549 2342 sunt
571 2276 729 2363 prodigia:
757 2276 889 2341 Tusculi
907 2299 1024 2363 agnum

95 2369 186 2436 ubere
212 2371 340 2435 lactenti
365 2381 488 2449 natum,
514 2371 602 2436 Iovis
629 2371 717 2437 aedis
745 2369 869 2435 culmen
893 2369 1024 2435 fulmine

107 2487 145 2530 ac
162 2487 260 2550 prope
278 2465 364 2529 omni
383 2475 465 2530 teoto
482 2466 650 2544 nudatum3
677 2465 778 2530 isdem
796 2458 894 2530 ferme
913 2463 1023 2530 diebus
1045 2481 1076 2528 12

95 2560 160 2624 niae
178 2570 293 2625 terram
311 2570 383 2625 ante
400 2570 524 2646 portam
541 2560 636 2627 ictam
654 2560 739 2625 diem
760 2581 798 2625 ac
814 2569 939 2625 noctem
957 2559 1024 2625 sinc'

95 2653 160 2738 gnis
184 2651 332 2718 alimento
354 2655 485 2732 arsisse,
513 2664 544 2719 et
566 2677 640 2720 aves
663 2652 705 2719 ad
728 2652 910 2742 Compitum
936 2653 1026 2721 Ana-

95 2770 123 2811 m
150 2748 185 2811 in
214 2748 286 2813 luco
311 2747 438 2814 Dianae
468 2749 560 2814 nidos
590 2749 625 2813 in
654 2747 818 2815 arboribus
844 2749 1024 2834 reliquisse3

95 2841 180 2906 cinae
207 2842 241 2905 in
266 2842 344 2906 mari
366 2843 452 2908 haud
473 2842 582 2929 procul
604 2852 698 2930 portu
720 2864 841 2932 angues
867 2843 1075 2932 magnitu-13

96 2935 194 3000 mirae
212 2934 442 3000 lascivientium
463 2937 598 3022 piscium
621 2936 715 3003 modo
739 2938 910 3016 exultasse3
947 2936 1076 3003 Tar-14

95 3052 105 3094 s
132 3050 266 3114 porcum
291 3051 364 3094 cum
394 3053 446 3096 ore
473 3031 611 3096 humano
636 3032 797 3118 genitum,
834 3032 922 3096 etin
949 3053 1025 3117 agro

95 3132 156 3188 rate
187 3123 228 3189 ad
258 3122 366 3188 lucum
392 3124 545 3191 Feroniae
575 3136 722 3210 quattuor
751 3127 842 3212 signa
872 3123 1024 3210 sanguine

116 3218 201 3282 diem
227 3240 265 3283 ac
291 3229 416 3283 noctem
443 3220 584 3286 sudasse.
637 3221 715 3288 haec
744 3218 888 3306 prodigia
912 3218 1023 3285 hostiis
1044 3235 1075 3283 15

95 3314 163 3378 ibus
181 3324 347 3400 procurata
365 3315 488 3380 decreto
502 3315 685 3401 pontificum
697 3324 728 3381 et
742 3314 927 3402 supplicatio
941 3314 1024 3379 diem

95 3431 113 3473 e
132 3409 173 3473 ad
191 3408 297 3473 omnia
312 3408 502 3494 pulvinaria,
522 3411 653 3476 alterum
671 3411 704 3474 in
718 3408 872 3495 Capenati
889 3431 965 3496 agro
983 3411 1024 3475 ad

94 3503 147 3567 iae
164 3502 272 3568 lucum
289 3503 416 3569 indicta.

95 3650 96 3660 ,
151 3597 200 3663 Μ.
227 3597 374 3664 Valerius
404 3600 513 3665 consul
543 3600 653 3666 litteris
689 3599 828 3677 excitus,
863 3598 1056 3685 provincial

95 3703 194 3777 tuque
212 3694 360 3759 mandato
379 3693 490 3760 Cincio
507 3695 655 3783 praetori,
674 3693 721 3759 M.
731 3692 858 3779 Valerio
871 3692 1024 3761 Messalla

95 3797 153 3853 tcto
171 3786 283 3854 classis
301 3810 373 3853 curn
390 3801 478 3876 parte
491 3790 621 3854 navium
637 3790 671 3853 in
679 3787 823 3855 Africam
839 3787 1024 3874 praedatum

103 3881 364 3967 speculatumque
382 3905 463 3967 quae
479 3883 616 3970 populus
628 3880 897 3969 Carthaginiensis
916 3891 1024 3970 ageret

95 3985 182 4060 etque
195 3976 308 4060 misso,
335 3977 402 4063 ipse
426 3979 535 4044 decem
555 3974 841 4066 naribus‘Romam
863 3977 1022 4065 profectus
1042 3998 1058 4045 2
