2528 4514
239 238 360 296 uumn
375 238 491 310 xxm,
507 239 551 295 aa.
564 238 608 295 aa
627 236 781 310 [scau]
970 226 1033 294 157

95 415 119 460 u
129 394 156 462 ab
168 397 246 464 nobis
265 395 325 463 sub
342 396 454 483 iugum
471 396 601 474 missos,
625 406 656 462 et
674 396 702 463 si
718 417 783 481 qua
800 395 862 463 alia
879 407 933 463 aut
950 396 1033 464 laeta

95 494 100 551 t
111 490 216 577 glon'osa
239 491 332 558 nobis
359 501 540 556 evenerunt.
593 512 674 576 quae
700 513 813 578 aspera
837 492 1066 577 adversaques
1102 542 1105 549 -

95 587 266 652 caeciderunt
278 585 398 651 minore
407 584 622 672 indignatione
634 585 750 651 referre
759 608 927 672 possumus
936 607 1032 670 quam

95 679 199 746 rhodie
226 681 383 746 eveniunt
436 679 544 765 magni
570 679 737 745 dictatores
769 701 842 745 cum
871 679 1065 767 magistrisa

95 770 156 852 lun,
173 773 238 840 bini
255 773 401 840 consules
420 794 492 838 cum
511 773 593 839 binis
612 772 829 839 consularibus
843 772 1032 840 exercitibus

95 868 253 937 edebantur
274 866 347 933 finis
369 875 508 946 nostros3
545 876 619 931 ante
641 866 802 952 explorato
829 879 860 933 et
882 867 1032 935 subsidiis

95 962 159 1028 isat
175 962 236 1028 sub
254 960 354 1048 signis
371 961 413 1025 ad
429 960 645 1047 populandum
663 959 833 1026 ducebant:
859 985 942 1027 nuno
959 985 1032 1049 pro-
1052 982 1084 1030 10

95 1057 149 1123 oris
166 1056 261 1122 unius
276 1065 307 1120 et
318 1054 408 1141 parvi
421 1055 461 1119 ad
479 1056 629 1120 tuendam
636 1053 750 1119 Nolam
766 1054 904 1140 praesidi
915 1056 1032 1142 praeda

95 1173 124 1228 ως
148 1152 212 1217 iam
230 1171 271 1215 ne
289 1148 506 1234 manipulatim
523 1149 664 1233 quidem,
690 1148 747 1213 sed
763 1148 920 1213 latronum
937 1150 1032 1216 modo

95 1255 180 1311 ruant
206 1243 281 1310 totis
307 1242 423 1307 finibus
450 1243 565 1307 nostris
592 1242 809 1330 neglegentius
832 1262 927 1326 quam
951 1244 1033 1315 siin

95 1362 141 1404 mo
163 1347 355 1426 vagarentur
377 1359 464 1423 agro.
510 1358 607 1401 causa
628 1346 735 1401 autem
755 1336 835 1402 haec
858 1345 920 1415 est,
947 1337 1033 1421 quod
1052 1358 1082 1406 11

95 1443 150 1499 etn
169 1432 313 1499 defendis
331 1441 362 1497 et
374 1441 482 1496 nostra
493 1431 656 1508 iuventus,
675 1453 770 1515 quae,
790 1431 818 1497 si
835 1430 921 1496 domi
938 1440 1031 1510 esset,

95 1541 163 1607 tur,
182 1529 285 1595 omnis
304 1527 363 1593 sub
382 1527 480 1613 signis
498 1526 611 1592 militat
629 1526 702 1592 tuis.
742 1549 801 1592 nec
818 1537 849 1592 te
867 1549 926 1592 nec
943 1549 1033 1592 exer-
1052 1547 1083 1594 12

110 1633 202 1688 tuum
217 1622 336 1699 norim,
363 1622 438 1700 nisi,
466 1645 486 1686 a
506 1643 569 1704 quo
587 1630 634 1686 tot
656 1620 740 1688 acies
758 1621 920 1687 Romanas
942 1621 1032 1686 fusas

95 1741 173 1802 sque
191 1740 262 1783 esse
281 1718 391 1795 sciam,
416 1718 445 1782 ei
462 1716 556 1782 facile
574 1738 644 1781 esse
662 1717 766 1782 dicam
783 1715 960 1803 opprimere
977 1738 1033 1802 pc

95 1835 154 1878 >res
173 1823 297 1878 nostros
316 1833 415 1897 vagos
434 1811 502 1875 sine
520 1810 620 1897 signis
637 1810 774 1896 palatos,
793 1831 857 1895 quo
875 1831 1033 1895 quemque

107 1906 253 1991 quamvis
272 1929 353 1970 vana
369 1905 505 1990 praedae
524 1927 606 1989 spes.
633 1903 841 1970 Numidarum
858 1926 1032 1991 paucorum
1052 1925 1082 1971 13

95 2000 195 2066 uidem
217 2000 334 2085 praeda
360 2008 451 2064 erunt
477 1998 729 2084 praesidiumque
758 1999 852 2064 simul
882 1998 973 2064 nobis
1000 2007 1032 2064 et

95 2094 284 2172 redemeris,
313 2093 467 2171 simodo,
495 2113 574 2176 quos
592 2103 627 2158 ut
645 2095 747 2159 socios
764 2092 898 2159 haberes
916 2093 1030 2178 dignos

94 2188 129 2310 li}
170 2189 247 2253 haut
275 2188 421 2274 indignos
448 2188 568 2252 iudicas
600 2209 679 2271 quos
705 2187 740 2251 in
768 2186 863 2250 fidem
889 2196 1031 2272 receptos

95 2304 118 2345 l!
131 2331 139 2346 ,
649 2321 654 2332 ,

95 2372 274 2441 lXXXIH.
312 2375 365 2440 Ad
383 2397 421 2441 ea
437 2374 601 2441 Hannibal
618 2373 793 2459 respondit,
817 2371 921 2437 omnia
939 2371 1033 2435 simul
1053 2393 1065 2437 1

95 2470 278 2555 rHirpinos
304 2467 540 2553 Samnitesque:
568 2480 600 2534 et
620 2468 758 2532 indicare
781 2466 886 2532 clades
909 2475 1033 2530 suaset

95 2586 105 2628 a
130 2565 323 2650 praesidium
351 2575 382 2628 et
408 2563 497 2648 queri
522 2563 704 2628 indefensos
736 2583 769 2626 se
799 2558 1031 2646 neglectosque.

95 2660 201 2723 andum
219 2669 324 2723 autem
342 2659 478 2743 primum
495 2657 609 2735 fuisse,
637 2657 709 2721 dein
726 2655 896 2742 petendum
913 2651 1033 2739 praesi·
1051 2673 1066 2719 a

95 2801 100 2829 ‚
119 2765 292 2839 postremo,
312 2754 344 2817 ni
358 2753 580 2838 inpetraretur,
599 2763 667 2817 tum
680 2751 814 2834 denique
828 2748 1031 2835 querendum,

95 2871 116 2912 a
137 2870 231 2933 opem
252 2847 449 2932 inploratam.
496 2847 668 2912 exercitum
689 2868 760 2912 sese
782 2868 845 2911 non
864 2844 898 2909 in
919 2866 1031 2930 agrum
1049 2865 1064 2913 a

95 2965 171 3006 num
188 2939 417 3020 Samnitemve,
436 2963 476 3007 ne
494 2951 525 3006 et
542 2942 610 3027 ipse
628 2941 715 3007 oneri
732 2949 828 3018 esset,
847 2949 895 3004 set
912 2938 945 3002 in
961 2959 1033 3022 pro-

106 3037 176 3101 loca
199 3037 356 3101 sociorum
372 3036 482 3122 populi
503 3037 641 3101 Romani
662 3036 879 3101 adducturum.
919 3033 958 3096 iis
976 3054 1033 3116 po-

95 3131 146 3195 dis
173 3140 206 3196 et
226 3130 357 3195 militem
385 3152 478 3195 suum
500 3131 691 3215 repleturum
709 3151 744 3197 se
765 3138 796 3194 et
817 3135 903 3192 metu
922 3123 1032 3211 procul

95 3249 98 3287 ι
116 3225 337 3291 submotmum
355 3224 465 3290 bostis.
501 3225 587 3309 quod
604 3226 645 3290 ad
656 3224 773 3291 bellum
786 3221 965 3286 Romamm
978 3217 1034 3282 ad·
1051 3237 1068 3284 4

95 3329 125 3398 et,
146 3321 173 3384 si
192 3319 392 3384 Trasimenni
409 3342 505 3402 quam
522 3318 671 3397 Trebiae,
695 3319 721 3384 si
740 3316 920 3383 Cannarum
938 3335 1034 3397 quam

95 3414 201 3480 menni
227 3438 335 3503 pugna
360 3414 495 3479 nobilior
516 3423 614 3492 esset,
647 3412 827 3479 Cannarum
849 3431 884 3476 se
907 3429 1032 3493 quoque

95 3510 186 3574 >riam
204 3509 372 3574 obscuram
389 3509 506 3575 maiore
525 3519 556 3574 et
573 3508 702 3574 clariore
719 3505 849 3572 victoria
865 3504 1031 3569 facturum.

98 3627 150 3668 um
172 3604 235 3669 hoc
257 3625 409 3688 responso
431 3602 673 3688 muneribusque
701 3601 813 3687 amplis
843 3599 965 3686 legatos
987 3596 1068 3662 ‹ti-⁵

95 3745 101 3775 ‚
128 3698 199 3783 ipse
225 3698 383 3783 praesidio
405 3698 528 3763 modico
549 3699 657 3765 relicto
678 3696 712 3762 in
733 3694 849 3760 Tifatis
873 3692 1033 3780 profectus

95 3817 103 3858 ›
122 3793 263 3857 exercitu
280 3793 325 3857 ire
342 3792 456 3858 Nolam
474 3794 585 3880 pergit.
613 3792 723 3858 eodem
731 3789 849 3855 Hanno
858 3811 899 3854 ex
911 3787 1032 3852 Bruttis
1052 3807 1067 3856 6

103 3887 323 3974 supplemento
351 3887 544 3974 Carthagine
574 3888 704 3952 advecto
735 3895 829 3969 atque
859 3881 1033 3967 elephantis

139 3983 251 4048 castris
270 3983 347 4047 haut
364 3983 474 4068 procul
490 3983 602 4070 positis
619 3981 714 4068 longe
732 3980 793 4046 alia
810 3977 916 4044 omnia
931 3976 1034 4061 inqui-
