2528 4530
149 217 213 285 142
368 230 486 288 LIBER
504 231 620 298 XXIII,
638 231 681 286 28.
694 231 737 287 29.
757 231 795 303 [a
803 226 941 301 unum]

109 411 126 460 8
144 393 218 470 rati,
242 390 270 455 si
287 389 475 467 Hannibali,
498 389 553 454 vix
570 410 628 474 per
645 411 679 455 se
696 388 759 475 ipsi
776 388 938 454 tolerando
955 388 1070 459 Italiae
1088 392 1096 454 l

145 483 330 551 Hasdrubal
348 484 414 549 dux
427 493 522 567 atque
530 482 755 568 Hispaniensis
770 482 926 548 exercitus
945 493 1030 549 esset
1043 484 1096 550 iun

112 600 127 647 a
146 579 235 644 illum
257 578 352 643 finem
370 578 506 643 Romani
526 577 639 662 imperi
661 576 738 642 fore.
782 576 833 642 his
855 577 941 641 anxii
958 579 1042 644 curis
1063 581 1096 644 at

144 674 256 740 berum
277 672 464 738 contrahunt
486 672 593 756 copias
617 681 648 735 et
670 671 800 736 transito
822 693 915 734 amne
938 693 1011 736 curn
1034 673 1092 738 diu

145 768 331 846 sultassent,
356 775 461 830 utrum
487 775 590 830 castra
616 766 726 830 castris
753 764 930 830 conferrent
953 789 995 829 an
1022 768 1096 832 satis

145 863 256 928 berent
287 861 381 926 sociis
409 859 717 946 Carthaginiensium
744 860 964 945 oppugnandis
997 883 1096 926 morai

95 979 128 1027 10
145 957 256 1022 itinere
287 954 446 1042 proposito
478 954 619 1031 hostem,
655 953 765 1017 urbem
796 975 816 1017 a
844 953 1021 1038 propinquo
1053 955 1096 1019 flu

145 1050 301 1117 Hiberam
327 1049 529 1135 appellatam,
557 1047 829 1133 opulentissimam
854 1070 893 1112 ea
918 1058 1096 1134 tempestat<

95 1168 126 1215 11
145 1144 248 1232 gionis
262 1144 344 1221 eius,
364 1164 546 1229 oppugnare
559 1151 680 1227 parant.
708 1141 794 1224 quod
807 1141 862 1205 ubi
877 1143 975 1207 sensit
984 1143 1096 1208 Hasdr

144 1261 203 1325 pro
220 1260 280 1325 ope
303 1237 432 1302 ferenda
455 1237 548 1302 sociis
572 1236 674 1322 pergit
691 1236 736 1299 ire
758 1236 826 1320 ipse
849 1237 890 1299 ad
911 1236 1023 1302 urbem
1043 1239 1096 1303 det'

94 1354 126 1401 ra
144 1354 245 1419 nuper
261 1333 295 1396 in
311 1331 407 1396 fidem
415 1330 631 1395 Romanorum
645 1330 898 1415 oppugnandam.
933 1331 979 1394 ita
991 1331 1058 1396 iam
1072 1355 1096 1396 c<

146 1425 269 1493 obsidio
288 1426 405 1491 omissa
422 1423 462 1489 ab
480 1424 632 1489 Romanis
651 1432 700 1487 est
722 1424 801 1486 etin
820 1423 925 1509 ipsum
942 1423 1096 1491 Hasdrub

145 1543 276 1587 versum
294 1519 422 1584 bellum.

112 1636 126 1681 1
210 1611 397 1680 XXVIIII.
425 1611 573 1696 Quinque
591 1611 711 1675 milium
729 1611 892 1676 intervallo
910 1621 1014 1678 castra
1033 1615 1096 1680 dist

148 1708 285 1774 habuere
307 1728 425 1792 paucos
448 1706 516 1770 dies
539 1727 597 1770 nec
620 1705 688 1770 sine
709 1705 833 1771 levibus
856 1706 982 1791 proeliis
1008 1730 1096 1774 neci

113 1823 129 1870 2
148 1802 248 1868 aciem
266 1802 399 1878 exirent,
431 1801 557 1865 tandem
579 1822 642 1864 uno
666 1799 838 1884 eodemque
862 1801 912 1865 die
934 1801 1021 1866 velut
1045 1826 1085 1868 ex

144 1897 249 1983 posito
280 1896 435 1980 utrimque
467 1896 594 1981 signum
623 1917 749 1981 pugnae
779 1896 975 1981 propositum
1006 1908 1056 1962 est
1086 1923 1096 1962 r

111 2010 128 2058 a
147 1988 292 2056 omnibus
312 1989 421 2074 copiis
432 1989 466 2054 in
489 2011 636 2074 campum
654 1990 840 2053 descensum
859 1999 916 2054 est.
963 1990 1078 2076 triplex
1095 2039 1096 2053 ,

145 2085 291 2150 Romana
316 2084 414 2149 acies:
449 2083 579 2148 velitum
605 2106 678 2169 pars
705 2084 786 2147 inter
816 2084 1040 2169 antesignanos
1067 2086 1095 2150 lo

111 2199 219 2265 tpars
241 2188 314 2265 post
337 2178 428 2266 signa
450 2188 593 2262 accepta,
621 2178 742 2262 equites
769 2199 886 2243 cornua
908 2179 1045 2246 cinxere.
1090 2179 1096 2245 l

146 2273 257 2339 drubal
275 2274 411 2338 mediam
429 2274 528 2340 aciem
541 2272 701 2359 Hispanis
709 2273 827 2351 firmat3
845 2277 877 2336 in
891 2275 1049 2354 cornibus,
1069 2276 1096 2340 dr

144 2369 270 2434 Poenos
297 2368 393 2445 locat,
428 2367 518 2434 laevo
544 2366 644 2433 Afros
675 2369 1022 2452 mercennariorumque
1049 2394 1096 2434 au:

146 2463 286 2548 equitum
303 2462 458 2528 Numidas
476 2462 655 2527 Poenorum
672 2462 844 2547 peditibus,
873 2472 994 2528 ceteros
1012 2463 1096 2529 Afris

112 2556 294 2624 acornibus
320 2558 458 2644 apponit.
503 2580 562 2622 nec
584 2578 693 2622 omnes
715 2555 872 2622 Numidae
893 2558 927 2621 in
949 2558 1060 2624 dextro
1084 2559 1095 2624 l

145 2673 258 2730 comu,
286 2653 343 2718 sed
369 2652 483 2737 quibus
511 2651 704 2716 desultorum
725 2651 759 2715 in
781 2652 909 2716 modum
936 2653 1028 2718 binos
1056 2664 1096 2718 tra

145 2745 229 2811 tibus
256 2767 355 2831 equos
380 2747 462 2812 inter
483 2746 665 2812 acerrimam
689 2767 783 2831 saepe
804 2769 945 2832 pugnam
966 2748 1000 2812 in
1022 2771 1096 2813 rece:

146 2860 263 2922 equum
280 2861 320 2904 ex
337 2839 424 2906 fesso
442 2841 569 2906 armatis
587 2840 773 2905 transultare
795 2863 864 2905 mos
882 2850 962 2905 erat:
990 2851 1077 2907 tanta
1093 2866 1096 2874 ·

112 2949 129 2999 6
147 2931 225 2998 citas
247 2933 325 3019 ipsis
348 2943 474 3019 tamque
496 2935 596 3000 docile
619 2955 770 3019 equorum
792 2957 893 3021 genus
921 2944 978 3000 est.
1024 2959 1095 3000 cum

145 3026 240 3093 modo
257 3027 400 3094 instructi
418 3037 548 3107 starent,
566 3028 788 3114 imperatorum
805 3029 968 3113 utriusque
986 3031 1083 3115 partis

145 3120 245 3187 ferme
267 3121 408 3210 dispares
432 3145 505 3210 spes
528 3132 628 3200 erant,
656 3146 730 3187 nam
755 3144 795 3187 ne
818 3123 951 3187 multum
974 3123 1096 3206 quidem

144 3237 276 3282 nurnero
294 3226 348 3283 aut
364 3240 479 3304 genere
497 3217 632 3282 militum
649 3217 683 3280 hi
696 3227 750 3282 aut
767 3216 812 3281 illi
825 3216 1038 3301 praestabant.
1074 3242 1096 3282 n

112 3329 127 3378 7
146 3309 206 3375 bus
223 3309 318 3398 longe
336 3312 443 3398 dispar
459 3312 582 3376 animus
599 3320 674 3376 erat.
701 3311 854 3376 Romanis
868 3312 967 3389 enim,
986 3334 1096 3396 quamq

146 3404 254 3489 procul
272 3429 292 3470 a
308 3405 409 3491 patria
429 3414 619 3492 pugnarent,
647 3405 739 3470 facile
761 3415 983 3491 persuaserant
1006 3408 1096 3472 duces

145 3496 239 3562 Italia
264 3508 357 3584 atque
384 3500 461 3566 urbe
487 3499 632 3565 Romana
658 3521 712 3564 eos
743 3521 898 3585 pugnare,
934 3501 1055 3585 itaque,
1090 3524 1096 3540 ¹

145 3590 259 3673 quibus
286 3593 404 3659 reditus
430 3592 464 3658 in
488 3593 621 3679 patriam
648 3615 686 3658 eo
713 3592 892 3658 discrimine
922 3616 1050 3680 pugnae
1075 3617 1096 3657 v

38 3750 42 3756 .
111 3703 128 3752 8
145 3694 245 3763 retur,
263 3685 496 3754 obstinaverant
513 3686 626 3754 animis
645 3688 769 3753 vincere
788 3698 842 3752 aut
859 3689 948 3754 mori.
984 3691 1087 3753 minus

146 3778 263 3846 tinaces
281 3781 366 3848 viros
383 3780 521 3848 habebat
538 3781 635 3846 altera
653 3782 750 3860 acies,
777 3806 851 3848 nam
869 3784 1008 3848 maxima
1025 3806 1094 3869 pars

145 3873 235 3958 spani
253 3885 355 3954 eraut,
381 3876 436 3962 qui
457 3876 540 3943 vinci
560 3877 595 3941 in
611 3875 769 3962 Hispania
791 3900 886 3961 quam
904 3878 1039 3944 victores
1060 3878 1092 3941 in

110 3985 127 4036 a
145 3965 220 4033 liam
237 3970 318 4036 trabi
335 3970 502 4039 malebant.
528 3971 630 4059 primo
647 3970 744 4058 igitur
761 3995 930 4053 concursu,
950 3996 1023 4041 cum
1040 3973 1091 4039 vix
