2528 4514
144 221 208 288 302
373 232 490 290 LIBER
508 233 620 304 XXVI,
639 232 682 288 33.
697 231 739 288 34.
760 232 943 304 [amabil]

144 393 286 458 viderent
306 413 365 458 neo
381 391 530 457 Fulvium
554 391 678 456 avocari
696 414 715 456 a
733 389 848 478 Capua
868 412 929 457 nee
944 388 1098 457 differrillm
1131 400 1142 427 ἰ

110 509 126 556 o
144 509 244 574 panos
258 485 386 564 vellent,
410 486 619 571 interrogatus
634 485 819 550 sententiam
832 484 881 551 M
892 484 999 552 Atilius
1008 483 1098 572 Regin

146 581 235 647 cuius
254 580 364 659 exiis,
392 602 447 664 qm
436 579 505 644 'ad
524 542 667 665 Capuam
685 578 824 659 fuerant,
852 582 986 645 maxima
999 576 1101 645 amab

111 684 225 755 terat,
254 676 300 741 ‘in
326 674 469 741 consilio'
494 675 596 759 inquit
622 673 769 740 ‘arbitror
793 697 846 740 me
868 674 967 742 fuisse
989 696 1033 741 coo
1126 658 1152 742 ι’

146 769 257 856 Capua
279 780 371 857 capta
393 791 465 835 cum
488 779 700 853 quaereretur,
729 769 821 854 ecqui
840 764 1101 856 Campanorunlu
1130 772 1152 814 m

110 883 125 930 8
144 864 273 930 mentus
296 866 336 930 de
358 886 392 930 re
414 863 541 950 publica
562 862 670 929 nostra
691 873 783 928 esset.
833 864 914 930 duas
934 863 1102 929 mulierum·
1126 869 1152 949 ¹⁰

144 967 267 1044 pertum
285 969 346 1036 est,
321 957 508 1024 tVestiam
528 956 667 1044 Oppiam
685 956 865 1024 Atellanam
886 957 1012 1044 Capuae
1023 952 1103 1022 tntu»
1129 960 1152 1001 u

145 1062 208 1118 tem
227 1062 257 1118 et
273 1052 448 1119 Fauculam
467 1051 628 1131 Cluviam,
647 1074 728 1137 quae
746 1052 907 1136 quondam
925 1054 1140 1137 quaestuum
1134 1124 1137 1133 Ι

144 1169 219 1233 pore
232 1145 369 1226 fecisset,
384 1147 470 1212 illam
484 1147 597 1212 cotidie
611 1147 804 1213 sacrificasse
816 1169 874 1232 pro
888 1147 988 1213 salute
999 1138 1107 1212 etviett'!
1149 1146 1152 1173 ¹

144 1241 252 1327 populi
279 1241 429 1320 Romani,
460 1240 542 1306 hano
568 1241 700 1327 captivis
728 1252 820 1328 egent
808 1241 894 1309 tibus
921 1243 1050 1308 alimenta
1065 1234 1108 1303 tl!
1148 1262 1152 1319 ¹:

111 1334 377 1421 sauppeditasse,
410 1344 582 1400 ceterorum
610 1334 750 1400 omnium
777 1334 1010 1422 Campanorum
1030 1328 1110 1399 eund!
1151 1331 1152 1335 ’

145 1451 220 1516 erga
237 1451 296 1495 nos
310 1429 449 1494 animum
464 1451 558 1513 quem
574 1428 883 1538 Carthaginiensium
897 1431 996 1498 luisse
1009 1424 1113 1509 seam

144 1545 311 1608 percussos
334 1546 353 1588 a
372 1521 413 1607 Q
430 1522 545 1590 Fulvio
568 1546 639 1589 esse
661 1524 762 1610 magis
785 1547 920 1608 quorum
942 1519 1077 1612 diguitas'

94 1634 125 1683 10
144 1616 221 1682 alios
240 1639 336 1701 quam
353 1640 487 1728 quorum
505 1617 598 1703 culpa
615 1618 780 1685 eminebat.
825 1642 883 1730 per
905 1629 994 1687 senat
994 1642 1040 1684 mn
1052 1610 1118 1703 apd

146 1709 332 1798 Campanis,
360 1712 415 1798 qui
441 1712 526 1779 cives
552 1713 688 1779 Romani
715 1722 801 1792 sunt,
829 1713 954 1780 iniussu
978 1711 1072 1801 populi
1085 1726 1122 1773 m

146 1805 236 1870 video
253 1828 362 1892 posse,
388 1806 484 1892 idque
502 1816 533 1872 et
555 1807 639 1893 apud
656 1807 790 1873 maiores
807 1817 880 1874 nost
880 1831 934 1874 ros
951 1809 986 1873 in
1003 1798 1124 1874 Satrium

143 1898 208 1964 fact
196 1909 262 1964 tum
286 1922 370 1979 esse,
398 1921 470 1966 cum
492 1900 694 1981 defecissent,
668 1910 758 1967 tut
777 1900 826 1967 M.
849 1901 1009 1968 Antistius
1029 1899 1126 1967 tribus

143 1991 245 2077 plebis
263 1993 350 2080 prius
367 1995 562 2082 rogationem
579 1995 675 2061 ferret
693 1996 847 2081 sciretque
864 1997 972 2082 plebs,
990 1996 1035 2062 uti
1049 1986 1129 2062 sarad

94 2107 122 2153 11
144 2086 184 2151 de
195 2083 366 2153 Satricanis
385 2090 557 2155 sententiae
575 2090 725 2156 dicendae
742 2090 793 2156 ius
812 2101 905 2156 esset.
937 2091 1041 2176 itaque
1056 2102 1131 2156 ceum

145 2202 215 2244 cum
238 2181 371 2248 tribunis
393 2183 495 2270 plebis
517 2185 675 2271 agendum
701 2208 785 2263 esse,
813 2196 981 2252 uteorum
1004 2181 1133 2270 unusplt

143 2298 234 2343 resve
255 2278 449 2364 rogationem
471 2278 574 2344 ferant
596 2279 636 2344 ad
657 2279 796 2365 plebem,
823 2302 886 2364 qua
908 2281 1001 2347 nobis
1020 2272 1134 2347 statuat

93 2391 123 2437 12
144 2372 183 2436 de
211 2370 382 2458 Campanis
409 2373 458 2438 ius
485 2373 561 2438 fiat'.
616 2374 657 2439 L.
684 2373 802 2440 Atilius
833 2375 980 2441 tribunus
1007 2374 1136 2463 plebiae

144 2467 327 2533 auctoritate
345 2478 472 2532 senatus
490 2467 616 2554 plebem
632 2468 666 2533 in
683 2469 761 2534 haee
778 2469 876 2535 verba
893 2472 1033 2557 rogavit:
1051 2477 1137 2535 ‘omne

145 2560 313 2647 Campani,
332 2560 486 2641 Atellani,
506 2561 656 2640 Calatini,
682 2561 838 2642 Sabatini,
862 2565 918 2648 qui
937 2588 973 2630 se
992 2565 1152 2643 deditam,

143 2657 175 2720 in
197 2656 359 2721 arbitrium
381 2657 596 2742 dicionemque
618 2657 727 2744 populi
743 2658 884 2739 ,Romani
906 2659 1023 2726 Fulvio
1045 2654 1152 2746 proeor‘

95 2769 123 2815 13
144 2750 217 2826 suli,
245 2772 387 2835 quosque
413 2775 477 2817 uua
504 2775 611 2817 secum
637 2753 784 2818 dedidere
810 2776 955 2840 quaeque
983 2778 1046 2821 una
1066 2768 1139 2819 socru

143 2843 303 2923 dedidere,
330 2868 441 2931 agrum
460 2846 646 2933 urbemque,
673 2847 780 2913 divina
797 2847 1001 2934 humanaque
1017 2844 1141 2915 utensile

143 2959 204 3021 que
227 2937 293 3003 sive
319 2939 396 3022 quid
422 2939 507 3006 aliud
533 2942 732 3021 dediderunt,
760 2943 799 3007 de
824 2943 864 3008 iis
891 2943 989 3011 rebus
1012 2944 1082 3029 qnid
1098 2934 1141 3006 mi

93 3052 124 3097 14
142 3030 258 3110 velitis,
277 3055 335 3098 vos
353 3057 445 3120 rogo,
466 3032 625 3119 Quirites?
650 3035 751 3122 plebis
767 3037 812 3101 sio
824 3036 918 3102 iussit
932 3040 1034 3122 ‘quod
1048 3043 1143 3104 senatu

141 3126 275 3204 iuratus,
302 3128 440 3194 maxima
466 3151 554 3215 pars,
582 3138 708 3195 censeat
733 3130 787 3214 qui
809 3130 946 3209 adsient,
976 3133 1010 3197 id
1031 3131 1144 3198 voluuu

140 3219 373 3306 iubemusque?

108 3337 120 3382 1
204 3315 395 3381 XXXIIII.
448 3316 501 3382 Ex
527 3316 588 3383 hoo
613 3316 717 3403 plebei
748 3318 826 3384 scito
854 3328 985 3385 senatus
1013 3316 1144 3386 consultu

142 3406 267 3495 Oppiae
286 3409 482 3495 Cluviaeque
503 3412 640 3497 primum
662 3411 745 3478 bona
767 3434 804 3478 ac
825 3411 1005 3480 libertatem
1026 3409 1145 3480 restituit:

141 3502 169 3568 si
187 3525 249 3587 qua
267 3505 328 3570 alia
349 3507 489 3591 praemia
509 3516 616 3593 petere
639 3505 679 3572 ab
702 3517 813 3572 senatu
834 3507 967 3587 vellent,
997 3509 1096 3574 venire
1109 3522 1146 3569 eu

108 3597 285 3663 2Romam.
350 3597 523 3686 Campanis
545 3600 578 3664 in
601 3600 737 3666 familias
760 3600 902 3688 singulas
926 3603 1054 3669 decreta
1076 3600 1146 3671 lael&

106 3712 121 3758 a
140 3715 220 3777 quae
238 3717 302 3759 non
320 3716 433 3781 operae
451 3695 585 3782 pretium
605 3706 653 3761 est
676 3697 782 3761 omnia
804 3718 999 3762 enumerare.
1044 3697 1147 3763 aliorum

141 3786 224 3853 bona
253 3788 461 3875 publicanda,
497 3791 583 3877 ipsos
614 3790 792 3875 liberosque
823 3813 932 3857 eorum
963 3802 996 3858 et
1024 3791 1148 3874 coniuges

140 3884 320 3950 vendendas
348 3896 435 3951 extra
460 3885 554 3965 filias,
582 3908 663 3970 quae
689 3886 912 3973 enupsissent,
930 3879 1148 3974 priusquamin

104 3995 122 4041 4
140 3976 247 4060 populi
264 3977 399 4044 Romani
417 3989 603 4065 potestatem
621 3979 761 4045 venirent
767 4005 776 4060 3
804 3981 882 4048 allbs
904 3981 938 4046 in
954 3980 1080 4048 vincula
1094 3995 1149 4042 con·
