2528 4530
270 244 389 303 amna
405 244 650 319 numeres
668 245 822 319 [acme]
1002 238 1065 305 211

25 404 114 471 mille
135 402 295 482 homines,
321 402 399 467 nihil
420 412 581 489 practerea
603 425 675 469 cum
697 405 826 470 consule
846 407 944 492 pacti,
971 428 1068 492 quam

28 508 62 565 ut
82 497 156 565 sine
177 495 289 563 fraude
306 494 465 561 Punicum
487 495 680 562 emitteretur
700 497 906 585 praesidium,
934 500 976 566 ad
993 522 1069 567 con-

32 590 131 659 sulam
149 589 374 656 transtulerunt
392 589 492 677 signa
520 588 835 677 Carthaginiensibus
852 601 962 678 portae
979 604 1100 681 pate-s

10 730 12 737 ·
33 684 132 753 luctae
149 683 320 769 emissique
341 706 415 751 cum
435 684 498 749 fide
520 683 694 751 incolumes
716 686 759 750 ad
773 684 989 754 Hannibalem
1008 686 1068 756 Sa-

36 778 145 866 lspinm
174 788 338 845 venerunt
390 777 473 864 Arpi
503 778 572 844 sine
602 778 692 845 clade
721 779 817 845 ullius
846 791 1068 868 praeterquam
1087 804 1119 852 ιο

24 873 123 963 Ιιιιίιιει
143 873 259 939 veteris
280 872 462 960 proditoris,
489 873 564 939 novi
585 873 753 961 perfugae,
778 876 914 941 restituti
940 878 981 943 ad
1002 878 1069 944 Ro-

43 989 149 1035 nanos.
193 965 349 1053 Hispanis
376 966 514 1052 duplicia
539 966 658 1033 cibaria
684 966 753 1033 dari
777 967 878 1047 iussa,
910 992 1067 1058 operaque
1086 994 1116 1041 11

45 1080 137 1127 crum
152 1058 230 1126 forti
246 1082 285 1127 ac
301 1059 388 1126 fideli
403 1081 557 1147 persaepe
574 1082 625 1125 ros
643 1059 771 1146 publica
787 1085 847 1127 usa
864 1073 922 1128 est

96 1152 180 1221 Oum
201 1155 312 1220 consul
334 1154 413 1219 alter
433 1155 467 1219 in
488 1153 621 1240 Apulia,
648 1155 727 1220 alter
747 1156 782 1219 in
803 1156 946 1223 Lucanis
973 1171 1066 1238 esset,
1086 1181 1118 1229 12

50 1250 150 1333 equites
173 1257 302 1315 centum
328 1249 496 1315 duodecim
521 1248 642 1314 nobiles
666 1247 822 1336 Campani
846 1272 904 1337 per
930 1254 1068 1340 speciem

52 1342 200 1427 medandi
216 1364 258 1407 ex
270 1342 409 1408 hostium
426 1365 504 1429 agro
520 1342 678 1428 permissu
694 1345 935 1431 magistratuum
952 1345 993 1412 ab
1004 1345 1069 1413 Oa-

31 1455 100 1523 ¹qua
119 1434 252 1523 profecti
278 1436 319 1502 ad
345 1445 448 1501 castra
468 1434 628 1515 Romana,
655 1459 736 1522 quae
763 1460 858 1524 super
880 1437 1068 1507 Suessulam

29 1530 35 1537 “
59 1539 131 1609 eut,
146 1538 315 1607 venerunt,
335 1529 462 1595 stationi
478 1529 613 1595 militum
626 1530 681 1615 qui
694 1542 800 1597 essent
812 1531 973 1599 dixerunt:
993 1556 1068 1600 con·

57 1620 118 1707 loqui
131 1644 202 1689 sese
221 1644 294 1688 cum
310 1632 454 1709 praetore
477 1623 567 1689 velle.
613 1622 674 1690 Gn.
692 1624 825 1691 Fulvius
846 1627 958 1692 castris
975 1649 1067 1715 prae·
1086 1649 1117 1698 1³

56 1723 111 1794 ως
137 1716 190 1781 cui
208 1715 264 1781 ubi
284 1717 463 1782 nuntiatum
486 1726 549 1795 est,
576 1717 686 1784 decem
704 1740 744 1784 ex
766 1739 804 1784 eo
820 1741 952 1786 numero
969 1721 1066 1787 iussis

55 1803 199 1875 inermibus
222 1810 336 1876 deduci
358 1811 399 1876 ad
422 1834 471 1890 se,
502 1811 557 1877 ubi
583 1833 665 1896 quae
687 1813 881 1899 postularent
903 1815 1024 1880 audivit
1039 1852 1068 1864 -

55 1899 109 1967 atil
123 1912 229 1968 autem
246 1903 332 1969 aliud
347 1903 512 1990 petebant,
539 1927 636 1990 quam
656 1916 692 1972 ut
710 1906 823 1993 Capua
838 1919 965 1994 recepta
982 1908 1067 1975 bona

55 1990 96 2059 uti
108 1996 343 2063 restituerentur
350 2036 390 2078 -,
412 1999 446 2063 in
462 1999 558 2064 fidem
576 2022 686 2066 omnes
703 2001 833 2086 accepti.
860 2014 891 2067 et
908 2002 950 2069 ab
966 2003 1065 2069 altem
1084 2024 1117 2073 14

54 2099 170 2171 pretore
198 2089 386 2178 Sempronio
414 2093 573 2159 Tuditano
604 2094 756 2179 oppidum
785 2094 936 2161 Atrinum
967 2119 1066 2184 expu-

53 2194 168 2269 patum
213 2186 348 2272 amplius
372 2199 492 2272 septem
515 2186 601 2253 milia
622 2188 785 2252 hominum
811 2198 903 2275 capta
925 2200 957 2254 et
982 2190 1064 2257 aeris

54 2281 211 2365 agentique
230 2280 346 2368 signati
363 2281 567 2366 aliquantum.

94 2374 214 2443 Romae
235 2375 365 2442 foedum
386 2377 567 2443 incendium
592 2399 650 2463 per
675 2377 755 2441 duas
781 2383 889 2441 noctes
916 2398 954 2440 ac
980 2375 1064 2440 diem
1083 2398 1116 2447 15

53 2486 127 2535 mum
143 2468 258 2548 tenuit3
285 2470 353 2536 solo
370 2481 504 2556 aequata
521 2472 626 2537 omnia
647 2471 729 2536 inter
751 2468 868 2535 salinas
886 2491 924 2534 ac
940 2477 1064 2555 portam

53 2556 262 2630 &mentalem
297 2586 369 2631 cum
404 2565 624 2650 Aequimaelio
663 2564 855 2652 Iugarioque
888 2563 969 2628 vico
1029 2560 1114 2635 in1c

52 2658 151 2745 tmplis
168 2658 330 2726 Fortunae
351 2682 389 2725 ac
411 2660 519 2726 matris
537 2659 681 2725 Matutae
699 2669 731 2724 et
753 2655 863 2746 [Spei]
882 2666 971 2723 extra
990 2679 1065 2744 por·

52 2754 102 2815 lun
112 2750 172 2818 late
189 2764 325 2840 vagatus
341 2754 425 2841 ignis
445 2776 534 2819 sacra
549 2753 745 2839 profanaque
763 2752 863 2818 multa
880 2751 1044 2818 absumsit.

95 2844 335 2914 XXXXVIIL
377 2848 503 2913 Eodem
520 2869 604 2915 anno
621 2847 660 2914 P.
679 2857 710 2914 et
728 2845 789 2912 On.
809 2845 963 2925 Cornelii,
990 2867 1095 2916 cum1

51 2930 236 3028 'lffispmria
251 2964 303 3007 res
319 2963 489 3029 prosperae
507 2952 614 3010 essent
630 2942 809 3027 multosque
827 2950 859 3007 et
876 2951 997 3008 veteres
1013 2961 1064 3007 re-

53 3026 164 3117 &paam
190 3035 293 3101 socios
320 3047 351 3101 et
376 3058 476 3104 novos
502 3037 676 3115 adicerent,
706 3037 740 3101 in
765 3034 911 3101 Africam
936 3054 1062 3118 quoque

53 3140 120 3209 qam
134 3129 349 3196 extenderunt
395 3128 530 3218 Syphax
546 3142 613 3197 erat
633 3153 690 3196 rex
705 3129 929 3205 Numidamm,
956 3125 1062 3191 subito
1079 3146 1095 3194 a

56 3212 343 3313 ffllnginiensibus
361 3224 463 3291 hostis
480 3226 599 3292 factus:
625 3226 666 3291 ad
688 3247 761 3289 eum
784 3221 980 3288 centuriones
998 3228 1062 3285 tres

30 3304 147 3403 ,lma
171 3319 340 3398 miserunt,
376 3319 432 3404 qui
458 3342 532 3386 cum
557 3341 595 3385 eo
622 3318 791 3384 amicitiam
818 3315 1095 3398 societatemquoa

52 3398 164 3479 lnam
189 3423 223 3479 ct
247 3413 481 3500 pollicerentur,
517 3413 546 3479 si
570 3422 784 3499 perseveraret
813 3430 947 3496 urguere
977 3405 1062 3473 bello

31 3586 34 3591 Ι
50 3494 320 3597 Offtlnginienses,
341 3517 464 3596 gratam
483 3530 554 3574 eam
570 3529 637 3572 rem
655 3506 722 3574 fore
741 3504 863 3572 senatui
879 3502 1061 3590 populoque

32 3588 186 3683 'Romnum
213 3613 244 3670 et
261 3603 440 3683 adnisuros,
462 3613 498 3668 ut
514 3603 549 3668 in
566 3613 706 3689 tempore
723 3610 754 3667 et
771 3601 852 3667 bene
869 3597 1060 3665 cumulatam

42 3696 161 3779 Mam
176 3697 324 3765 referant.
368 3710 460 3790 grata
476 3722 514 3764 ea
530 3698 646 3786 legatio
662 3696 797 3764 barbaro
813 3693 887 3772 fuit,
914 3691 1061 3758 conlocu-
1077 3708 1094 3756 4

22 3792 140 3879 'ianque
161 3815 236 3861 cum
257 3794 370 3883 legatis
392 3796 432 3871 de
453 3795 573 3861 ratione
594 3792 668 3860 belli
688 3790 836 3880 gerundi,
863 3797 898 3854 ut
918 3795 1061 3852 veterum
1109 3844 1112 3849 .

17 3884 162 3955 ¹militurn
178 3888 277 3957 verba
287 3888 421 3969 audivit,
439 3910 535 3974 quam
547 3888 716 3952 multarum
727 3908 834 3952 rerum
845 3883 913 3968 ipse
930 3882 1058 3967 ignarus

33 3992 124 4065 tosa,
151 4005 193 4051 ex
214 3983 434 4072 conparatione
456 3993 520 4049 tam
543 3981 703 4049 ordinatae
719 3978 903 4067 disciplinae
920 3974 1060 4043 animum

826 4076 888 4132 14*
