2528 4530
338 258 453 313 amaa
471 257 600 328 xxvn,
619 257 660 313 50.
672 259 714 313 51.
735 262 772 328 [a.
784 257 887 329 caer]
1065 249 1127 315 381

88 418 129 483 in
144 416 293 482 faucibus
311 415 465 483 Umbriae
488 416 634 502 opposita
656 426 758 494 erant,
786 417 912 482 venisse
935 439 975 482 ex
996 418 1127 504 proelio,

87 510 278 577 nrmtiantes
297 530 408 575 caesos
426 509 538 575 hostis.
582 520 615 575 et
631 509 733 595 primo
755 509 858 598 magis
881 509 1009 576 auribus
1032 533 1162 597 quam?

88 605 210 673 animis
228 605 263 669 id
280 614 445 691 acceptum
462 615 530 669 erat
551 614 587 669 ut
607 604 709 669 maius
733 604 909 689 laetiusque
931 627 1027 689 quam
1043 606 1129 690 quod

87 711 203 767 mente
230 721 343 785 capere
369 709 425 764 aut
451 698 528 765 satis
556 698 684 764 credere
710 712 855 784 possent,
892 700 1021 787 etipsa
1047 701 1130 767 cele·

89 796 173 863 ritas
189 794 288 860 fidem
304 793 511 880 impediebat,
538 793 624 876 quod
640 792 737 858 biduo
756 803 829 858 ante
850 805 1027 880 pugnaturn
1045 794 1129 861 dice·

90 891 199 956 baar.
242 888 365 955 litterae
388 887 502 952 deinde
525 889 565 953 de
583 886 624 952 L.
643 887 766 953 Manlio
784 887 922 954 Acidino
944 889 1062 956 missae
1088 907 1163 955 ext

90 983 209 1053 caenis
228 982 413 1047 adferuntur
431 981 470 1047 de
487 980 712 1048 Narniensium
729 981 871 1065 equitum
888 982 1036 1048 adventu.
1068 982 1128 1049 hae
1147 1002 1161 1050 9

91 1078 220 1144 litterae
246 1076 434 1163 pensorum
460 1075 501 1140 ad
532 1075 669 1140 tribunal
693 1075 847 1161 praetoris
874 1075 957 1141 latae
984 1086 1129 1141 senatum

93 1171 185 1239 omia
209 1171 408 1248 exciverunt,
436 1180 587 1253 tantoque
609 1170 779 1235 certamine
803 1191 840 1235 ac
862 1168 998 1236 tumultu
1019 1170 1128 1256 populi

95 1265 251 1331 adfores
279 1264 384 1329 curiae
411 1285 600 1329 concursum
627 1274 694 1342 est,
730 1275 766 1328 ut
792 1263 878 1329 adire
908 1263 1037 1328 nuntius
1063 1284 1128 1328 non

96 1370 222 1446 posset,
257 1356 433 1423 traheretur
460 1381 480 1423 a
504 1358 782 1443 percunctantibus
808 1357 1127 1441 vociferantibusque,

95 1464 136 1519 nt
153 1453 189 1518 in
215 1452 325 1520 rostris
351 1451 439 1539 prius
462 1473 557 1535 quam
579 1452 613 1517 in
635 1463 748 1518 senatu
769 1451 891 1517 litterae
912 1451 1127 1516 recitarentur.

100 1546 228 1613 tandem
246 1546 395 1611 summoti
412 1557 445 1611 et
462 1546 589 1612 coerciti
611 1545 899 1632 amagistratibus3
936 1545 1128 1632 dispensari·
1148 1565 1179 1612 10

102 1662 161 1725 que
175 1639 298 1707 laetitia
313 1639 395 1705 inter
412 1639 583 1726 inpotentis
603 1639 671 1705 eius
689 1639 812 1705 animos
826 1639 937 1727 potuit.
968 1640 1002 1705 in
1016 1650 1128 1705 senatu
1148 1662 1178 1709 11

100 1735 248 1823 primum,
276 1734 390 1801 deiude
415 1734 450 1799 in
476 1734 621 1800 contione
648 1734 770 1800 litterae
796 1735 946 1801 recitatae
973 1746 1060 1812 sunt3
1097 1745 1129 1800 et

101 1852 156 1917 pro
181 1828 334 1913 cuiusque
360 1828 488 1915 ingenio
520 1828 589 1894 aliis
616 1829 680 1894 iam
705 1840 826 1895 eertum
851 1827 1023 1915 gaudium,
1058 1828 1128 1894 aliis

101 1923 186 1989 mlle
211 1934 285 1989 ante
311 1923 418 1988 futura
442 1923 521 1989 fides
548 1934 616 1988 erat
645 1945 741 2008 quam
771 1923 895 2010 legatos
923 1922 1128 1989 consulumve

102 2015 218 2085 litteras
236 2017 409 2083 audissent.
513 2007 525 2021 “

161 2111 222 2177 LI.
274 2111 369 2198 Ipsos
402 2109 515 2175 deinde
546 2110 800 2198 adpropinquare
838 2110 962 2196 legatos
999 2111 1160 2177 allatumr

100 2216 156 2273 est.
201 2216 277 2271 tunc
294 2204 378 2271 enim
400 2227 476 2270 vero
500 2205 602 2270 omnis
627 2215 713 2269 aetas
733 2225 857 2269 currere
879 2204 979 2282 obvii,
1006 2205 1126 2290 primus

99 2300 231 2385 quisque
258 2299 358 2366 oculis
385 2299 576 2383 auribusque
602 2298 727 2363 haurire
750 2309 872 2363 tantum
894 2298 1046 2384 gaudium
1072 2320 1128 2363 cu-

97 2397 231 2484 pientes.
276 2397 317 2461 ad
342 2396 503 2461 Mulvium
528 2417 630 2478 usque
660 2404 790 2480 pontem
821 2393 984 2457 continens
1012 2412 1160 2478 agmone

96 2491 251 2578 pervenit.
303 2490 401 2575 legati
417 2528 444 2537 -
461 2500 550 2554 erant
568 2489 609 2553 L.
627 2487 779 2556 Veturius
797 2486 905 2563 Philo,
924 2486 964 2550 P.
982 2485 1127 2551 Licinius
1146 2506 1161 2552 a

96 2587 213 2664 Varus,
233 2573 274 2666 Q
290 2582 449 2650 Caecilius
462 2583 615 2649 Metellus
632 2620 659 2629 -
677 2580 859 2646 circumfusi
880 2579 982 2645 omnis
1001 2580 1127 2668 generis

95 2679 261 2745 hominum
294 2679 472 2764 frequentia
504 2677 538 2741 in
572 2677 676 2741 forum
704 2685 930 2762 pervenerunt,
971 2696 1044 2738 cum
1075 2674 1128 2738 alii

94 2774 198 2860 ipsos,
226 2772 279 2837 alii
296 2773 426 2838 comites
445 2794 554 2839 eorum
572 2794 653 2856 quae
672 2783 743 2836 acta
760 2782 868 2836 essent
884 2782 1128 2857 percunctaren-

93 2880 156 2933 tur.
197 2876 230 2932 et
246 2877 283 2931 ut
300 2866 434 2950 quisque
452 2866 594 2932 audierat
611 2865 784 2931 exercitum
800 2864 941 2930 hostium
957 2863 1128 2951 imperato-
1144 2883 1160 2928 4

93 2981 226 3046 remque
253 2961 407 3039 occisum,
438 2961 580 3048 legiones
605 2961 769 3026 Romanas
796 2959 985 3039 incolumes,
1021 2961 1127 3027 salvos

93 3054 243 3122 consules
262 3077 344 3135 esse,
362 3054 522 3141 extemplo
541 3054 610 3120 aliis
628 3078 722 3142 porro
740 3054 958 3141 impertierunt
974 3054 1127 3140 gaudium

94 3172 200 3217 suum.
243 3171 317 3215 cum
342 3171 438 3236 aegre
463 3149 498 3214 in
524 3149 642 3215 curiam
668 3159 856 3234 perventum
883 3157 987 3224 esset,
1026 3146 1160 3213 multoc

93 3244 223 3331 aegrius
243 3255 400 3310 summota
418 3245 524 3322 turba,
551 3267 592 3309 ne
613 3243 756 3330 patribus
778 3242 977 3318 misceretur,
1004 3238 1126 3306 litterae

91 3339 127 3404 in
144 3342 261 3405 senatu
281 3339 430 3404 recitatae
454 3348 536 3403 sunt.
580 3336 653 3401 inde
677 3333 812 3400 traducti
834 3334 868 3398 in
886 3333 1064 3400 contionem
1081 3332 1127 3399 le-

92 3432 171 3520 gati.
215 3433 258 3499 L.
285 3433 437 3501 Veturius
464 3431 577 3499 litteris
603 3428 742 3496 recitatis
768 3429 837 3514 ipse
863 3427 989 3515 planius
1020 3427 1160 3494 omniae

91 3549 177 3611 quae
194 3538 267 3593 aeta
283 3538 374 3593 erant
391 3527 539 3614 exposuit
555 3549 629 3591 oum
645 3522 767 3611 ingenti
785 3523 938 3601 adsensu,
964 3533 1125 3609 postremo

91 3621 191 3686 etiam
216 3621 353 3687 clamore
379 3622 546 3687 universae
577 3619 751 3696 contionis,
787 3639 859 3683 curn
890 3617 945 3682 vix
975 3616 1126 3702 gaudium

92 3716 209 3782 animis
236 3727 394 3803 caperent.
439 3716 617 3782 discursum
642 3715 716 3779 inde
744 3714 784 3778 ab
811 3711 880 3778 aliis
903 3712 986 3776 circa
1007 3710 1158 3797 templa?

93 3812 205 3890 detlm,
232 3820 270 3875 ut
284 3821 392 3899 grates
411 3821 556 3898 agerent,
585 3809 625 3875 ab
643 3808 712 3874 aliis
731 3809 857 3885 domos,
885 3818 920 3872 ut
938 3805 1124 3893 coniugibus

92 3904 265 3989 liberisque
299 3916 365 3971 tam
399 3905 517 3971 laetum
547 3903 692 3971 nuntium
723 3902 930 3989 impertirent.
984 3911 1158 3980 senatus‚8

93 4000 180 4084 quod
200 4000 249 4067 M.
267 3997 382 4066 Livius
404 4011 437 4066 et
459 3997 498 4066 C.
518 3997 672 4067 claudius
695 3997 840 4066 consules
863 3996 1013 4063 incolumi
1034 4019 1126 4064 exer·
