2528 4514
196 276 313 333 nmen
330 275 567 347 xx111,10.11.
588 275 741 346 [auare]
922 264 986 329 123

95 442 128 512 nt,
136 434 300 500 offendendi
312 433 375 500 sibi
387 434 462 499 novi
476 434 563 512 socii,
574 443 629 499 aut
643 433 808 500 tribuendo
822 433 986 500 habendus

95 539 190 596 eesset
206 529 369 595 seditionis
387 550 425 594 ao
447 528 610 594 turbarum
627 538 744 594 auctor.
789 550 903 594 navem
921 527 987 615 Cy-
1007 552 1037 598 11

97 622 177 689 detulit
192 633 377 710 tempestas,
397 644 478 707 quae
496 633 564 687 tum
581 623 615 686 in
628 622 751 693 dicione
762 644 877 710 regum
889 633 986 688 erant.

95 715 236 805 nllugius
258 717 300 783 ad
322 726 459 783 statuam
475 715 652 782 Ptolemaei
672 717 758 804 regie
780 717 986 804 confugisset,

95 811 606 878 suracustodibusAlexandream
619 809 897 889 adPtolemaeum‚
915 833 987 877 oum
1009 831 1037 877 ιε

95 906 208 972 orusset
230 915 339 971 coutm
360 907 409 971 ius
432 905 569 971 foederis
586 904 728 970 vinctum
750 927 785 971 se
806 905 847 971 ab
865 904 990 971 Hanni·

95 1020 134 1078 ee,
149 1000 256 1066 vinclis
274 999 437 1077 liberatur,
455 999 707 1085 permissumque
723 1007 760 1063 ut
775 999 904 1079 rediret,
928 1023 985 1066 seu

95 1115 176 1159 nseu
194 1091 339 1180 Capuam
361 1094 477 1159 mallet.
531 1114 590 1158 nec
611 1091 741 1180 Magius
761 1091 906 1179 Capuam
929 1093 990 1160 sibi
1009 1114 1041 1162 13

98 1187 182 1253 dicere
198 1199 230 1254 et
246 1188 382 1254 Romam
401 1210 438 1253 eo
461 1198 615 1273 tempore,
644 1209 707 1272 quo
729 1187 810 1252 inter
826 1187 988 1253 Romanos

95 1302 201 1366 uosque
218 1283 336 1349 bellum
355 1283 405 1361 sit,
424 1282 607 1370 transfugae
626 1282 728 1369 magis
742 1302 838 1365 quam
855 1282 988 1368 hospitis

95 1375 247 1441 unicilium:
280 1398 436 1461 nusquam
453 1377 546 1442 malle
568 1399 664 1462 quam
686 1377 720 1440 in
740 1396 839 1462 regno
857 1376 924 1441 eius
942 1376 990 1440 vi-

97 1489 167 1553 quem
182 1470 338 1536 uindicem
357 1480 450 1554 atque
468 1479 628 1536 auctorem
645 1468 761 1536 habeat
777 1469 940 1535 libertatis.

95 1559 108 1624 l
132 1562 211 1629 Dum
227 1565 307 1630 baec
323 1574 488 1652 geruntur,
509 1563 550 1648 Q.
564 1564 683 1631 Fabius
701 1562 810 1629 Pictor
826 1563 950 1652 legatus
970 1586 990 1629 a
1008 1584 1022 1630 1

95 1653 246 1724 isRomam
263 1659 344 1725 redit
364 1681 615 1745 responsumque
637 1682 678 1726 ex
699 1659 815 1745 scripto
836 1659 988 1724 recitavit

95 1747 193 1837 liteque
209 1755 244 1819 in
262 1776 300 1820 eo
318 1764 419 1833 erant,
443 1754 558 1840 quibus
576 1776 702 1840 quoque
719 1755 815 1821 modo
833 1753 990 1840 supplica·

116 1852 166 1912 tum
187 1849 228 1914 ‘si
245 1849 290 1914 ita
307 1848 429 1926 faxitis,
457 1849 607 1928 Romani,
633 1858 758 1915 vestrae
775 1870 827 1914 res
845 1848 989 1914 meliores
1008 1857 1023 1905 2

95 1956 176 2023 mque
201 1953 310 2020 erunt,
346 1943 512 2029 magisque
539 1965 579 2009 ex
604 1944 837 2009 sententiares
863 1941 991 2028 publica

95 2033 179 2101 tubis
204 2037 354 2122 procedet
380 2037 571 2121 naturisque
598 2036 695 2102 duelli
719 2036 828 2123 populi
854 2036 991 2102 Romani

104 2118 184 2211 Pytlu‘o
200 2131 344 2217 Apollini
360 2155 394 2196 re
411 2131 538 2217 publica
554 2141 660 2197 vestra
676 2131 758 2198 bene
776 2142 866 2219 gesta
885 2154 991 2198 serva-
1009 2150 1024 2198 3

95 2218 185 2319 libris
203 2226 323 2291 meritis
342 2227 460 2292 donum
477 2226 623 2293 mittitote
646 2227 748 2312 deque
765 2225 895 2312 praeda,
923 2250 990 2291 ma-

95 2319 247 2407 radiisque
261 2323 412 2388 honorem
425 2322 586 2401 habetote,
605 2323 767 2388 lasciviam
780 2345 799 2386 a
812 2321 903 2387 vobis
917 2343 990 2407 pro-

95 2408 133 2476 lt’.
162 2417 240 2482 haec
259 2416 314 2481 ubi
335 2439 375 2481 ex
394 2414 517 2483 Graeco
536 2418 673 2482 carmine
690 2417 893 2502 interpretata
910 2415 1023 2480 reci-4

99 2507 141 2572 ltu
155 2511 231 2576 dixit
245 2533 279 2576 se
293 2512 420 2578 oraculo
434 2533 597 2598 egressum
610 2510 768 2597 extemplo
785 2510 824 2575 iis
842 2507 990 2575 omnibus

95 2616 128 2665 tn
137 2604 271 2670 divinam
285 2614 353 2670 ture
368 2628 405 2670 ac
418 2605 492 2671 vino
505 2606 634 2684 fecisse,
653 2605 836 2690 iussumque
850 2627 870 2669 a
882 2601 992 2688 templi
1008 2621 1024 2668 5

95 2697 119 2772 t,
133 2699 209 2765 siout
223 2710 389 2766 coronatus
404 2700 510 2765 laurea
524 2720 639 2766 corona
652 2708 684 2765 et
697 2699 859 2765 oraculum
872 2697 990 2764 adisset

102 2790 229 2860 divinam
247 2795 389 2873 fecisset,
416 2796 461 2860 ita
483 2805 666 2861 coronatum
686 2816 801 2860 navem
818 2792 988 2860 ascendere

95 2894 121 2951 te
143 2889 299 2976 deponere
326 2912 396 2955 eam
419 2912 515 2975 quam
536 2891 672 2956 Romam
697 2889 911 2976 pervenisset:
956 2897 1025 2953 set

95 3002 173 3068 nque
194 2986 348 3071 imperata
370 2987 433 3051 sint
455 3008 527 3052 curn
550 3008 674 3051 summa
694 2987 844 3073 religione
867 3006 904 3050 ac
922 2984 992 3048 dili-

95 3089 271 3145 exseoutum
293 3102 441 3147 coronam
457 3081 580 3147 Romae
601 3081 634 3144 in
656 3102 743 3145 aram
760 3078 918 3165 Apollinis
936 3078 992 3142 de·

95 3192 114 3236 e.
157 3183 286 3240 senatus
304 3175 456 3254 demovit,
483 3185 519 3239 ut
541 3197 596 3241 eae
617 3196 669 3239 res
687 3173 811 3238 divinae
834 3170 991 3257 supplica·

95 3288 123 3333 re
138 3269 242 3354 primo
259 3291 383 3354 quoque
402 3281 542 3356 tempore
560 3291 633 3334 cum
651 3290 726 3334 cura
742 3267 860 3332 fierent.

95 3382 114 3426 n
138 3363 218 3428 haec
236 3362 357 3429 Romae
384 3373 479 3448 atque
500 3365 533 3428 in
554 3363 647 3429 Italia
668 3370 833 3449 geruntur,
860 3360 988 3426 nuntius
1010 3380 1025 3426 7

95 3477 109 3520 e
134 3458 175 3522 ad
194 3455 323 3523 Cannas
343 3454 570 3545 Carthaginem
595 3466 724 3523 venerat
749 3454 849 3542 Mago
867 3454 992 3520 Hamil-

95 3549 156 3629 ius‚
175 3573 239 3617 non
257 3573 297 3616 ex
314 3553 384 3637 ipsa
402 3553 468 3617 acie
483 3551 610 3617 afratre
627 3552 758 3629 missus,
779 3550 835 3616 sed
851 3558 990 3614 retentus

98 3644 163 3710 dies
181 3645 216 3710 in
233 3646 419 3732 recipiendis
438 3646 616 3711 civitatibus
634 3645 830 3711 Bruttiorum
847 3663 990 3729 quaeque

96 3751 155 3804 ant
192 3740 234 3818 is,
253 3740 373 3805 cumei
392 3751 518 3807 senatus
537 3742 630 3805 datus
648 3750 745 3817 esset,
764 3761 815 3805 res
833 3748 939 3825 gestas
957 3736 991 3801 in
1009 3756 1026 3804 8

109 3833 203 3899 fratre
220 3834 361 3920 exponit:
385 3856 458 3900 curn
476 3857 533 3900 sex
550 3833 790 3920 imperatoribus
809 3854 891 3910 eum,
914 3852 992 3915 quo-

96 3936 195 3994 attuor
212 3929 372 4007 consules,
396 3930 459 3995 duo
477 3929 611 3994 dictator
627 3950 665 3994 ac
682 3927 833 4013 magister
850 3926 992 4011 equitum

111 4042 182 4088 cnm
199 4045 256 4091 sex
276 4023 492 4092 consularibus
510 4022 699 4090 exercitibus
716 4022 783 4088 acie
801 4020 990 4097 conflixisse,
1054 4041 1059 4047 ·
