2528 4514
324 185 561 310 mnuuxxx,
581 240 604 293 1.
625 239 772 308 [acam
787 241 850 310 soe]
1034 231 1099 297 483

342 823 562 906 [Puniceus
582 828 690 887 nunu
711 825 829 908 xxx]

138 955 251 1028 [Scipio
264 957 296 1011 in
309 954 408 1012 Africa
422 955 674 1028 Carthaginienses
689 963 717 1012 et
732 959 852 1014 eundem
868 957 1028 1030 Syphacem
1041 964 1099 1020 Nu-

85 1032 170 1090 nuiss
183 1050 282 1105 regem
295 1033 564 1106 Hasdrubalemque
583 1035 713 1105 pluribus
728 1035 845 1106 proeliis
863 1036 932 1091 vicit
945 1037 1098 1095 adiuvante

85 1108 235 1182 Masinissa,
260 1111 329 1165 bina
344 1110 469 1165 hostium
487 1118 581 1166 castra
599 1113 785 1182 expugnavit,
808 1113 837 1166 in
856 1113 958 1185 quibus
977 1116 1097 1185 quadra-

85 1184 149 1257 ginta
165 1187 243 1244 milia
256 1187 401 1243 hominum
419 1188 495 1243 ferro
509 1188 626 1260 ignique
642 1197 810 1260 consumpta
824 1196 900 1246 sunt.
937 1191 1098 1262 Syphacem

85 1276 127 1333 ptr
141 1263 172 1321 O.
191 1264 321 1321 Laelium
341 1271 370 1320 st
387 1265 569 1320 Masinissam
588 1267 671 1337 cepit.
724 1267 876 1322 Masinissa
894 1269 1097 1340 Sophonibam,

85 1354 183 1397 uorem
198 1342 353 1415 Syphacis,
372 1341 460 1398 filiam
478 1343 685 1417 Hasdrubalis,
709 1350 821 1416 captam
841 1345 936 1400 statim
954 1347 1099 1401 adamavit

85 1414 215 1492 &nuptiis
230 1420 315 1475 factis
329 1436 445 1475 uxorem
458 1420 568 1475 babuit
609 1422 766 1492 castigatus
780 1439 798 1476 a
811 1419 945 1492 Scipione
959 1439 1097 1478 venenum

86 1490 200 1567 duisit,
220 1493 277 1569 {luo
291 1497 342 1551 illa
356 1499 459 1553 hausto
474 1498 606 1553 decessit
642 1498 830 1570 effectumque
844 1499 940 1554 multis
956 1499 1097 1571 Scipionis

86 1567 206 1644 victoriis,
222 1580 256 1629 ut
265 1571 529 1645 Carthaginienses,
548 1576 579 1629 in
588 1575 814 1646 desperationem
828 1576 899 1646 acti,
918 1577 948 1629 in
962 1577 1097 1631 auxilium
1124 1578 1126 1582 ’

86 1640 200 1717 hblicae
228 1653 328 1708 salutis
353 1653 547 1709 Hannibalem
574 1659 751 1708 revocarent
784 1649 894 1726 'itaque
917 1670 993 1709 anno
1016 1655 1100 1709 sexto

88 1720 175 1785 Sumo
184 1730 271 1786 Italia
282 1731 423 1787 decedens
432 1731 463 1785 in
471 1729 598 1786 Africam
607 1730 732 1801 traiecit,
750 1732 955 1802 temptavitqus
968 1748 1021 1802 per
1030 1748 1095 1787 con·

86 1798 190 1878 muium
198 1825 302 1879 pacem
313 1825 375 1863 cum
387 1808 523 1880 Scipione
534 1825 708 1879 conponere,
722 1814 824 1864 etcum
834 1810 869 1864 de
879 1808 1095 1864 condicionibus

85 1885 145 1947 iscis
160 1901 220 1940 non
240 1884 434 1956 convenisset,
454 1885 515 1941 acie
533 1886 625 1940 victus
644 1890 697 1940 est.
736 1901 794 1956 pax
812 1884 1095 1957 Carthaginiensibus

85 1963 229 2023 veientibus
248 1963 317 2018 data
336 1969 387 2018 est
427 1963 574 2018 Hannibal
594 1964 750 2034 Gisgonem
767 1981 867 2035 pacem
886 1964 1096 2019 dissuadentem

85 2046 150 2094 leun
167 2057 220 2095 sua
239 2041 374 2109 detraxit,
393 2047 530 2095 excusata
548 2041 651 2096 deinde
665 2041 826 2096 temeritate
839 2041 909 2099 facti
922 2041 984 2112 ipse
997 2058 1097 2112 pacem

85 2119 162 2197 hesit.
197 2118 370 2174 Masinissae
387 2136 506 2189 regnum
525 2119 687 2174 restitutum
705 2126 757 2175 cst.
802 2136 931 2175 reversus
949 2121 980 2174 in
996 2122 1096 2175 urbem

86 2196 160 2269 cipio
178 2196 383 2267 amplissimum
402 2197 666 2268 nobilissimumque
685 2200 744 2268 egit
761 2196 945 2267 triumphum,
964 2213 1048 2267 quem
1062 2197 1095 2262 Q.

85 2265 214 2330 'orentius
225 2273 324 2329 Culleo
340 2280 455 2330 senator
468 2275 604 2346 pilleatus
620 2280 735 2330 secutus
747 2278 799 2328 est
836 2272 931 2342 Scipio
941 2271 1094 2326 Africanus

85 2353 245 2411 -iuccrtum
259 2352 374 2407 militari
384 2353 463 2423 prius
472 2351 572 2408 favore
587 2370 625 2407 an
639 2352 770 2424 populari
784 2367 853 2406 aura
862 2349 903 2403 ita
913 2348 1095 2418 cognomina·

85 2443 105 2485 u
124 2429 212 2484 sit-
226 2429 333 2500 primus
351 2436 428 2484 certa
447 2429 494 2483 hic
512 2429 666 2500 imperator
684 2431 776 2483 victae
790 2445 808 2482 a
822 2443 852 2482 se
870 2426 981 2480 nomine
1000 2425 1094 2496 gentis
1135 2496 1138 2500 ι

85 2508 233 2564 nbilitatus
243 2513 296 2562 cst.
324 2507 413 2578 Mago
424 2507 516 2575 bello,
531 2523 588 2578 qno
599 2506 628 2560 in
638 2523 708 2577 agro
717 2506 877 2562 insubrium
887 2519 949 2558 cum
957 2502 1093 2557 Romanis

85 2584 243 2653 indixerat,
271 2585 451 2654 vulneratus,
471 2585 536 2638 dum
554 2584 584 2638 in
602 2583 728 2640 Africam
746 2601 797 2655 per
814 2585 925 2654 legatos
943 2585 1093 2635 revocatus

85 2667 266 2733 everteretur,
286 2663 661 2730 exvulneramortuusest.]

495 2838 664 2848 -ι

361 2908 366 2943 ²
418 2938 714 3039 ururnrvr

311 3113 377 3175 AB
416 3114 554 3176 VRBE
596 3113 843 3178 CONDITA

451 3287 581 3348 LIBER
601 3286 707 3346 XXX

123 3413 161 3478 L·
208 3410 271 3479 Cn.
295 3409 449 3478 Servilius
472 3427 505 3479 et
528 3410 567 3479 C.
592 3409 746 3478 Servilius
774 3407 919 3474 consules
937 3443 964 3455 -
982 3415 1089 3473 sextus
1110 3431 1123 3476 1

85 3508 204 3575 ecimus
226 3507 255 3574 is
279 3531 379 3573 annus
401 3507 477 3574 belli
498 3506 613 3573 Punici
635 3517 703 3572 erat
719 3547 745 3555 —
763 3527 835 3569 cum
857 3503 896 3567 de
913 3525 947 3568 re
965 3501 1091 3588 publica

85 3603 209 3689 ulloque
233 3613 265 3668 et
289 3604 449 3690 provincis
473 3604 514 3669 ad
542 3614 687 3669 senatum
713 3598 925 3676 rettulissent,
960 3617 1123 3664 censue-2

85 3706 134 3764 rut
158 3708 284 3786 patres,
311 3708 346 3763 ut
368 3698 514 3764 consules
541 3697 623 3762 inter
645 3719 679 3761 se
702 3703 920 3781 compararent
942 3689 1090 3757 sortiren-

85 3815 167 3872 rrve,
184 3804 257 3858 uter
269 3793 412 3860 Bruttios
432 3794 586 3859 adversus
599 3791 828 3867 Hannibalem,
845 3800 916 3854 uter
927 3783 1090 3851 Etruriam

85 3889 253 3977 {Ligures
270 3889 466 3976 provinciam
484 3890 628 3955 haberetz
647 3888 697 3954 cui
704 3886 811 3952 Brutti
828 3883 1016 3960 evenissent,
1034 3901 1123 3948 err-o

85 3987 192 4054 citum
217 4011 237 4053 a
257 3988 296 4053 P.
316 3981 506 4076 Sempronio
529 3986 699 4073 acciperet,
728 3985 767 4049 P.
793 3979 999 4136 Semssprpnius
1017 3978 1090 4044 -ei
