2528 4514
146 219 211 287 354
369 230 487 286 amsa
504 229 630 299 xxvn,
649 227 691 284 25.
706 229 748 283 ao.
769 200 954 298 [auchie]

112 416 126 462 a
211 388 389 456 Consulum
407 388 487 453 alter
504 387 543 452 Τ.
560 385 730 469 Quinctius
746 384 918 471 Crispinus
937 385 979 451 ad
995 386 1145 463 exerdtun,

145 507 239 570 quem
257 481 299 566 Q
312 482 447 549 Fulvius
464 481 600 548 Flaccus
620 480 789 558 habuerat,
813 501 887 544 cum
905 480 1145 568 supplementoin

112 603 125 648 r
144 579 295 644 Lucanos
315 587 365 642 est
382 576 553 662 profectus.
596 573 787 639 Marcellum
811 574 891 641 aliae
910 585 1007 658 atquo
1024 573 1096 640 aliae
1110 575 1151 641 ob

144 673 245 738 iectae
271 669 568 754 animoreligiones
592 668 756 747 tenebant,
783 668 958 752 inquibus
981 670 1151 754 quodum

144 766 228 831 bello
248 763 372 831 Gallico
391 763 432 828 ad
451 761 642 828 Clastidium
660 763 772 827 aedem
789 762 917 829 Honori
934 773 969 828 et
986 762 1100 828 Virtuti
1112 785 1152 829 vo·

112 859 258 935 auisset,
287 857 442 923 dedicatio
465 856 533 922 eius
556 880 576 921 a
596 856 797 944 pontificibus
824 856 1068 943 impediebatur,
1090 856 1152 941 quod

144 954 318 1039 negabant,
344 973 440 1015 unam
463 951 576 1015 cellam
598 951 722 1016 duobus
744 961 830 1016 recte
852 951 1010 1030 dedicari,
1038 949 1153 1035 quia,si

146 1048 185 1112 de
212 1046 300 1111 caelo
326 1056 411 1110 tacta
437 1055 492 1110 aut
516 1044 642 1131 prodigi
669 1043 788 1128 aliquid
813 1044 848 1109 in
874 1067 913 1110 ea
940 1045 1063 1110 factum
1082 1054 1153 1119 esset,

111 1159 125 1206 9
144 1141 281 1206 difficilis
299 1140 478 1226 procuratio
496 1140 591 1216 foret,
615 1139 700 1224 quod
718 1139 779 1204 utri
797 1140 858 1206 deo
875 1162 929 1205 res
949 1140 1059 1205 divina
1077 1140 1153 1215 fieret,

146 1234 218 1300 sciri
238 1257 303 1300 non
324 1244 448 1319 posset:
471 1233 677 1318 nequeenim
697 1233 820 1299 duobus
839 1232 901 1298 nisi
919 1234 1017 1300 certis
1036 1233 1099 1299 deis
1112 1233 1153 1298 rito

145 1352 208 1393 una
234 1328 339 1394 hostia
364 1328 442 1393 fieri.
486 1327 531 1392 ita
557 1328 665 1393 addita
686 1327 823 1396 Virtutis
850 1328 941 1393 aedis
970 1329 1152 1416 adproperato

145 1443 254 1507 opere3
280 1441 383 1506 neque
406 1433 512 1486 tamen
534 1422 667 1508 abipso
695 1421 790 1487 aedes
818 1443 875 1486 eae
903 1422 1070 1488 dedicatae
1092 1430 1152 1486 snt.

95 1535 126 1583 10
145 1526 212 1580 tum
234 1516 362 1580 demum
385 1515 426 1579 ad
448 1514 634 1594 exercitum,
663 1536 757 1600 quem
778 1515 883 1601 priore
909 1539 996 1582 anno
1018 1514 1161 1599 venado

143 1609 326 1693 reliquerat,
345 1630 417 1672 cum
436 1609 656 1696 supplemento
673 1609 892 1694 proficiscitur.
1159 1612 1161 1629 '

95 1723 124 1768 11
210 1703 335 1768 Locros
352 1702 532 1768 inBruttiis
548 1701 716 1788 Crispinus
734 1726 920 1789 oppugnare
939 1714 1084 1781 conatus,
1129 1700 1136 1715 ’

144 1819 294 1883 magnam
311 1797 430 1861 famam
448 1796 591 1861 attulisse
608 1797 711 1862 Fabio
729 1797 905 1862 Tarentum
922 1799 1062 1875 rebatur,
1081 1814 1153 1867 cnut.

144 1912 246 1975 genus
264 1900 493 1955 tormentorum
509 1890 788 1974 machinarumque
802 1914 842 1958 ex
853 1889 965 1957 Sicilia
977 1890 1152 1969 arcessierit¹

145 1992 177 2047 et
194 2005 292 2048 naves
310 1983 451 2047 indidem
469 1984 588 2049 accitae
606 1994 709 2063 erant,
728 2006 809 2068 quae
827 1996 1016 2070 vergentem
1032 1985 1071 2049 ad

95 2096 125 2142 12
145 2087 268 2162 partem
293 2077 381 2142 urbis
408 2089 638 2164 oppugnarent.
683 2102 722 2145 ea
748 2079 867 2143 omissa
893 2077 1085 2166 oppugnatio
1105 2084 1150 2151 ed.

145 2169 219 2252 quia
239 2170 409 2234 Lacinium
430 2172 595 2237 Hannibal
618 2173 801 2238 admoverat
824 2173 934 2259 copias
956 2184 990 2238 et
1012 2171 1149 2256 conlegam

144 2264 292 2329 eduxisse
309 2265 374 2329 iam
393 2268 432 2330 ab
449 2266 595 2332 Venusia
616 2267 789 2332 exercitum
811 2268 898 2332 fama
919 2279 1001 2346 erat,
1028 2266 1074 2331 cui
1092 2285 1144 2328 oon·

94 2379 125 2426 13
144 2358 233 2444 iungi
251 2358 387 2424 volebat.
423 2360 529 2443 itaque
547 2361 581 2424 in
594 2360 747 2446 Apuliam
765 2384 806 2426 ex
821 2363 956 2428 Bruttiis
975 2363 1145 2449 reditumd

142 2453 224 2518 inter
231 2454 407 2520 Venusiam
420 2455 632 2538 Bantiamque
646 2456 751 2521 minus
770 2456 864 2521 trium
882 2458 1005 2521 milium
1022 2470 1148 2544 passum·

94 2567 126 2612 14
143 2546 308 2612 intervallo
327 2548 474 2613 consules
492 2549 575 2613 binis
596 2550 707 2615 castris
727 2551 946 2616 consederant.
990 2551 1024 2616 in
1040 2572 1090 2615 ean

141 2641 304 2726 regionem
322 2652 355 2706 et
370 2642 535 2707 Hannibal
552 2644 645 2709 rediit
663 2667 775 2710 averso
794 2645 834 2710 ab
852 2645 968 2711 Locris
991 2645 1078 2712 bello.
1107 2632 1137 2703 ill

143 2735 288 2800 consules
304 2737 396 2801 ambo
414 2737 541 2822 ingenio
561 2739 683 2803 feroces
701 2762 800 2825 prope
819 2739 934 2805 cotidie
951 2739 986 2804 in
1003 2739 1064 2805 acie
1078 2744 1134 2803 stul.

142 2827 228 2891 haud
242 2828 338 2894 dubia
351 2851 421 2915 spe,
441 2832 469 2895 si
483 2831 605 2897 duobus
621 2833 810 2898 exercitibus
824 2834 1042 2900 consularibus
1053 2821 1133 2896 iuret

143 2922 355 2987 commisisset
371 2947 442 2989 sese
460 2925 576 3003 hostis,
595 2927 746 2991 debellari
763 2950 870 3014 posse.
1126 2982 1129 2987 .

109 3035 121 3080 1
204 3014 338 3084 XXVI.
374 3019 537 3084 Hannibal
553 3019 626 3102 quia
640 3042 712 3084 oum
724 3020 880 3088 Marcello
898 3022 948 3087 bis
966 3021 1062 3108 priore
1075 3026 1127 3079 nu

141 3131 331 3196 congressus
354 3112 472 3176 vicerat
493 3114 659 3197 victusque
682 3125 763 3192 erat,
786 3127 835 3193 ut,
859 3137 932 3180 oum
949 3116 1054 3182 eodem
1067 3098 1151 3197 ⁸553..

139 3204 321 3269 micandum
338 3206 434 3283 foret,
458 3228 516 3271 nec
535 3230 625 3293 spem
642 3230 701 3272 neo
718 3220 838 3273 metum
860 3232 902 3274 ex
924 3232 1006 3275 vano
1027 3204 1120 3272 haberet
1145 3258 1161 3281 ,

139 3297 184 3361 ita
202 3298 325 3363 duobus
345 3299 527 3365 consulibus
546 3300 633 3365 haud
646 3323 805 3386 quaquam
820 3326 892 3369 sese
906 3326 1014 3390 parem
1027 3301 1119 3365 futuri¹¹
1144 3288 1161 3326 '⁸

106 3411 121 3457 2
141 3390 298 3456 credebat.
329 3392 435 3474 itaque
454 3403 538 3457 totus
556 3395 589 3458 in
609 3418 683 3459 suas
702 3397 779 3460 artis
798 3419 911 3462 versus
928 3391 1118 3489 insidiislcssfl
1144 3383 1161 3419 ²

107 3503 121 3548 3
140 3486 319 3567 quaerebat.
364 3487 448 3551 levia
470 3498 576 3552 tamen
597 3488 719 3576 proelia
743 3491 825 3556 inter
851 3492 928 3556 bina
952 3501 1048 3556 casua
1065 3490 1118 3555 Μ..

140 3593 255 3645 eventu
277 3580 409 3658 fiebant3
437 3581 551 3664 quibus
575 3604 648 3646 cum
669 3584 793 3648 extrahi
810 3595 965 3651 aestatem
980 3588 1115 3671 possed*
1155 3638 1161 3659 ,

140 3672 224 3737 sules
252 3674 429 3751 crederent,
460 3675 558 3741 nihilo
585 3676 689 3741 minus
717 3679 896 3766 oppugnari
921 3680 1035 3745 Locros
1056 3676 1114 3757 9⁰!
1149 3664 1161 3699 ²

138 3765 212 3842 rati,
234 3766 276 3830 L.
297 3764 408 3833 Cincio
432 3778 466 3832 ut
484 3791 525 3833 ex
543 3766 653 3834 Sicilia
670 3770 795 3837 Locros
813 3794 886 3837 cum
905 3773 1004 3837 classe
1019 3758 1114 3834 ΝΜ

104 3877 121 3921 4
140 3858 290 3924 scribunt
317 3871 349 3925 et
362 3874 398 3926 ut
411 3862 451 3926 ab
466 3873 550 3928 terra
562 3885 687 3948 quoque
702 3867 880 3953 oppugnari
893 3854 1114 3949 moeniapouffl:

141 3973 158 4012 a
176 3951 315 4018 Tarento
333 3967 456 4039 partem
474 3957 646 4036 exercitus,
670 3980 750 4041 quae
767 3959 802 4025 in
818 3961 976 4047 praesidio
992 3963 1056 4029 ereb
1069 3943 1112 4009 ‘¹⁰¹
