2528 4514
301 255 408 314 nunu
422 256 525 326 xxrr,
543 257 584 313 14.
599 256 641 313 rc.
660 260 698 327 [a.
709 255 738 312 c.
749 257 813 331 arr]
1025 243 1069 314 69

91 407 246 489 aiebann,
262 415 439 482 scandentem
461 415 586 482 moenia
602 415 766 482 Romanae
788 414 928 482 coloniae
944 414 1071 483 Hanni-

92 502 199 573 balan
209 503 259 572 lreti
271 519 439 595 spectamus.
470 508 579 576 fumus
597 532 638 576 ex
654 509 807 577 incendiis
820 509 965 577 villarum
979 533 1071 600 agro-
1087 529 1105 580 8

95 618 217 682 rumpat
227 597 250 664 in
262 603 347 670 oculos
364 613 459 689 atque
477 626 533 670 ora
549 605 649 683 venit,
675 613 818 692 strepunt
838 627 931 672 aures
954 604 1071 673 clamo-

91 691 339 778 implorantium
364 699 537 777 sociorum,
570 699 696 786 saepius
722 721 781 766 nos
812 721 908 785 quam
939 700 1070 768 deorum

91 785 270 877 brocsntim
286 813 378 878 opem:
403 815 464 860 nos
486 792 540 859 hic
560 816 711 881 pecorum
732 793 828 860 modo
849 815 908 881 per
932 794 1070 861 aestivos

91 882 184 951 utens
197 879 328 970 deviamus
344 887 431 954 callis
450 888 623 954 exercitum
642 888 787 955 ducimus
801 887 919 955 conditi
931 888 1069 955 nubibus

91 974 232 1060 unione.
257 977 348 1048 sihoc
372 983 468 1050 modo
493 983 692 1070 peragrando
718 985 882 1050 cacumina
909 984 1105 1070 saltusquec

91 1070 134 1141 ll.
161 1066 253 1137 Furius
272 1076 394 1164 recipere
422 1100 441 1143 a
469 1073 571 1143 Gallis
599 1076 710 1144 urbem
736 1078 902 1157 voluisset,
930 1101 994 1165 quo
1019 1077 1072 1144 hic

91 1160 329 1250 moenibus,
353 1172 446 1239 nobis
469 1172 602 1238 dictator
623 1173 735 1238 unicus
757 1172 791 1239 in
815 1170 911 1239 rebus
937 1172 1071 1239 adfectis

91 1256 240 1351 ΨΜ
255 1259 362 1333 Italiam
379 1267 421 1334 ab
438 1266 620 1334 Hannibale
637 1288 822 1355 recuperare
839 1276 943 1355 parat,
963 1265 1072 1334 Gallo-

91 1348 251 1425 mltos
263 1372 347 1441 esset,
365 1383 462 1447 quam
479 1385 590 1433 vereor
606 1385 648 1428 ne
666 1362 712 1430 sic
734 1361 955 1429 cunctantibus
977 1361 1069 1428 nobis
1090 1383 1122 1431 10

91 1442 239 1523 fidili
255 1471 286 1518 ac
303 1453 415 1523 Poenis
441 1456 554 1523 totiens
582 1457 775 1524 servaverint
800 1457 936 1523 maiores
961 1457 1070 1523 nostri.

95 1637 97 1642 Δ
142 1573 145 1595 «
174 1538 209 1605 vlt
225 1561 252 1606 sc
269 1567 330 1617 sere
350 1550 530 1630 Romanus,
557 1573 621 1636 quo
643 1551 694 1619 die
721 1550 904 1619 dictatorem
930 1575 1004 1618 eum
1031 1574 1071 1617 ex
1090 1574 1120 1620 11

186 1632 361 1724 Jcpurumv
378 1645 531 1730 iussuque
552 1645 661 1733 populi
684 1645 803 1711 dictum
820 1644 919 1713 Veios
942 1645 1072 1712 allatum

126 1768 156 1811 Ἰ,
176 1749 232 1797 cum
248 1750 314 1805 esset
336 1742 411 1807 satis
438 1740 537 1807 altum
558 1741 750 1821 Ianiculum,
778 1741 833 1808 ubi
860 1743 974 1808 sedens
999 1764 1073 1829 pro·

140 1855 178 1879 w·
210 1852 220 1877 ·.
240 1823 351 1914 hostem,
379 1834 541 1901 descendit
563 1836 597 1902 in
619 1858 730 1902 aecum
748 1846 843 1922 atque
859 1836 914 1903 illo
931 1837 1003 1925 ipso
1021 1836 1072 1902 die

100 1922 303 2007 ··,.....‚
328 1951 391 2015 qua
412 1951 496 1996 nunc
517 1928 613 1996 busta
632 1928 756 1998 Gallica
777 1941 863 2011 sunt,
891 1941 923 1998 et
944 1941 1072 2020 postero

123 2040 148 2064 ³
174 2019 228 2077 iffi
241 2012 336 2091 Gabios
358 2024 471 2091 cecidit
494 2021 660 2091 Gallorum
681 2026 833 2114 legiones.
878 2027 974 2111 quid?
999 2035 1073 2114 post
1092 2045 1123 2092 rt

112 2176 115 2181 .
137 2135 149 2155 ‘r
167 2133 199 2213 ’.ν
213 2128 277 2182 noos
292 2140 361 2185 cum
374 2120 415 2185 ad
427 2119 582 2186 Furculas
593 2119 754 2187 Caudinas
768 2120 809 2187 ab
825 2119 968 2188 Samnite
981 2119 1073 2187 hoste

141 2219 164 2246 ‘¹¹¹
177 2212 332 2305 moissi
350 2236 474 2293 sumus,
494 2223 600 2280 utrum
618 2215 745 2280 tandem
762 2215 804 2280 L.
823 2214 971 2301 Papirius
991 2213 1073 2281 Cur-

98 2296 324 2399 mulsum
340 2309 560 2396 perlustrando
578 2333 619 2375 an
635 2310 807 2375 Luceriam
825 2310 997 2396 premendo
1016 2309 1073 2376 ob-

101 2415 134 2494 ᾗ
151 2411 183 2437 ’”
200 2430 212 2498 ¹·
242 2429 244 2432 ’
263 2412 289 2466 et
313 2403 499 2469 lacessendo
524 2404 671 2470 victorem
694 2403 819 2468 hostem
841 2402 1009 2488 depulsum
1031 2400 1072 2467 ab

111 2485 131 2520 ⁵
149 2509 216 2539 ”’”
238 2497 398 2563 muricibus
429 2498 540 2586 iugum
576 2496 712 2585 superbo
746 2493 882 2564 Samniti
916 2494 1073 2582 inposuit?

104 2607 129 2682 3
146 2600 177 2628 ”’
192 2574 340 2657 Glntacio
364 2614 444 2676 quae
467 2592 529 2658 alia
550 2615 601 2660 res
626 2615 721 2677 quam
744 2591 886 2659 celeritas
908 2589 1073 2656 victoriam
1093 2610 1124 2658 13

102 2773 105 2776 Ι
194 2683 253 2761 tucci
265 2697 390 2774 postero
408 2688 459 2753 die
477 2710 573 2772 quarn
591 2688 715 2753 hostem
733 2688 825 2766 vidit,
849 2686 984 2754 classem
1001 2708 1074 2774 gra·

109 2791 116 2822 '2
177 2781 375 2860 mnacibm,
401 2781 574 2868 inpeditam
596 2793 720 2849 suomet
740 2782 844 2870 ipsam
864 2783 1073 2848 instrumento

106 2887 113 2962 J
127 2891 128 2894 ’
143 2866 317 2958 siponto,
340 2876 516 2962 oppressit?
542 2877 674 2944 stultitia
696 2887 745 2944 est
762 2877 900 2945 sedendo
918 2887 974 2943 aut
990 2876 1072 2943 votis
1092 2893 1125 2942 14

105 2993 111 3056 l?
214 2971 332 3036 eredere
348 2992 458 3057 posse:
479 2994 567 3037 arma
584 2971 690 3058 capias
709 2981 831 3058 oportet
849 2982 881 3037 et
898 2971 1072 3037 descendas

101 3143 102 3150 ἵ
142 3068 215 3127 litun
237 3074 267 3130 et
291 3064 341 3131 vir
367 3086 438 3130 curn
464 3065 532 3130 viro
555 3065 784 3152 congrediaris3
811 3066 956 3131 audendo
979 3075 1074 3149 atque

103 3177 174 3214 aar.
194 3179 239 3224 res
261 3158 406 3225 Romana
433 3159 544 3238 crevit,
575 3182 640 3226 non
666 3159 716 3225 his
745 3158 895 3246 segnibus
923 3157 1071 3234 consiliis,

97 3253 98 3256 ’
144 3252 240 3318 ³lrmrclr
257 3263 351 3318 cauta
368 3253 500 3320 vocant’

131 3332 198 3412 llaec
214 3347 299 3413 velut
318 3347 509 3413 contionanti
526 3346 669 3414 Minucio
688 3346 998 3413 circumfundebatur
1019 3344 1123 3412 tri-15

91 3408 197 3506 bttrsm
216 3443 419 3528 equitumque
436 3443 652 3509 Romanorum
675 3443 841 3509 multitudo
864 3451 895 3508 et
917 3441 958 3506 ad
980 3463 1072 3506 aures

91 3538 167 3620 ltpue
181 3535 316 3602 militum
334 3537 419 3603 dicta
435 3537 554 3603 ferocia
571 3537 797 3604 evolvebantur
814 3557 864 3614 ac,
884 3535 911 3601 si
928 3534 1072 3600 militaris

91 3624 183 3718 magii
203 3653 254 3697 res
278 3640 376 3710 esset,
400 3629 598 3697 hauddubie
616 3630 758 3696 ferebant
776 3629 953 3695 Minucium
971 3626 1072 3694 Fabio

91 3746 152 3792 rem
166 3726 376 3814 praelaturos.

100 3820 179 3888 XV.
223 3819 348 3888 Fabius
369 3820 485 3907 pariter
505 3822 586 3887 inter
609 3844 683 3887 suos
701 3819 786 3885 haud
804 3819 908 3883 minus
927 3839 1020 3902 quam
1038 3816 1072 3881 in
1091 3836 1105 3883 1

91 3918 133 3986 tis
155 3918 317 3994 intentus,
343 3915 431 4002 prins
453 3916 493 3982 ab
515 3916 577 3982 illis
595 3916 749 3981 invictum
766 3912 906 3979 animum
923 3921 1071 3998 praestat.

91 4035 227 4100 mquam
245 4009 348 4100 probe
368 4011 426 4077 scit
444 4034 507 4077 non
524 4011 558 4077 in
576 4011 686 4078 castris
704 4009 799 4075 modo
823 4007 903 4087 suis,
931 4007 987 4074 sed
1009 4006 1072 4072 iam
