2528 4514
259 244 376 301 eman
393 245 548 315 xxvmr,
567 246 608 301 es.
623 247 665 301 aa
686 245 838 316 [accos]
1002 232 1068 298 479

95 399 176 470 inno
192 403 352 491 praesidio
372 402 524 470 Salaecae
541 403 690 491 imposito
711 403 781 490 ipse
800 426 872 470 oum
889 417 994 472 cetero
1012 428 1101 476 εις-4

95 508 139 562 ‚tu
154 499 329 584 profectus,
356 521 422 564 non
440 497 524 585 agris
542 500 653 578 modo,
677 520 874 583 quacumque
891 501 1067 578 incedebat,
1100 523 1104 527 ’

95 593 209 670 mlada,
237 593 295 659 sed
316 593 448 658 urbibus
471 593 567 658 etiam
589 593 779 678 quibusdam
804 593 946 678 vicisque
968 617 1067 681 expu-

95 687 159 765 ·tis,
176 687 240 752 late
258 687 332 753 fuso
349 698 468 753 terrore
481 687 565 766 belli,
585 689 719 774 septimo
732 689 784 754 die
798 712 894 774 quam
905 690 1067 777 profectus
1086 709 1103 760 t

95 786 110 840 t
147 803 296 867 magnam
315 781 380 846 vim
397 781 561 848 hominum
578 794 610 847 et
630 783 754 868 pecoris
773 796 805 849 et
821 784 924 850 omnis
941 784 1068 871 generis

95 875 174 940 edae
192 875 321 940 trahens
338 875 371 939 in
389 888 494 942 castra
510 876 592 942 redit
619 898 797 963 gravesque
814 876 929 944 iterum
946 879 1069 946 hostili·

95 987 99 1024 t
126 970 232 1056 spoliis
254 993 354 1036 naves
375 971 512 1036 dimittit.
563 971 638 1036 inde
661 972 787 1038 omissis
814 973 1067 1058 expeditionibus
1086 995 1102 1043 6

96 1063 145 1129 vis
163 1064 482 1151 populationibusque
497 1065 538 1130 ad
555 1067 802 1153 oppugnandam
809 1068 939 1134 Uticam
957 1090 1067 1133 omnes

95 1152 214 1225 livires
232 1159 401 1237 convertit,
429 1183 500 1225 eam
522 1161 650 1239 deinde,
678 1162 705 1227 si
722 1162 873 1249 cepisset,
902 1163 1010 1227 sedem
1028 1162 1069 1227 ad

95 1273 144 1318 era
169 1255 356 1338 exequenda
382 1254 556 1320 habiturus.
602 1256 696 1320 simul
718 1268 751 1321 et
774 1280 793 1322 a
814 1256 916 1322 classe
938 1256 1068 1323 navales
1088 1279 1103 1326 1

95 1346 131 1425 ii,
149 1369 212 1432 qua
230 1371 270 1414 ex
287 1359 377 1435 parte
393 1350 470 1415 urbs
487 1349 568 1414 mari
585 1349 732 1429 adluitur,
751 1350 846 1414 simul
863 1361 895 1415 et
912 1350 1069 1416 terrestris

95 1442 194 1508 ‚reitus
214 1443 255 1506 ad
272 1442 488 1509 imminentem
508 1466 608 1530 prope
629 1444 708 1530 ipsis
730 1443 897 1510 moenibus
915 1443 1070 1509 tumulum

105 1537 262 1604 admotus.
302 1549 459 1604 tormenta
476 1538 703 1621 machinasque
721 1549 753 1603 et
770 1539 942 1603 advexerat
960 1559 1069 1604 secum
1087 1563 1105 1611 a

95 1657 127 1700 ex
138 1631 250 1699 Sicilia
266 1634 366 1700 missa
383 1656 456 1700 cum
474 1645 651 1700 commeatu
669 1646 759 1700 erant
776 1645 808 1700 et
824 1658 908 1701 nova
920 1635 952 1699 in
968 1657 1071 1700 arma-

95 1729 207 1806 ntario,
235 1729 342 1794 multis
365 1729 475 1794 talium
501 1751 633 1814 operum
655 1729 827 1795 artificibus
850 1730 890 1795 de
915 1729 1072 1795 industria

95 1824 183 1900 lusis,
203 1823 330 1888 fiebant.
357 1823 564 1890 Uticensibus
578 1834 667 1888 tanta
683 1824 822 1909 undique
836 1825 920 1891 mole
938 1825 1072 1890 circum·
1089 1847 1105 1896 9

95 1918 135 1984 sis
166 1918 202 1980 in
229 1916 486 2005 Carthaginiensi
515 1918 652 2005 populo,
690 1917 1007 2008 Carthaginiensibus
1038 1920 1072 1985 in

95 2013 243 2079 sdrubale
269 2013 328 2090 ita,
355 2014 383 2079 si
409 2014 437 2078 is
464 2013 617 2080 movisset
639 2013 836 2101 Syphacem,
867 2040 941 2103 spes
968 2016 1071 2083 omnis

95 2120 113 2174 t.
143 2109 203 2173 sed
216 2108 373 2174 desiderio
382 2108 591 2195 indigentium
605 2109 703 2172 auxili
712 2111 832 2175 tardius
842 2123 955 2176 cuncta
964 2134 1073 2178 move-

95 2215 163 2268 tur.
190 2203 376 2268 Hasdrubal
395 2203 606 2268 intentissima
621 2202 850 2285 conquisitione
868 2227 941 2270 cum
959 2207 1001 2269 ad
1017 2206 1072 2269 tri-
1092 2227 1125 2273 1o

95 2309 126 2363 ta
144 2298 233 2362 milia
250 2298 407 2383 peditum,
426 2297 487 2362 tria
504 2296 645 2382 equitum
662 2296 866 2375 confecisset,
884 2321 949 2363 non
966 2308 1073 2363 tamen

95 2416 108 2459 e
134 2392 308 2458 adventum
329 2390 487 2478 Syphacis
511 2403 615 2456 castra
636 2392 766 2477 propius
793 2391 918 2457 hostem
943 2412 1073 2457 movere

106 2509 219 2552 ausus.
265 2486 400 2573 Syphax
423 2509 496 2552 cum
517 2485 747 2572 quinquaginta
768 2485 896 2551 milibus
917 2485 1070 2571 peditum,
1092 2508 1121 2555 11

95 2605 150 2648 em
168 2581 311 2664 equitum
329 2581 458 2646 advenit
475 2581 703 2664 confestimque
726 2580 820 2646 motis
839 2603 859 2645 a
877 2577 1072 2666 Carthagine

95 2677 150 2743 tris
169 2676 257 2741 haud
273 2677 383 2762 procul
400 2677 498 2744 Utica
514 2675 805 2759 munitionibusque
821 2675 976 2741 Romanis
999 2695 1074 2740 con-

95 2773 130 2839 it.
177 2795 313 2856 quorum
339 2774 494 2838 adventus
521 2773 582 2837 hoo
608 2784 714 2837 tamen
740 2771 892 2838 momenti
917 2770 1007 2851 feeit,
1038 2781 1075 2835 ut
1093 2790 1125 2838 12

95 2869 164 2956 pio,
193 2889 266 2932 cum
293 2868 502 2955 quadraginta
528 2868 627 2932 ferme
654 2866 723 2932 dies
749 2867 942 2952 nequiquam
969 2867 1076 2934 omnia

96 2963 208 3029 eriens
232 2963 413 3028 obsedisset
428 2962 574 3040 Uticam,
601 2962 788 3028 abscederet
811 2963 886 3029 inde
908 2963 1002 3029 inrito
1028 2963 1077 3028 in-

95 3071 140 3123 to.
181 3067 256 3121 et-
272 3056 336 3120 iam
355 3056 439 3122 enim
456 3056 557 3121 hiems
575 3057 716 3121 instabat
728 3094 754 3104 -
771 3068 876 3122 castra
893 3057 1026 3122 hiberna
1042 3057 1076 3120 in
1095 3074 1128 3121 13

95 3150 274 3227 munturio,
293 3151 379 3238 quod
391 3150 478 3216 tenui
490 3150 566 3237 iugo
584 3150 757 3215 continenti
774 3149 950 3214 adhaerens
967 3150 1001 3213 in
1019 3148 1076 3212 ali-

95 3246 309 3311 :ntum‘maris
329 3246 466 3332 spatium
484 3245 677 3321 extenditur,
699 3243 886 3320 communit,
909 3265 974 3308 uno
991 3242 1076 3307 vallo

95 3339 213 3406 tavalla
228 3351 332 3404 cestra
345 3339 553 3426 amplectitur.
578 3338 654 3423 iugo
669 3329 774 3402 medio
788 3336 951 3422 legionum
963 3337 1075 3402 castris
1095 3357 1128 3404 11

95 3435 189 3504 ositis
207 3435 290 3499 latus
309 3435 352 3498 ad
369 3434 615 3520 septentrionem
637 3454 765 3497 versum
783 3431 959 3498 subductae
977 3454 1076 3497 naves

95 3530 238 3612 'alesque
256 3528 334 3594 socii
351 3529 514 3604 tenebant,
532 3526 740 3591 meridianam
755 3526 868 3592 vallem
885 3526 926 3590 ad
944 3526 1077 3590 altemm

96 3648 114 3690 s
143 3624 302 3688 devexam
329 3623 496 3707 equitatus.
541 3621 620 3686 haee
641 3621 675 3684 in
695 3621 810 3686 Africa
830 3640 932 3703 usque
954 3620 996 3685 ad
1022 3641 1077 3684 ex·
1096 3641 1129 3687 15

95 3741 181 3783 num
199 3717 343 3782 autumni
360 3729 462 3802 gesta.

102 3811 281 3880 XXXVL
324 3812 458 3877 Praeter
479 3820 667 3875 convectum
688 3810 828 3895 undique
855 3831 897 3873 ex
917 3805 1076 3895 populatis
1095 3827 1109 3874 1

95 3930 124 3972 :a
154 3907 241 3993 agris
268 3907 462 3970 frumentum
492 3917 751 3989 commeatusque
779 3927 820 3970 ex
847 3901 956 3968 Sicilia
982 3913 1076 3985 atque

95 4002 134 4067 lia
154 4001 321 4078 advectos,
350 3997 410 4065 Cn.
430 3997 586 4063 Octavius
604 4010 789 4086 propraetor
811 4020 852 4063 ex
870 3995 1020 4062 Sardinia
1036 3996 1078 4062 ab
