2528 4530
199 248 265 316 488
440 256 560 313 arasa
577 254 783 325 xnus-s,
802 256 987 326 [autern]

165 416 368 506 sdissipavit
383 415 507 480 eastris
550 426 584 479 et
600 413 769 500 trepidatio
789 413 934 498 quddam,
960 427 1083 500 quanta
1102 439 1219 484 neoesse

200 508 1123 591 eratinnooturnoeffmonmlateinoendioomest:
1146 523 1216 579 eete-

200 630 272 673 rum
288 605 468 681 fortuitum,
484 626 551 669 non
567 602 716 668 hostilem
732 624 771 667 ae
787 603 937 668 bellicum
949 605 1060 692 ignem
1071 607 1133 671 rati
1146 629 1212 683 esse,

201 697 1213 783 sinearmisadrestinguendnmineendiumeffusiinarmatos

167 795 340 867 oinoidere
365 793 483 870 bostis,
509 793 647 856 maxime
671 792 828 856 Numidas
852 793 895 857 ab
919 793 1099 861 Masinissa
1121 796 1212 862 notitia

200 889 360 976 regiorum
376 900 554 952 emtrorum
570 886 612 949 ad
632 886 736 950 exitus
758 886 907 952 itinerum
927 888 1052 955 idoneis
1072 890 1148 956 loeis
1163 891 1212 955 dis·

151 1005 185 1054 10
200 983 334 1071 positos.
376 981 411 1045 in
435 980 515 1067 ipsis
542 979 700 1044 eubih'bus
727 980 937 1048 semisomnos
962 983 1072 1050 hausit
1090 985 1211 1062 damam

200 1076 292 1141 multi
308 1075 343 1139 in
359 1073 524 1162 praecipiti
541 1074 620 1161 fuga
631 1086 760 1140 ruentes
774 1098 872 1162 snper
883 1076 964 1142 alios
976 1077 1030 1142 alii
1041 1078 1077 1143 in
1089 1082 1212 1166 angustis

200 1184 364 1259 portarum
381 1170 488 1235 obtriti
506 1184 590 1234 sunt.

168 1290 180 1336 1
264 1266 326 1332 vl.
356 1264 566 1329 Relueentem
577 1264 739 1329 flammam
751 1264 854 1351 primo
864 1265 979 1352 vigiles
988 1265 1213 1353 Carthaginien-

202 1362 300 1437 sium,
327 1359 442 1424 deinde
460 1359 588 1425 excitati
609 1359 662 1422 alii
683 1372 838 1425 nocturno
855 1361 993 1426 tumultu
1009 1384 1084 1426 eum
1100 1383 1214 1448 eonspe-

200 1456 338 1531 xissent,
366 1455 542 1519 abeodem
562 1476 668 1519 errore
690 1455 819 1519 eredere
840 1468 874 1520 et
893 1455 957 1542 ipsi
978 1479 1039 1521 sua
1055 1467 1165 1544 sponte
1177 1456 1215 1519 in·

166 1572 182 1619 2
202 1549 349 1615 oendium
366 1560 484 1627 ortum,
511 1560 544 1612 et
564 1549 685 1614 elamor
703 1549 786 1614 inter
807 1550 938 1615 eaedem
959 1562 992 1616 et
1008 1552 1140 1616 vulnera
1154 1551 1215 1616 sub

202 1645 285 1710 latus
303 1667 344 1709 an
362 1666 403 1709 ex
420 1643 629 1730 trepidatione
645 1656 801 1710 nocturna
817 1658 904 1710 esset
922 1647 1086 1724 eonfusus,
1104 1667 1215 1712 sensum

167 1758 183 1806 a
201 1739 268 1804 veri
286 1738 455 1803 adimebat
498 1737 596 1824 igitur
612 1760 671 1824 pro
689 1761 724 1804 se
742 1739 877 1823 quisque
892 1739 1047 1818 inermes,
1065 1752 1103 1804 ut
1119 1740 1217 1825 qubus

200 1832 279 1897 nihil
295 1831 410 1898 hostile
429 1844 613 1918 suspectum
625 1843 726 1909 esset,
744 1833 891 1898 omnibus
904 1833 1019 1920 portis,
1040 1856 1105 1919 qua
1121 1834 1218 1918 eoique

200 1926 382 2014 proximum
408 1937 489 2003 erat,
516 1948 556 1991 ea
576 1927 672 1993 modo
693 1949 775 2012 quae
795 1928 1023 2015 restinguendo
1039 1929 1108 2015 igni
1129 1929 1219 1995 forent

166 2030 378 2109 spumantes,
404 2020 439 2084 in
461 2043 576 2107 agmen
592 2022 774 2087 Romanum
794 2024 938 2089 ruebant.
991 2023 1110 2107 quibus
1131 2022 1218 2088 eaesis

201 2114 349 2181 omnibus
367 2126 589 2201 praeterquam
607 2116 714 2183 hostili
731 2117 820 2194 odio,
843 2117 938 2182 etiam
953 2141 995 2183 ne
1013 2119 1086 2203 quis
1104 2118 1220 2183 nuntius

201 2210 371 2297 effugeret,
399 2211 557 2297 extemplo
582 2209 690 2296 Scipio
716 2211 878 2296 neglectas
904 2224 941 2276 ut
964 2212 999 2276 in
1020 2212 1078 2277 tali
1099 2212 1221 2278 tumultu

167 2318 309 2393 opertas
335 2304 475 2382 invadit3
510 2304 701 2390 ignibusque
730 2306 764 2368 in
793 2306 939 2392 proxima
968 2318 1052 2372 teoto
1084 2307 1221 2374 oonieotis

201 2400 304 2465 effusa
325 2400 453 2464 flamma
472 2399 576 2486 primo
599 2399 685 2464 velut
707 2423 819 2485 sparsa
839 2400 982 2486 pluribus
1004 2401 1087 2466 lom's
1108 2401 1221 2476 reluxit,

200 2494 273 2559 dein
299 2516 357 2581 per
385 2493 534 2559 continua
560 2515 691 2580 serpens
717 2516 781 2558 uno
806 2505 936 2581 repente
958 2496 1067 2560 omnia
1088 2494 1223 2560 ineendio

166 2612 181 2659 o
200 2588 315 2653 hausit.
344 2588 482 2652 ambusti
495 2587 639 2653 homines
657 2587 859 2672 iumentaque
877 2589 972 2654 foeda
988 2589 1131 2675 primum
1146 2591 1222 2683 fuga,

200 2681 274 2746 dein
300 2692 406 2767 strage
433 2682 610 2747 obruebant
634 2681 747 2746 itinera
772 2693 949 2768 portarum:
977 2704 1059 2768 quos
1088 2707 1153 2749 non
1176 2706 1223 2770 op·

198 2786 359 2860 presserat
375 2775 470 2860 ignis,
488 2775 572 2840 ferro
591 2776 765 2862 absumpti,
783 2777 920 2861 binaque
938 2787 1045 2842 casua
1063 2778 1155 2844 clade
1169 2799 1222 2842 uns

166 2893 179 2938 7
200 2869 313 2934 deleta.
367 2870 463 2935 duces
490 2880 598 2935 temen
624 2871 732 2948 ambo,
759 2894 800 2936 ex
822 2883 869 2937 tot
890 2871 1018 2938 milibus
1040 2886 1221 2940 armatorum

199 2961 262 3026 duo
281 2962 367 3027 milia
383 2964 525 3049 peditum
543 2978 575 3029 et
594 2965 757 3051 quingenti
772 2966 893 3049 equites
909 2988 1102 3048 semermes,
1120 2989 1221 3055 magna

164 3077 180 3125 8
199 3080 273 3144 pers
306 3059 405 3123 saucii
435 3060 604 3143 adflatique
636 3058 783 3127 inoendio
814 3061 1003 3148 effugerunt.
1060 3085 1156 3130 caesa
1178 3071 1220 3126 sut

198 3153 313 3218 hausta
335 3153 468 3219 flammis
492 3155 702 3241 quadraginta
723 3155 810 3219 milia
832 3154 996 3220 hominum
1019 3170 1112 3236 sunt,
1144 3166 1220 3243 eapta

199 3269 294 3333 supra
328 3248 466 3331 quinque
500 3249 600 3327 milie;
637 3249 728 3313 multi
754 3247 1072 3335 Carthaginiensium
1102 3250 1218 3323 nobiles,

164 3341 345 3409 sundeoim
372 3353 548 3419 senatores3
586 3342 677 3429 signa
702 3343 850 3408 militaria
875 3353 1003 3408 eentum
1031 3345 1220 3433 septuaginta

198 3445 357 3518 quattuor,
377 3436 449 3519 equi
462 3436 620 3502 Numidici
639 3460 735 3524 supra
752 3438 816 3502 duo
832 3437 919 3502 milia
936 3439 1148 3527 septingenti3
1169 3438 1221 3504 ele·

196 3528 307 3616 phanti
325 3552 382 3595 sex
400 3532 498 3618 eapti,
517 3542 588 3596 oete
607 3532 691 3597 ferro
708 3533 898 3617 flammaque
916 3533 1097 3622 absumpti3
1118 3554 1220 3621 magna

197 3623 245 3687 vis
264 3646 422 3689 armorum
440 3637 547 3712 capta:
570 3649 608 3690 ea
631 3627 737 3692 omnia
754 3628 924 3715 imperator
940 3628 1095 3696 Vulcano
1113 3638 1221 3696 saerata

196 3716 345 3782 incendit.

163 3828 177 3876 1
259 3812 337 3880 VII.
373 3808 558 3879 Hasdrubal
577 3837 617 3878 ex
635 3815 713 3902 fuga
731 3838 803 3881 eum
821 3815 931 3903 paneis
945 3817 1108 3884 Afrorum
1124 3818 1219 3883 urbem

196 3907 373 3991 proximam
389 3909 537 3995 petierat,
565 3931 666 3993 eoque
684 3935 794 3978 omnes
818 3911 872 3996 qui
890 3924 1083 3998 supererant
1100 3910 1220 3999 vestig't

196 3997 284 4064 dueis
304 4013 471 4085 sequentes
491 4025 525 4069 se
544 4005 753 4088 contulerant3
782 4018 868 4072 metu
886 4006 1019 4088 deinde,
1042 4032 1085 4075 ne
1104 4007 1221 4074 dedere·
