2528 4514
195 243 313 298 amna
330 244 426 314 m,
444 244 487 299 aa.
508 247 546 313 [a.
558 242 587 299 e.
598 245 661 313 ara]
874 231 941 299 259

102 410 211 485 sponte
232 410 351 479 vestra,
384 395 517 486 experiri
538 400 627 480 libet,
655 412 809 486 quantum
826 402 943 469 audea-

95 504 191 559 vestro
217 504 353 560 auctore.
406 518 470 560 non
495 495 579 560 enim
604 495 750 562 hesterno
776 497 842 575 die,
869 519 942 563 cum

95 589 197 674 captui
222 589 295 652 dedi
322 588 524 672 sequentibus
547 590 647 655 effuse
669 589 760 656 vobis
782 589 941 657 turbatum

95 683 231 768 frangere
266 682 430 748 audaciam
464 694 619 761 vestram,
657 685 714 749 sed
748 684 874 750 differre
907 685 942 750 in

95 776 217 861 gloriam
243 787 337 859 atque
363 778 627 862 opportunitatem
653 777 758 857 volui,
793 788 830 843 ut
853 788 992 865 post-1²

95 871 204 955 eparati
230 871 388 947 incautos,
424 871 535 935 armati
560 870 696 937 inermes
722 882 816 956 atque
847 872 942 938 etiam

95 988 107 1028 r
127 963 323 1029 occasionem
346 964 477 1051 adgredi
497 964 644 1050 possetis.
688 986 747 1030 nec
768 965 862 1031 huius
888 986 942 1032 oc-

95 1082 166 1136 rem,
189 1059 319 1137 milites,
343 1058 423 1123 forte
442 1068 572 1136 temere,
596 1057 653 1124 sed
671 1079 762 1125 exre
779 1058 850 1145 ipsa
866 1081 942 1125 oon-

95 1152 168 1218 tbeo.
214 1177 233 1217 a
258 1151 349 1218 vobis
375 1174 501 1237 quoque
526 1151 667 1238 profecto
694 1152 818 1238 siquis
844 1174 992 1238 quae-18

95 1271 150 1312 am
182 1247 276 1313 modo
302 1248 396 1333 pauci
422 1271 442 1312 a
466 1247 588 1326 multis,
624 1248 700 1313 victi
724 1271 745 1313 a
769 1247 940 1313 victoribus

95 1342 131 1405 ati
162 1342 249 1420 sitis,
284 1341 361 1406 nihil
393 1342 479 1407 aliud
508 1341 743 1428 respondeatis,
778 1363 873 1425 quam
907 1341 942 1407 id

95 1437 175 1500 entis
201 1459 259 1502 vos
286 1436 392 1502 omnia
418 1446 449 1501 et
475 1436 622 1522 operibus
644 1436 769 1501 firmata
788 1433 939 1501 habuisse

95 1541 184 1595 ratos
201 1530 433 1614 instructosque
450 1530 560 1596 fuisse.
599 1530 692 1596 etita
709 1551 744 1595 se
760 1551 811 1595 res
828 1527 939 1594 habet:
959 1550 992 1596 14

95 1625 129 1697 >d
150 1646 190 1688 ne
212 1625 359 1689 timeatur
376 1624 503 1689 fortuna
524 1623 613 1702 facit,
640 1623 769 1689 minime
791 1622 850 1688 tuti
868 1632 940 1688 sunt

95 1719 165 1802 quia
187 1719 273 1802 quod
295 1719 470 1806 neglexeris
497 1719 658 1784 incautum
680 1727 776 1803 atque
796 1726 940 1803 apertum

95 1813 154 1876 ihil
172 1812 313 1877 omnium
330 1835 415 1878 nunc
431 1813 535 1878 minus
552 1820 696 1878 metuunt
717 1812 825 1878 hostes
843 1832 940 1897 quam
959 1826 990 1875 15

95 1963 97 1970 ,
123 1907 217 1972 modo
243 1907 305 1994 ipsi
331 1917 425 1992 atque
451 1907 625 1994 oppugnati
651 1915 755 1973 castra
777 1928 836 1971 sua
856 1905 938 1971 ultro

95 2023 136 2065 is.
181 2001 368 2079 audeamus,
395 2002 480 2085 quod
498 2001 583 2066 credi
600 2024 664 2067 non
680 2009 786 2087 potest
806 2022 939 2066 ausuros

95 2113 168 2180 pse,
205 2094 291 2179 quod
312 2094 532 2159 difficillimum
550 2095 691 2173 videtur,
726 2094 852 2161 facilius
870 2094 938 2159 erit

95 2191 130 2254 ia
156 2190 257 2254 noctis
285 2189 389 2253 silenti
418 2189 543 2274 agmine
570 2189 683 2253 ducam
709 2210 778 2253 vos.
830 2188 939 2273 explo-
957 2203 989 2251 16

95 2305 160 2361 reo,
196 2306 259 2347 non
288 2283 466 2368 vigiliarum
496 2283 656 2361 ordinem,
692 2303 757 2346 non
787 2281 937 2346 stationes

95 2427 104 2442 .
150 2376 267 2442 clamor
288 2378 321 2441 in
342 2377 441 2465 portis
463 2375 589 2440 auditus
611 2385 643 2440 et
663 2374 784 2460 primus
801 2373 938 2458 impetus
957 2390 989 2437 17

95 2471 161 2535 erit.
214 2480 282 2534 tum
307 2471 388 2534 inter
419 2469 559 2555 torpidos
590 2491 701 2535 somno
731 2468 939 2553 paventisque

95 2575 193 2629 ratum
220 2565 389 2629 tumultum
417 2574 447 2629 et
472 2561 600 2628 inermis
629 2562 664 2627 in
690 2559 846 2627 cubilibus
872 2561 938 2627 suis

99 2659 154 2723 illa
180 2659 292 2724 caedes
319 2659 448 2736 edatur,
483 2681 503 2722 a
529 2679 592 2742 qua
621 2678 679 2722 vos
709 2655 856 2721 hesterno
887 2655 939 2721 die

95 2775 183 2840 aegre
205 2752 363 2817 ferebatis.
409 2752 489 2830 scio,
516 2752 622 2817 audax
644 2748 744 2816 videri
761 2749 936 2828 consilium,
957 2761 989 2812 18

95 2848 149 2914 bus
180 2847 300 2934 asperis
331 2856 362 2912 et
392 2847 479 2913 tenui
510 2868 566 2932 spe
596 2845 770 2912 fortissima
795 2866 939 2931 quaeque

95 2941 216 3007 tissima
238 2949 325 3019 sunt,
351 2940 440 3024 quia,
467 2940 496 3006 si
516 2940 551 3006 in
573 2939 746 3006 occasionis
768 2949 937 3017 momento,

95 3036 222 3101 tervolat
239 3035 469 3121 opportunitas,
496 3044 661 3102 cunctatus
681 3032 812 3120 paulum
829 3033 937 3111 fueris,

95 3186 97 3194 .
122 3153 198 3195 mox
228 3130 378 3195 omissam
409 3151 552 3213 quaeras.
604 3150 687 3193 unus
719 3125 874 3191 exercitus
905 3125 938 3189 in
956 3138 988 3186 19

111 3234 173 3302 est,
209 3222 272 3288 duo
297 3223 384 3289 haud
408 3223 518 3308 procul
542 3220 668 3288 absunt.
716 3239 800 3283 nuno
826 3218 939 3304 adgre-

102 3339 175 3404 spes
210 3316 315 3400 aliqua
349 3328 411 3394 est;
455 3327 487 3382 et
515 3316 579 3381 iam
609 3312 786 3399 temptastis
816 3321 937 3378 vestras

95 3435 153 3476 um
183 3410 276 3476 vires.
330 3410 358 3475 si
388 3410 472 3475 diem
497 3409 685 3495 proferimus
717 3415 748 3471 et
773 3404 938 3473 hesternae
955 3417 990 3465 20

100 3505 188 3570 fama
208 3504 366 3570 contemni
388 3504 588 3581 desierimus,
613 3499 787 3589 periculum
809 3509 872 3578 est,
898 3521 938 3564 ne

95 3621 165 3677 ces,
202 3621 310 3665 omnes
345 3598 454 3684 copiae
486 3597 682 3663 conveniant.
730 3603 793 3659 tres
824 3592 938 3659 deiude

95 3715 123 3759 es
150 3693 304 3761 exercitus
332 3691 555 3758 sustinebimus
580 3690 732 3765 hostium,
768 3709 848 3773 quos
876 3684 937 3753 Cn.

95 3787 188 3852 olumi
210 3787 346 3852 exercitu
368 3808 432 3851 non
455 3784 620 3851 sustinuit?
646 3792 681 3848 ut
698 3781 866 3847 dividendo
884 3801 938 3846 co-
955 3801 987 3849 21

95 3904 123 3948 re
153 3883 249 3948 duces
279 3881 396 3961 nostri,
431 3880 475 3946 ita
501 3878 668 3964 separatim
698 3898 747 4031 ac⁷
756 3875 856 4013 3dirisi
881 3897 938 3962 op-

713 3978 729 4031 1
