2528 4514
137 254 201 322 360
360 265 477 320 LIBER
494 262 622 333 XXVII,
640 263 683 319 30.
696 262 738 319 31.
759 266 798 333 [a.
809 280 836 318 u.
848 278 872 318 c.
882 263 946 333 546]

138 449 196 516 per
212 423 413 491 Thessaliam
433 420 662 509 Boeotiamque
686 419 874 486 Chalcidem
896 421 1064 486 Euboeae·

138 531 175 586 ut
194 517 355 603 Attalum,
382 538 478 600 quem
499 516 601 580 classe
623 515 790 581 Euboeam
815 515 990 601 petiturum
1015 515 1064 580 aud

105 634 122 682 8
138 612 282 701 portibus
301 621 334 677 et
350 610 476 675 litorum
494 609 629 695 adpulsu
643 618 772 674 arceret.
799 608 874 674 inde
887 609 1064 696 praesidior

141 708 293 773 adversus
311 703 471 781 Attalum,
500 703 527 767 si
548 703 630 767 forte
651 702 776 766 interim
794 702 986 781 traiecisset,
1008 725 1064 790 prot

140 802 210 888 ipse
228 821 299 864 cum
316 797 426 885 paucis
445 797 585 880 equitum
601 796 744 879 levisque
758 807 937 862 armaturae
951 798 1058 884 Argos

106 895 186 964 sibi
207 893 366 959 curatione
383 894 582 957 Heraeorum
599 891 854 974 Nemeorumque
878 892 1041 978 suffragiis
1060 915 1064 978 j

141 989 183 1054 ad
200 1010 273 1054 eum
290 987 409 1063 delata,
433 985 506 1070 quia
524 1007 559 1049 se
575 984 792 1050 Macedonum
812 1007 907 1071 reges
928 1008 971 1050 ex
988 1009 1028 1051 ea
1045 987 1064 1050 c?

141 1081 290 1148 oriundos
312 1080 467 1156 referunt,
494 1078 630 1143 Heraeis
653 1078 789 1164 peractis
813 1078 950 1164 abipso
973 1079 1064 1144 ludici

141 1175 259 1262 templo
285 1173 426 1260 Aegium
455 1173 616 1258 profectus
644 1183 694 1238 est
719 1168 761 1237 ad
785 1173 941 1238 indictum
972 1175 1064 1240 multa

142 1270 299 1337 sociorum
317 1268 493 1334 concilium.

93 1385 125 1433 10
205 1363 257 1429 Ibi
283 1363 323 1427 de
345 1362 491 1427 Aetolico
517 1362 655 1429 finiendo
678 1363 762 1427 bello
785 1372 905 1440 actum,
933 1385 976 1428 ne
1000 1385 1064 1428 caut

93 1482 122 1528 11
142 1458 295 1526 Romanis
324 1466 379 1522 aut
403 1457 513 1522 Attalo
539 1457 677 1522 intrandi
705 1456 872 1523 Graeciam
905 1468 1002 1523 esset.
1047 1481 1064 1522 s·

142 1552 248 1620 omnia
266 1552 396 1616 vixdum
412 1550 604 1616 indutiarum
621 1563 762 1637 tempore
780 1552 971 1617 circumacto
985 1553 1064 1617 Aeto

141 1649 272 1724 havere,
291 1656 460 1733 postquam
477 1656 509 1710 et
521 1646 666 1711 Attalum
680 1646 840 1732 Aeginam
857 1647 987 1712 venisse
1006 1647 1064 1712 etl

93 1762 124 1810 12
142 1765 218 1807 nam
235 1742 370 1806 classem
389 1751 472 1805 stare
491 1740 532 1804 ad
548 1741 748 1827 Naupactum
766 1741 926 1806 audivere.
967 1740 1064 1806 vocati

142 1835 176 1898 in
193 1834 359 1899 concilium
376 1833 594 1911 Achaeorum,
616 1835 649 1897 in
667 1854 729 1917 quo
748 1842 780 1897 et
797 1855 853 1898 eae
870 1833 1047 1920 legationes

143 1949 224 2011 quae
252 1927 293 1991 ad
317 1926 456 1992 Phalara
482 1936 612 2014 egerant
639 1928 678 1992 de
704 1948 797 2014 pace,
828 1927 933 2013 primo
965 1927 1062 2012 questi

143 2021 300 2105 quaedam
329 2043 428 2106 parva
454 2031 563 2086 contra
587 2021 683 2085 fidem
708 2020 928 2085 conventionis
956 2032 1064 2107 tempor

93 2137 124 2183 13
144 2115 300 2179 dutiarum
322 2115 421 2192 facta,
448 2124 609 2200 postremo
631 2125 788 2200 negarunt
805 2115 911 2178 dirimi
927 2115 1064 2199 bellum]

142 2208 205 2273 nisi
225 2208 387 2273 Messenis
408 2209 532 2273 Achaei
554 2209 671 2293 Pylum
692 2209 874 2285 redderent,
902 2209 1052 2274 Romanis

142 2313 282 2368 tueretur
316 2301 495 2378 Atintania,
537 2298 740 2367 Scerdilaedo
775 2312 807 2366 et
840 2301 994 2368 Pleurato
1026 2303 1064 2365 Ar

93 2418 125 2464 14
144 2397 304 2462 enimvero
334 2395 499 2480 indignum
530 2406 617 2459 ratus
645 2395 812 2482 Philippus
843 2395 946 2462 victos
974 2397 1064 2461 victor

141 2490 224 2555 ultro
247 2488 439 2554 condicionis
462 2489 558 2567 ferre,
586 2512 626 2554 ne
649 2500 741 2554 antea
761 2489 889 2572 quidem
910 2512 944 2555 se
964 2503 1017 2555 aut
1033 2489 1064 2552 de

144 2583 270 2648 audisse
289 2594 344 2647 aut
360 2582 497 2648 indutias
515 2583 676 2670 pepigisse
695 2583 773 2646 dixit
787 2606 878 2669 spem
890 2585 991 2650 ullam
1003 2585 1064 2648 habt

143 2679 304 2762 quieturos
322 2677 471 2754 Aetolos,
492 2679 548 2742 sed
565 2689 601 2743 ut
618 2679 720 2743 omnis
739 2678 841 2743 socios
861 2680 954 2745 testis
972 2680 1064 2744 haber<

94 2791 125 2838 15
143 2771 247 2856 pacis,
265 2770 336 2834 illos
353 2771 430 2835 belli
446 2792 576 2836 causam
593 2773 765 2855 quaesisse.
801 2772 846 2836 ita
863 2773 984 2839 infecta
999 2793 1063 2860 pace

144 2862 250 2927 cilium
281 2863 400 2928 dimisit
430 2875 577 2947 quattuor
608 2865 735 2930 milibus
767 2877 961 2931 armatomm
986 2863 1064 2932 relicti

142 2956 334 3043 praesidium
360 2957 563 3023 Achaeorum
594 2970 626 3023 et
655 2959 793 3043 quinque
823 2961 929 3046 longis
957 2960 1064 3025 navibu

93 3070 125 3118 16
144 3050 258 3136 ceptis,
282 3073 359 3134 quas
379 3052 405 3117 si
424 3052 591 3117 adiecisset
608 3052 724 3118 missae
741 3076 842 3138 nuper
860 3056 903 3118 ad
921 3078 957 3121 se
979 3051 1058 3119 classi

143 3144 389 3230 thagirriensium
411 3156 442 3210 et
460 3168 500 3210 ex
517 3147 669 3232 Bithynia
686 3148 726 3211 ab
742 3169 819 3233 rege
836 3147 956 3213 Prusia
973 3147 1064 3213 venien

142 3239 293 3316 navibus,
317 3249 470 3303 statuerat
486 3240 591 3304 navali
608 3240 727 3326 proelio
745 3240 903 3307 lacessere
920 3243 1064 3309 Romanos

94 3353 124 3398 1⁷
144 3333 198 3396 diu
224 3331 257 3396 in
281 3331 411 3418 regione
439 3355 477 3397 ea
502 3334 647 3419 potentis
666 3333 772 3398 maris.
816 3334 886 3420 ipsc
913 3337 955 3401 ab
977 3359 1013 3401 eo
1030 3353 1064 3396 ool

142 3426 250 3512 Argos
269 3450 434 3512 regressus
440 3452 449 3506 ;
467 3427 530 3492 iam
544 3429 627 3492 enim
636 3429 827 3494 Nemeorum
845 3430 1014 3516 adpetebat
1027 3439 1064 3491 ten

143 3541 224 3604 quae
242 3520 400 3586 celebrare
418 3521 546 3586 volebat
561 3522 741 3608 praesentia
759 3546 825 3587 sua.

110 3635 123 3680 1
207 3613 346 3678 XXXI.
392 3613 557 3701 Occupato
583 3638 658 3703 rege
686 3626 838 3703 apparatu
865 3616 1020 3696 ludorum,
1044 3621 1064 3676 el

143 3708 210 3773 dies
233 3709 333 3774 festos
355 3709 499 3781 licentius
523 3732 617 3794 quam
639 3711 721 3776 inter
737 3712 813 3776 belli
831 3723 975 3800 tempora
990 3707 1064 3777 remit

143 3803 295 3880 animum,
318 3803 357 3868 P.
377 3802 536 3889 Sulpicius
556 3828 575 3870 a
591 3806 756 3891 Naupacto
778 3807 943 3892 profectus
961 3808 1064 3872 classen

142 3895 222 3980 pulit
254 3897 337 3961 inter
373 3895 543 3982 Sicyonem
578 3909 610 3963 et
646 3897 851 3978 Corinthum,
890 3898 1064 3987 [felicissima

107 4005 124 4054 2
144 3987 268 4075 agrum]
293 3991 461 4057 fertilitatis
484 3993 585 4059 effuse
603 3994 748 4060 vastavit.
794 3995 880 4059 fama
898 3995 966 4060 eius
982 3993 1021 4061 rei
1034 3986 1064 4054 Pl
