2528 4530
292 257 408 312 ursan
426 259 553 328 xxvu,
572 259 613 312 aa
628 259 669 314 30.
690 259 841 332 [accos]
1019 253 1084 318 359

117 416 244 481 Eadem
258 424 377 481 aestate
391 415 439 480 M.
448 415 596 482 Valerius
611 438 683 481 cum
696 416 798 482 classe
812 430 939 483 centum
953 420 1082 486 navium
1101 443 1115 489 7

70 536 96 574 tx
122 508 233 575 Sicilia
263 509 296 573 in
321 509 465 573 Africam
496 510 631 575 tramisit
661 523 693 575 et
720 511 761 575 ad
789 509 945 599 Clupeam
971 514 1082 580 urbem

70 603 240 670 scansione
266 603 351 668 facta
378 626 490 690 agrum
515 603 578 681 late
604 604 692 670 nullo
718 604 818 670 ferme
845 607 939 672 obvio
962 621 1081 674 armato

70 697 201 762 rastavit.
237 696 310 762 inde
330 696 370 760 ad
388 719 486 761 naves
505 696 619 782 raptim
637 698 839 783 praedatores
857 701 990 786 recepti,
1008 702 1083 785 quia

70 803 184 876 epente
202 790 289 854 fama
306 789 433 868 accidit,
453 790 588 855 classem
605 791 760 855 Punicam
778 793 959 859 adventare.
995 807 1081 861 octo·

70 883 143 968 ginta
161 895 251 947 erant
268 894 300 948 et
318 894 381 948 tres
404 907 511 948 naves.
557 905 627 948 cum
650 884 700 949 his
723 884 808 950 haud
829 887 940 971 procul
959 885 1116 974 Clupeas

70 999 206 1062 uespere
219 988 340 1063 pugnat
352 978 527 1042 Romanus.
556 978 666 1043 decem
680 989 711 1043 et
729 991 800 1044 octo
818 980 952 1045 navibus
971 983 1081 1068 captis,

70 1072 174 1158 ligatis
194 1072 278 1148 aliis,
297 1093 370 1136 cum
387 1095 504 1157 magna
521 1072 661 1137 terrestri
678 1073 846 1156 navalique
858 1074 978 1159 praeda
991 1075 1082 1160 Lily-

70 1187 171 1230 >aeum
187 1164 289 1230 rediit

117 1259 243 1323 Eadem
276 1269 395 1323 aestate
422 1269 454 1322 et
480 1258 647 1344 Philippus
674 1260 913 1346 implorantibus
940 1260 1114 1331 Achaeisa

70 1352 207 1416 rusilium
225 1352 308 1430 tulit,
327 1374 407 1436 quos
426 1362 458 1416 et
469 1352 680 1418 Machanidas
699 1366 851 1438 tyrannus
863 1354 1082 1420 Lacedaemo·

70 1445 179 1510 riorum
195 1445 327 1510 finitimo
346 1446 429 1511 bello
446 1447 559 1511 urebat
572 1458 603 1512 et
616 1448 724 1513 Aetoli
738 1448 872 1513 navibus
885 1470 943 1533 per
955 1448 1080 1526 fretum,

70 1540 140 1622 quod
155 1541 356 1625 Naupactum
374 1551 406 1604 et
422 1540 537 1605 Patras
555 1540 706 1605 interfluit
722 1578 749 1588 -
760 1542 868 1606 Rhion
885 1542 1007 1608 incolae
1025 1565 1080 1608 vo·

70 1642 128 1698 tant
142 1671 179 1710 -,
198 1635 337 1699 exercitu
357 1634 485 1700 traiecto
505 1634 687 1721 depopulati
704 1647 803 1700 erant.
839 1637 984 1701 Attalum
1002 1658 1080 1720 quo·
1099 1659 1131 1707 ιο

70 1748 115 1809 pre
132 1749 241 1814 regem
258 1727 374 1806 Asiae,
398 1728 472 1811 quia
488 1729 597 1794 Aetoli
616 1752 774 1794 summum
792 1730 896 1815 gentis
915 1752 991 1796 suae
1013 1754 1080 1795 ma·

70 1821 221 1904 gistratum
239 1822 280 1886 ad
297 1845 371 1887 eum
387 1822 532 1908 proximo
552 1823 684 1889 concilio
699 1824 892 1901 detulerunt,
910 1824 996 1889 fama
1014 1835 1080 1890 erat

70 1939 87 1978 u
102 1916 266 2000 Europam
284 1916 497 1980 traiecturum.

117 2007 239 2073 XXX.
284 2008 339 2075 Ob
361 2009 440 2074 haec
456 2010 606 2097 Philippo
628 2011 662 2075 in
685 2010 854 2076 Graeciam
876 2012 1080 2078 descendenti
1100 2036 1112 2081 1

70 2103 95 2167 ,d
110 2102 259 2167 Lamiam
280 2104 393 2169 urbem
414 2105 524 2169 Aetoli
546 2106 625 2169 duce
647 2105 797 2189 Pyrrhia,
826 2105 881 2189 qui
900 2117 1027 2190 praetor
1047 2107 1080 2170 in

72 2219 126 2260 um
152 2219 271 2260 annum
297 2219 368 2262 cum
393 2200 523 2263 absente
545 2199 657 2263 Attalo
680 2209 804 2263 creatus
828 2209 909 2276 erat,
937 2221 1081 2265 occurre-

70 2300 134 2355 unt.
166 2290 326 2355 habebant
339 2302 372 2356 et
385 2292 425 2356 ab
439 2293 549 2358 Attalo
568 2292 684 2357 auxilia
702 2312 810 2356 secum
828 2302 860 2357 et
876 2292 962 2356 mille
980 2292 1079 2357 ferme
1098 2314 1113 2361 2

70 2408 92 2449 x
109 2385 257 2449 Romana
275 2384 377 2450 classe
395 2410 415 2451 a
431 2387 470 2451 P.
491 2385 633 2472 Sulpicio
656 2385 781 2451 missos.
825 2385 977 2450 adversus
996 2385 1080 2449 hunc

70 2500 167 2544 noem
188 2489 283 2562 atque
305 2480 363 2545 has
386 2481 493 2567 copias
515 2481 683 2567 Philippus
710 2479 759 2544 bis
785 2500 938 2565 prospero
965 2489 1080 2544 eventu

70 2573 221 2658 ugnavit,
239 2573 325 2638 mille
339 2575 510 2640 admodum
522 2574 662 2640 hostium
680 2585 812 2655 utraque
830 2595 939 2658 pugna
956 2572 1078 2638 occidit.

70 2667 124 2732 1de
147 2687 221 2731 curn
238 2668 347 2732 Aetoli
369 2679 456 2733 metu
479 2669 634 2755 compulsi
651 2666 786 2731 Lamiae
808 2668 895 2732 urbis
913 2668 1079 2734 moenibus
1098 2687 1113 2736 a

70 2772 197 2827 suerent
215 2784 299 2840 sese,
317 2762 485 2849 Philippus
505 2763 545 2826 ad
561 2761 701 2826 Phalara
723 2762 896 2826 exercitum
918 2762 1021 2827 duxit:
1047 2762 1081 2828 in

70 2854 192 2920 deliaco
212 2855 282 2919 sinu
298 2855 326 2920 is
344 2855 433 2922 locus
453 2866 516 2933 est,
540 2856 699 2939 quondam
717 2856 898 2939 frequenter
920 2857 1079 2922 habitatus

70 2961 181 3036 ropter
199 2950 362 3036 egregium
379 2964 505 3038 portum
520 2962 666 3035 tutasque
680 2951 763 3016 circa
777 2953 928 3017 stationes
942 2962 974 3016 et
987 2952 1081 3017 aliam

70 3044 320 3130 pportunitatem
341 3045 542 3110 maritumam
564 3056 816 3129 terrestremque.
861 3069 899 3111 eo
920 3046 1017 3131 legati
1040 3046 1080 3109 ab
1098 3061 1116 3109 4

70 3160 127 3225 ege
146 3138 290 3224 Aegypti
306 3138 491 3205 Ptolemaeo
509 3140 707 3223 Rhodiisque
725 3151 758 3204 et
775 3138 1026 3204 Atheniensibus
1049 3147 1081 3202 et

70 3229 145 3296 :hiis
177 3242 332 3296 venerunt
362 3233 403 3296 ad
434 3233 643 3298 dirimendum
668 3232 750 3296 inter
776 3231 960 3317 Philippum
986 3240 1080 3314 atque

70 3324 188 3390 retolos
208 3325 335 3390 bellum.
382 3326 540 3392 adhibitus
559 3328 598 3391 ab
616 3326 741 3391 Aetolis
760 3335 849 3390 etex
866 3324 1006 3388 finitimis
1023 3346 1081 3410 pa-

69 3419 193 3484 ificator
217 3421 426 3504 Amynander
452 3443 509 3484 rex
534 3420 763 3485 Athamanum.
807 3416 948 3483 omnium
975 3427 1115 3482 autema

70 3535 116 3578 on
134 3523 223 3578 tanta
240 3536 297 3601 pro
315 3514 441 3580 Aetolis
460 3536 536 3579 cura
554 3527 634 3592 erat,
658 3512 820 3578 ferocioris
839 3533 935 3596 quam
952 3533 1010 3598 pro
1032 3510 1076 3574 in·

70 3606 155 3686 ;eniis
175 3605 370 3673 Graecorum
389 3608 508 3694 gentis,
528 3629 623 3690 quam
640 3629 681 3671 ne
698 3606 866 3692 Philippus
883 3625 1080 3690 regnumque

70 3700 121 3765 ius
138 3700 235 3766 rebus
255 3701 423 3778 Graeciae,
441 3724 540 3786 grave
557 3701 694 3766 libertati
711 3699 866 3776 futurum,
888 3696 1081 3761 immiscere-

70 3815 112 3858 or.
154 3794 194 3859 de
211 3816 291 3880 pace
309 3794 406 3859 dilata
423 3794 611 3860 consultatio
630 3792 729 3858 estin
747 3791 915 3858 concilium
931 3790 1080 3855 Achaeo·
1099 3810 1114 3858 o

70 3909 132 3953 urn.
187 3888 318 3953 concilio
346 3898 378 3953 et
402 3889 490 3953 locus
519 3898 551 3954 et
577 3888 644 3953 dies
673 3896 759 3951 certa
787 3885 919 3963 indicta,
955 3882 1081 3948 interim

70 3981 183 4068 riginta
204 3982 326 4049 dierum
348 3983 486 4048 indutiae
510 3982 703 4069 impetratae.
747 3980 909 4066 profectus
932 3978 1005 4044 inde
1023 4002 1080 4045 rex
1100 3997 1114 4045 1
