2528 4514
333 242 451 297 niens
468 243 579 314 xxm,
598 242 692 299 51151.
712 242 864 314 [scaro]
1048 234 1109 301 321

85 421 185 465 mors
204 436 232 446 -
249 409 281 464 et
297 421 362 464 non
377 421 428 464 res
450 399 578 485 publica
595 402 734 469 animum
756 411 899 471 nostrum
915 415 1110 490 occupasset,

85 495 206 560 eniam
225 493 303 558 mihi
320 493 388 558 dari
405 516 554 579 sponssnr
572 494 746 582 impensius
764 496 881 567 namu
899 497 1026 576 vellem,
1045 508 1110 578 tuo,

85 589 168 654 nius
195 609 344 674 possum,
371 588 470 654 amori
495 589 597 656 faveo.
641 590 702 657 fuit
727 587 845 676 sponsa
869 600 924 663 tua
949 592 1035 678 apud
1059 612 1144 663 mea

85 683 192 748 adem
214 703 278 766 qua
299 682 384 767 apud
406 704 531 751 soceros
553 693 625 749 tuos
647 684 848 770 parentisque
868 707 944 753 suos
961 702 1112 757 verecun-

85 778 142 856 lis3
180 785 305 841 servata
322 775 380 841 tibi
396 786 460 854 est,
486 787 521 843 ut
542 777 725 844 inviolatum
748 788 780 844 st
801 779 933 865 dignum
950 802 1001 846 me
1018 789 1112 865 teque

85 870 144 941 lui
171 869 234 934 tibi
258 870 377 935 donum
401 881 519 957 posset.
563 872 645 939 hanc
671 873 848 943 mercedem
874 896 969 945 unam
993 897 1052 961 pro
1072 896 1145 943 eor

85 987 212 1031 nunere
239 965 395 1050 paciscor:
425 966 545 1033 amicus
566 966 684 1052 populo
704 967 850 1037 Romano
871 968 916 1035 sis
937 978 982 1046 et,
1010 970 1039 1035 si
1060 991 1112 1036 me

85 1058 185 1124 imm
216 1057 335 1123 bonum
363 1059 466 1125 credis
496 1081 585 1139 esse,
620 1060 721 1144 qualis
751 1069 872 1147 patrem
901 1071 1111 1147 patruumque

85 1174 189 1216 neum
208 1151 275 1216 iam
296 1161 368 1216 ante
388 1151 449 1217 lme
471 1162 582 1238 gentes
600 1163 727 1232 norant,
754 1154 851 1232 scias,
878 1153 994 1223 multos
1011 1156 1111 1223 nostri

85 1244 201 1311 rimiles
219 1245 253 1308 in
272 1243 396 1310 civitate
412 1245 557 1313 Romana
575 1269 646 1313 esse
667 1270 727 1313 neo
743 1248 843 1315 ullum
859 1249 893 1313 in
910 1248 999 1315 terris
1017 1249 1110 1319 hodie
1128 1264 1143 1312 s

85 1339 237 1426 ›opulum
252 1338 315 1404 dici
331 1360 440 1425 posse,
457 1361 552 1423 quem
570 1341 673 1407 minus
691 1340 748 1407 tibi
765 1341 889 1409 hostem
902 1342 1028 1426 tuisque
1040 1364 1111 1409 esse

85 1433 160 1499 relis
187 1433 404 1499 autenticum
430 1433 542 1501 malis!
594 1435 779 1526 adulescens
811 1435 905 1507 simul
933 1437 1053 1522 pudore
1079 1447 1143 1505 ets
1230 1504 1244 1525 ‚

85 1528 200 1613 gaudio
222 1528 385 1614 perfusus,
410 1529 554 1599 dextram
573 1528 730 1616 Scipionis
753 1541 876 1610 tenens,
904 1532 981 1599 deos
1007 1532 1109 1601 omnis

85 1643 230 1689 moeurs
248 1623 289 1688 ad
305 1623 439 1710 gratiam
454 1624 500 1691 illi
517 1647 575 1711 pro
593 1647 627 1692 se
644 1625 855 1704 referendam,
882 1627 1110 1710 quonismsibi

85 1737 281 1802 sequaquam
298 1717 376 1782 satis
393 1717 550 1785 facultatis
564 1741 621 1804 pro
634 1741 693 1785 suc
706 1719 812 1787 auimo
824 1730 918 1805 atque
931 1721 1015 1791 illius
1033 1742 1110 1808 erga

86 1831 114 1876 e
131 1821 230 1876 esset.
264 1821 409 1896 parentes
426 1812 500 1877 inde
517 1812 704 1899 cognatique
721 1813 852 1900 virginis
864 1815 1026 1901 appellatir
1043 1816 1108 1900 qui,
1129 1830 1161 1877 10

85 1905 233 1986 [nomam
248 1905 346 1991 gratis
365 1904 426 1970 sibi
446 1906 629 1973 redderetur
649 1908 753 1994 virgo,
780 1909 822 1975 ad
842 1931 938 1994 quam
954 1910 1110 1980 redimen-

85 1994 160 2064 lam
182 1999 259 2065 satis
285 2022 437 2085 magnum
463 2000 640 2067 attulissent
665 2002 735 2069 suri
758 2003 898 2088 pondus,
925 2027 1013 2071 orere
1040 2003 1110 2072 Sci-
1129 2019 1159 2065 11

85 2092 222 2171 sanem,
252 2102 288 2157 ut
313 2094 347 2158 id
368 2093 409 2159 ab
432 2116 467 2160 se
489 2095 608 2161 donum
628 2096 783 2181 acciperet
808 2109 989 2183 coepemnt,
1024 2099 1111 2165 haud

85 2186 234 2253 minorem
260 2187 328 2253 eius
354 2187 400 2253 rei
425 2189 510 2274 apud
537 2211 571 2255 se
597 2189 731 2276 gratiam
755 2190 894 2259 futuram
920 2213 992 2259 esso
1015 2193 1110 2259 adfir-

85 2291 204 2349 unntes
231 2303 327 2365 qnam
351 2282 492 2349 redditas
513 2283 680 2349 inviolatas
702 2283 783 2349 foret
803 2283 944 2370 virginis.
990 2283 1108 2370 Scipio,
1130 2301 1160 2347 12

85 2376 207 2457 mando
237 2386 324 2442 tanto
354 2399 448 2463 opere
478 2386 620 2463 peterent
650 2386 850 2462 acceptmum
881 2400 915 2443 se
941 2378 1107 2464 pollicitus,

85 2470 155 2537 soni
180 2479 254 2536 ante
275 2471 374 2556 pedes
395 2471 489 2537 iussit
510 2480 684 2555 vocatoque
710 2472 752 2539 ed
777 2492 812 2537 se
837 2469 973 2539 Aluoeio
1000 2477 1109 2557 ‘super

85 2558 210 2642 lotem‚'
232 2564 334 2649 inquit
353 2570 460 2648 ‘quam
478 2575 664 2652 acceptmus
681 2586 827 2633 esocem
845 2587 893 2642 es,
920 2565 999 2630 haee
1016 2564 1110 2635 tibia

85 2674 131 2723 no
148 2657 266 2724 dotalia
283 2659 366 2724 dona
382 2658 545 2725 secedent'
562 2679 737 2742 aurumque
750 2658 858 2725 tollere
868 2679 908 2725 se
919 2658 981 2725 sibi
993 2658 1109 2727 habere

85 2751 184 2818 ussit.
234 2752 285 2817 his
310 2754 410 2820 laetus
436 2753 527 2822 donis
549 2752 782 2836 honoribusque
799 2753 954 2822 ,dimissus
980 2755 1110 2821 domum
1130 2771 1161 2819 13

85 2844 222 2931 snpierit
238 2846 398 2932 popularis
415 2847 561 2913 laudibus
579 2847 700 2913 meritis
719 2845 891 2933 Scipionis:
917 2848 1043 2917 venisse
1059 2849 1108 2917 dis

85 2938 274 3006 *imillimnm
295 2941 455 3019 iuvenem,
482 2942 659 3009 vincentem
680 2943 785 3007 omnia
807 2965 881 3009 cum
906 2945 1015 3021 armis,
1043 2953 1110 3011 tum

85 3034 273 3120 uenignitatc
290 3058 329 3101 ac
346 3036 516 3105 beneficiis.
559 3037 666 3121 itaque
688 3037 803 3103 dilectu
825 3037 984 3103 clientium
1001 3036 1109 3106 habito
1129 3055 1161 3104 14

85 3144 152 3195 tum
171 3128 300 3194 delectis
318 3130 403 3197 mille
420 3140 452 3197 et
468 3131 704 3218 quadringentis
722 3129 879 3215 equitibus
897 3131 980 3195 intra
991 3151 1109 3215 paucos

85 3217 147 3290 lies
166 3223 209 3289 ad
226 3221 410 3309 Scipionem
425 3225 562 3291 revertit.

142 3318 205 3384 LI.
252 3316 361 3404 Scipio
385 3329 541 3387 retentum
568 3342 675 3387 secum
697 3319 844 3387 Laelium
870 3319 946 3383 dum
968 3319 1108 3404 captivos
1129 3338 1141 3384 1

85 3412 272 3496 ›bsidesque
294 3427 326 3478 et
347 3415 495 3500 praedam
514 3437 554 3480 ex
576 3414 705 3486 consilio
728 3415 795 3479 eius
814 3413 1006 3497 disponeret,
1032 3412 1142 3484 sstiso

85 3505 229 3572 >mnibus
238 3507 429 3592 compositis,
450 3508 523 3573 data
535 3508 757 3592 quinquereme
766 3506 960 3591 captivisque
969 3505 1110 3592 Magone

85 3611 107 3666 tt
129 3600 315 3684 quindecim
341 3601 407 3666 fere
434 3602 645 3680 senatoribus,
671 3601 727 3685 qui
753 3600 846 3664 simul
870 3622 941 3664 oum
964 3623 1001 3664 eo
1028 3601 1110 3685 capti

85 3705 187 3773 irent,
228 3694 262 3759 in
296 3718 409 3761 navem
443 3695 586 3781 inpositis
621 3695 765 3759 nuntium
799 3693 948 3758 victoriae
974 3692 1110 3757 Romam

85 3788 184 3857 nittit.
230 3788 299 3874 ipse
320 3811 438 3875 paucos
461 3791 543 3867 dies,
571 3790 685 3875 quibus
703 3787 817 3852 morari
837 3787 1027 3873 Carthagine
1047 3796 1110 3852 sta-
1128 3807 1143 3854 3

85 3893 197 3962 uerat,
234 3884 416 3950 exercendis
444 3883 608 3949 navalibus
639 3881 898 3970 pedestribusque
930 3881 1028 3966 copiis
1055 3882 1111 3948 ab·

126 4081 180 4126 Lici
195 4079 238 4122 ool.
252 4078 279 4121 11.
904 4076 939 4131 21

1143 4198 1227 4252 ss
