2528 4514
217 229 608 300 rumnnxxuaeaa
629 230 782 300 [scau]
991 217 1033 284 87

84 426 90 437 ·
127 382 261 452 XXXIIII.
300 385 494 454 Consulibus
518 398 719 474 prorogatum
740 388 774 452 in
795 411 913 453 annum
934 389 1063 474 impe-1

84 474 143 543 tim.
163 478 310 567 interreges
340 481 456 567 proditi
481 505 501 546 a
526 482 667 567 patribus
697 480 736 548 C.
765 478 919 547 Claudius
945 481 1035 567 Appi

85 568 241 655 iludeubo,
259 576 333 640 inde
345 574 384 639 P.
400 572 565 640 Cornelius
574 575 686 641 Asina.
721 576 754 639 in
771 576 839 641 eius
856 576 1034 662 interregno

85 664 153 732 utu
168 668 264 735 habita
290 692 406 756 magno
433 669 601 734 certamine
627 681 751 755 patrum
778 692 816 735 ao
841 670 952 756 plebis.
994 667 1068 737 02

85 752 166 829 bato
178 762 322 842 Varroni,
350 785 445 848 quem
468 764 517 828 sui
539 764 664 850 generis
685 763 859 842 hominem,
885 764 970 851 plebi
987 765 1036 828 in—

85 854 181 922 catione
198 857 375 944 principum
395 856 661 943 popularibusque
683 857 802 924 artibus
824 858 1033 936 conciliatum,

97 947 209 1033 odibi
231 951 344 1038 opibus
368 960 398 1016 et
420 951 584 1017 dictatorio
605 952 737 1038 imperio
758 973 911 1018 concusso
933 952 1036 1018 diens

85 1043 132 1110 llis
150 1045 377 1131 splendentem,
403 1042 517 1132 volgus
540 1055 572 1110 et
594 1045 756 1112 extrahere
778 1046 821 1111 ad
837 1045 1035 1111 consulatum

87 1136 172 1218 batur,
192 1149 299 1226 patres
318 1161 441 1205 summa
458 1160 518 1225 ope
536 1138 717 1216 obstabant,
742 1161 782 1205 ne
800 1161 836 1205 se
851 1139 1035 1206 insectando

90 1232 212 1318 aequari
229 1233 451 1298 adsuescerent
467 1232 621 1298 homines.
650 1231 840 1316 QBaebius
853 1231 1034 1298 Herennius
1054 1255 1069 1300 3

86 1350 148 1393 nus
165 1326 281 1413 plebis,
300 1337 452 1414 cognatus
472 1325 510 1393 C.
530 1327 672 1405 Terenti,
694 1326 887 1392 criminando
904 1348 968 1391 non
986 1349 1037 1392 se-

86 1444 114 1486 m
131 1421 241 1498 modo,
265 1421 323 1485 sed
340 1419 435 1485 etiam
452 1443 602 1507 augures,
627 1422 712 1505 quod
730 1421 914 1487 dictatorem
929 1418 1036 1506 probi-

86 1525 149 1580 sent
169 1514 297 1580 comitia
318 1514 481 1600 perficere,
507 1536 564 1600 per
584 1515 735 1579 invidiam
761 1536 869 1580 eorum
895 1514 1036 1581 favorem

86 1608 170 1674 idato
197 1629 257 1674 suo
282 1607 482 1674 conciliabat:
518 1608 558 1674 ab
589 1608 770 1674 hominibus
796 1607 953 1674 nobilibus
980 1629 1070 1694 perr

86 1725 120 1769 os
137 1725 239 1769 annos
256 1700 374 1767 bellum
391 1702 614 1787 quaerentibus
631 1703 844 1769 Hannibalem
861 1704 895 1768 in
910 1703 1036 1769 Italiam

86 1807 188 1876 otum,
208 1797 249 1863 ab
266 1797 381 1875 isdem,
401 1820 474 1862 cum
491 1796 640 1862 debellari
658 1796 772 1883 possit,
790 1796 901 1863 fraude
918 1796 1036 1863 bellum

86 1938 98 1955 .
132 1912 204 1956 enm
228 1900 376 1974 quattuor
397 1889 511 1976 (milia)
533 1891 711 1978 legionibus
728 1891 884 1957 universis
902 1892 1069 1979 pugnaris

87 2004 105 2048 c
126 1985 310 2071 apparuisse
336 2006 389 2063 eo,
416 1985 502 2068 quod
523 1983 571 2049 M
594 1984 755 2050 Minucius
782 1985 913 2051 absente
935 1985 1036 2052 Fabio

87 2098 157 2163 pere
175 2088 365 2165 pugnasset;
390 2079 471 2143 duas
493 2079 634 2166 legiones
656 2079 740 2145 hosti
762 2080 804 2144 ad
825 2080 953 2145 caedem
981 2080 1070 2146 ob-6

87 2196 127 2252 ss,
140 2175 247 2241 deinde
267 2197 307 2239 ex
324 2176 394 2260 ipsa
407 2176 503 2240 caede
517 2186 654 2261 ereptas,
672 2185 708 2240 ut
721 2186 811 2262 pater
823 2184 1036 2262 patronusque
1064 2212 1068 2217 ·

87 2265 213 2334 ollaremr
230 2269 286 2353 qui
303 2269 390 2354 prius
405 2269 528 2334 vincere
542 2269 755 2356 prohibuisset
767 2267 928 2333 Romanos
941 2290 1037 2352 quam

87 2358 121 2438 oi3
146 2364 280 2429 consules
308 2363 420 2428 deinde
445 2362 595 2429 Fabianis
622 2361 755 2439 artibus,
783 2382 856 2425 cum
881 2359 1070 2428 debellaret

87 2462 155 2534 sent,
177 2455 294 2523 bellum
317 2457 460 2522 traxisse.
499 2458 534 2521 id
554 2456 667 2523 foedus
689 2456 771 2520 inter
791 2475 900 2519 omnes
923 2453 1037 2520 nobilis

87 2570 111 2613 m
125 2570 180 2615 nec
196 2550 292 2616 finem
311 2561 382 2616 ante
399 2551 474 2617 belli
492 2550 654 2616 habituros
672 2571 768 2633 quam
786 2548 947 2614 consulem
964 2570 1038 2613 vere

88 2642 178 2723 cium,
206 2645 240 2709 id
262 2656 312 2711 est
332 2644 492 2710 hominem
513 2668 646 2721 novum,
673 2644 833 2709 fecissent.
875 2665 950 2707 nam
971 2641 1037 2729 ple·
1056 2659 1072 2708 8

88 2737 233 2805 snobiles
251 2740 315 2804 iam
333 2739 452 2806 eisdem
473 2738 611 2804 initiatos
633 2760 704 2804 esse
727 2737 824 2804 sacris
847 2749 879 2803 et
900 2745 1039 2803 contem-

88 2831 230 2916 tplebem,
249 2855 289 2898 ex
302 2856 365 2917 quo
379 2834 536 2900 contemni
548 2832 690 2920 patribus
704 2831 866 2910 desierint,
885 2831 1037 2917 coepisse.

88 2946 140 2991 uon
155 2927 189 2991 id
207 2949 370 3013 apparere,
388 2928 421 2993 id
439 2938 543 2994 actum
558 2938 589 2993 et
602 2926 779 3013 quaesitum
794 2948 878 3005 esse,
896 2937 932 2993 ut
944 2927 1039 2991 inter-
1057 2941 1071 2990 s

88 3041 141 3085 um
161 3020 301 3099 iniretur,
328 3033 365 3087 ut
385 3023 419 3087 in
439 3031 564 3109 patrum
585 3030 741 3108 potestate
763 3021 888 3088 comitia
914 3021 1040 3087 essent?

88 3114 212 3180 onsules
239 3115 349 3181 ambos
372 3117 413 3181 ad
435 3117 606 3182 exercitum
627 3117 779 3182 morando
801 3114 977 3201 quaesisse,
1004 3113 1039 3178 id
1058 3131 1091 3181 10

88 3228 130 3287 ea,
156 3209 232 3294 quia
252 3209 357 3275 invitis
379 3211 418 3277 iis
445 3211 577 3276 dictator
603 3220 688 3276 esset
713 3210 816 3275 dictus
842 3207 1038 3274 comitiorum

89 3324 117 3380 a,
136 3313 351 3390 expugnatum
369 3326 453 3383 esse,
476 3314 511 3369 ut
527 3304 660 3370 vitiosus
678 3303 812 3370 dictator
827 3323 884 3388 per
901 3321 1037 3388 augtues

88 3405 104 3461 t
144 3396 261 3462 habere
283 3397 379 3484 igitur
401 3398 613 3485 interregnum
631 3420 701 3476 eos,
724 3395 921 3462 consulatum
938 3417 1038 3459 unum
1058 3414 1089 3462 11
1207 3392 1211 3401 '

89 3515 92 3551 ε
111 3489 215 3576 plebis
233 3491 397 3558 Romanae
420 3514 505 3570 esse,
531 3491 684 3578 populum
705 3490 839 3557 liberum
860 3487 1039 3554 habiturum

89 3594 213 3650 aturum
236 3586 279 3663 ei,
306 3586 361 3669 qui
386 3596 506 3652 mature
532 3586 658 3651 vincere
684 3607 779 3669 quam
806 3583 860 3648 diu
884 3583 1038 3667 imperare

89 3727 225 3838 iXXV.
263 3771 347 3839 Cum
373 3775 423 3839 his
449 3774 641 3842 orationibus
667 3794 801 3838 accensa
827 3769 917 3857 plebs
944 3780 1071 3849 esset,1

88 3889 104 3932 s
118 3867 261 3953 patriciis
275 3868 453 3953 petentibus
466 3868 505 3935 P.
521 3867 668 3937 Cornelio
681 3865 845 3944 Merenda,
863 3864 905 3930 L.
915 3862 1037 3930 Manlio

89 3986 160 4042 one,
181 3961 230 4028 M.
242 3960 379 4028 Aemilio
392 3963 532 4049 Lepido,
551 3962 675 4029 duobus
689 3959 847 4028 nobilibus
865 3960 929 4025 iam
946 3958 1038 4025 fami-
1056 3979 1071 4025 a
