2528 4514
138 246 202 311 292
397 253 515 310 LIBER
533 253 644 323 XXVI,
663 255 706 308 24.
726 258 763 322 [a.
772 272 799 308 u.
810 271 834 310 c.
843 253 910 323 543]

139 414 291 480 Romanis
310 411 433 477 colendi
451 411 567 489 socios,
595 434 635 476 ex
656 411 772 495 quibus
790 411 870 476 alios
892 411 929 475 in
950 411 1131 477 civitatemcl-
1166 419 1180 501 ‚⁵

139 531 201 592 que
223 530 359 592 aequum
382 528 489 571 secum
515 505 564 570 ius
590 504 799 590 accepissent,
827 505 908 571 alios
934 505 970 571 in
990 528 1028 572 ea
1045 505 1133 573 ιιιιιιιι
1169 504 1183 541 ³

51 656 61 677 ,
106 602 305 679 chaberent,
323 610 358 665 ut
377 599 453 665 socii
471 621 654 683 essequam
672 599 756 665 cives
770 598 916 665 mellent:
933 599 1065 666 Aetolos
1079 601 1135 666 eoin

139 695 257 760 maiore
274 695 396 758 futuros
414 694 547 771 honore,
574 694 658 777 quod
680 693 820 779 gentium
843 694 1137 760 transmarinarunir

104 813 122 859 5
140 789 308 854 amicitiam
325 788 418 874 primi
438 788 607 852 venissent.
652 787 834 874 Philippum
858 788 906 853 eis
931 799 963 854 et
981 787 1136 855 Macedone
1180 795 1183 835 ³

140 883 246 970 gravis
274 883 397 947 accolas
423 903 507 959 esse,
537 903 671 965 quorum
698 904 732 946 se
758 883 821 946 vim
845 904 884 947 ac
908 883 1042 969 spiritus
1063 882 1137 949 etin

140 977 275 1064 fregisse
293 986 324 1041 et
342 999 379 1040 eo
396 975 595 1041 redacturum
612 998 697 1054 esse,
724 986 758 1040 ut
775 999 840 1040 non
857 977 898 1041 iis
918 978 1019 1043 modo
1037 975 1138 1051 nnus

141 1093 220 1154 quas
241 1093 299 1156 per
320 1071 384 1135 vim
406 1070 598 1135 ademissent
618 1069 756 1148 Aetolis,
787 1071 959 1150 excedant,
995 1073 1054 1138 aed
1074 1072 1141 1159 ipsm

107 1189 122 1235 c
141 1164 363 1230 Macedoniam
379 1163 527 1230 infestam
544 1163 690 1229 habeant.
718 1174 749 1229 et
757 1163 964 1244 Acarnanas,
985 1189 1066 1251 quos
1079 1184 1142 1253 aegre
1174 1200 1182 1219 ι

140 1259 257 1324 ferrent
280 1258 386 1324 Aetoli
409 1283 429 1323 a
450 1281 578 1345 corpore
602 1280 659 1324 suo
682 1259 867 1343 diremptos,
899 1261 1142 1325 restituturuns
1173 1266 1183 1283 ³

108 1354 176 1420 rin
192 1353 352 1465 antiquam
370 1354 537 1418 formulam
558 1353 697 1437 iurisque
720 1375 757 1418 ac
778 1353 914 1418 dicionis
933 1377 1057 1423 eorum.
1093 1354 1142 1419 her

141 1450 225 1514 dicta
241 1450 459 1534 promissaque
477 1473 497 1513 a
514 1449 684 1514 Romano
674 1459 861 1534 rmperatore
877 1447 1023 1534 Scopas,
1042 1472 1089 1535 qur
1080 1449 1143 1512 ιιι
1176 1495 1183 1522 ,ι

140 1553 265 1629 praetor
290 1556 364 1630 gent
366 1545 392 1608 is
419 1554 498 1621 erat,
527 1542 791 1608 etDorimachus
817 1543 969 1629 princeps
993 1544 1144 1610 Aetolorm
1176 1535 1183 1575 '¹

141 1637 384 1702 adfirmaverunt
372 1638 553 1702 tauctorita
553 1647 584 1702 te
603 1661 674 1715 sua,
702 1637 821 1702 minore
844 1659 920 1701 cum
938 1637 1143 1703 verecundiae

141 1732 259 1797 maiore
281 1754 353 1795 eum
375 1732 488 1796 fide
459 1755 523 1808 vnn
547 1732 804 1816 maiestatemque
825 1731 939 1817 populi
961 1730 1093 1799 Romani
1110 1750 1145 1795 u·
1177 1774 1179 1798 ι

108 1843 123 1890 8
142 1825 295 1890 tollentes.
340 1827 476 1890 maxime
495 1821 600 1891 tamen
623 1848 695 1911 spes
718 1825 889 1911 potiundae
907 1827 1062 1893 movebat
1075 1824 1145 1891 Acu-
1181 1843 1183 1882 ἑ

141 1920 263 1984 naniae.
307 1921 403 2006 igitur
421 1922 614 2007 conscriptae
636 1921 849 1998 condiciones,
877 1921 1028 2005 quibus
1018 1947 1052 1987 m
1070 1918 1145 1987 amici

108 2031 122 2078 9
142 2014 217 2078 tiam
236 2014 479 2098 societatemque
496 2017 604 2102 populi
621 2016 758 2081 Romani
775 2016 932 2094 venirent,
962 2018 1183 2103 additumque,
1171 2020 1183 2049 ³

141 2117 222 2173 utsr
212 2108 376 2195 placeret
397 2110 512 2175 vellent
500 2120 588 2193 t,que
616 2111 757 2175 eodem
748 2133 815 2175 rure
838 2111 1000 2177 amicitiae
1022 2111 1088 2177 Elei
1102 2108 1145 2173 la
1171 2093 1183 2165 l

142 2200 397 2287 cedaemoniiqne
424 2215 455 2268 et
443 2203 527 2269 ttA
528 2206 608 2270 talus
640 2217 671 2269 et
695 2205 863 2270 Pleuratus
892 2217 926 2271 et
955 2202 1143 2272 Scerdilaedo
1181 2224 1183 2262 ῑ

142 2307 261 2376 essent,
288 2297 387 2365 Asiae
409 2298 551 2378 Attalus,
579 2300 611 2364 hi
634 2300 793 2365 Thracum
815 2309 846 2364 et
863 2300 1050 2385 Illyriorum
1069 2316 1142 2385 regest
1181 2318 1183 2378 ξ

92 2410 124 2457 10
142 2390 259 2457 bellum
285 2403 320 2457 ιιι
347 2394 584 2479 extemplot
520 2393 584 2459 Aet
587 2395 628 2459 oli
650 2417 722 2459 oum
739 2394 925 2480 Philippct
926 2418 1000 2461 erra
1021 2402 1141 2484 gererent
1171 2453 1174 2462 .

141 2486 276 2553 navibus
303 2511 343 2553 ne
370 2489 473 2553 minus
501 2489 613 2574 viginti
643 2489 781 2573 quinque
812 2483 1088 2572 quinqueremibus
1107 2484 1140 2551 dl
1175 2516 1179 2523 ·

92 2599 122 2646 11
141 2579 263 2647 iuvaret
279 2582 458 2661 Romanus3
493 2582 617 2647 urbium
637 2581 793 2669 Corcyrae
812 2594 905 2649 tenus
925 2585 967 2651 ab
987 2580 1140 2650 Aetolian
1176 2600 1183 2660 Γ

142 2677 268 2760 cipienti
287 2679 419 2743 solumt
407 2688 551 2762 tectaque
570 2689 600 2743 et
618 2680 698 2743 muri
712 2701 784 2743 cum
802 2702 887 2764 agne
897 2679 1089 2756 Aetolorum,
1102 2673 1139 2741 all
1167 2674 1183 2732 ι

142 2771 243 2834 omnis
271 2773 387 2856 praeda
417 2773 525 2858 populi
550 2773 686 2838 Romani
713 2783 810 2850 esset,
846 2773 1024 2860 darentque
1048 2788 1137 2858 opem
1177 2786 1183 2846 j

92 2882 123 2928 ιι
142 2861 292 2941 Romani,
311 2875 346 2929 ut
362 2865 574 2931 Acarnaniam
587 2866 694 2932 Aetoli
712 2866 876 2946 haberent3
897 2869 925 2933 si
938 2868 1048 2934 Aetoli
1061 2882 1137 2954 patet
1172 2930 1175 2940 .

143 2978 215 3020 eum
241 2957 388 3044 Philippo
415 2959 567 3039 facerent,
602 2962 722 3027 foederi
748 2961 980 3041 adscriberent,
1012 2965 1054 3027 ita
1070 2968 1136 3026 rata!

142 3051 210 3116 fore
228 3075 351 3138 paoem,
372 3078 399 3118 ιι
389 3053 581 3140 'Philippus
601 3079 687 3120 arma
705 3055 745 3120 ab
758 3055 911 3121 Romanis
931 3059 1082 3142 sociisque
1094 3048 1137 3136 qul

93 3179 123 3226 13
143 3168 204 3230 que
223 3170 330 3213 eorum
349 3149 479 3213 dicionis
499 3160 604 3214 essent
626 3149 881 3214 abstinuissetzi
870 3160 962 3230 rtem,
992 3176 1020 3218 ιι
1008 3144 1136 3247 populu
1173 3174 1183 3200 :

142 3242 305 3307 Romanus
330 3241 456 3308 foedere
478 3244 658 3329 iungeretur
679 3245 759 3330 regi,
788 3253 823 3307 ut
845 3257 986 3324 caveret,
1013 3268 1051 3310 ne
1068 3244 1137 3308 inu

93 3350 125 3396 14
143 3337 217 3401 belli
234 3338 387 3402 inferendi
405 3336 528 3403 Aetolis
551 3338 707 3422 sociisque
730 3362 838 3404 eornm
861 3350 956 3405 esset.
1001 3341 1074 3406 haec
1090 3352 1137 3400 corr

143 3442 294 3496 venerunt
312 3434 467 3518 conscript
470 3455 549 3516 aque
566 3432 692 3498 biennio
710 3442 782 3519 post
797 3430 969 3520 Olympiae
988 3434 1027 3501 ab
1039 3426 1136 3499 Aetola
1175 3424 1183 3504 ,’

143 3525 174 3588 in
194 3525 350 3613 Capitolio
369 3526 408 3591 ab
426 3526 593 3604 Romame,
621 3538 655 3592 ιιι
678 3537 791 3593 testata
813 3529 944 3594 sacratis
964 3518 1137 3595 monumenti

93 3632 124 3679 15
143 3632 262 3698 essent,
236 3630 362 3686 tsunt
379 3623 491 3706 posita
536 3643 641 3686 morae
664 3645 759 3688 causa
777 3622 973 3689 suerantt
924 3647 959 3689 re
960 3625 1036 3690 tenti
1051 3623 1137 3687 Roma

142 3716 218 3778 diut
198 3725 259 3780 trus
290 3715 386 3801 legati
363 3715 606 3780 t.Aetolorum
660 3739 719 3782 nec
750 3727 855 3782 tamen
885 3704 1137 3804 impedimentoil
1180 3708 1182 3719 ’

142 3808 236 3874 rebus
263 3809 496 3895 gerendist
436 3810 514 3875 fuit:
551 3808 672 3875 etAe
673 3811 714 3875 oli
742 3812 900 3897 extemplo
927 3818 1085 3878 moverunt
1102 3800 1137 3869 cd
1179 3850 1183 3859 -

142 3924 251 3966 versus
269 3903 453 3989 Philippum
471 3904 586 3970 bellum
606 3915 636 3969 et
653 3906 815 3971 Laevinus
835 3906 1064 3992 Zacynthum·
1069 3914 1137 3988 pnrl¹
1181 3962 1183 3970 .

142 3995 244 4060 insula
267 4009 314 4062 est
336 4001 510 4084 propinqua
532 3998 690 4078 Aetoliae,
726 4000 835 4067 urbem
859 4024 956 4066 unam
977 4000 1079 4066 eodem
1094 4006 1136 4074 ιιι
1182 4004 1183 4018 ’
