2528 4514
293 233 531 305 jamnum,
549 234 649 291 seao.
669 234 833 305 [scats]¹
906 309 910 318 ι
1034 221 1080 291 et

104 398 156 459 -et
169 389 434 473 antennarum
457 403 686 478 perseveraret,
714 389 756 475 Q.
774 390 894 457 Fabius
916 389 1080 459 Maximus
1101 425 1105 431 ¹

99 479 451 568 atcunproficisoentem
468 485 634 551 adlocutus
652 485 765 551 fertum

79 580 140 646 i
178 572 337 645 XXXVIIII.
372 577 426 646 ‘Si
443 589 498 645 aut
515 580 696 669 conlegam,
717 581 751 646 id
768 581 854 666 quod
870 582 1012 661 mallem,
1034 583 1114 650 tuin

122 666 225 749 ¹fidu,
236 671 266 736 L.
276 674 402 754 Aemili,
424 674 558 741 haberes
577 684 684 740 cuttu
702 675 842 764 collegae
860 676 906 740 tui
928 698 1016 742 esses
1039 677 1082 742 si·

77 791 88 828 ι
146 790 193 839 ι
209 784 406 850 supervacanea
426 778 512 834 esset
534 768 633 835 oratio
656 791 742 847 mea;
768 792 842 834 nam
864 778 895 834 et
917 769 980 836 duo
1007 770 1115 838 bonia

84 897 85 900 ι
147 858 186 907 ιῐι
199 860 305 926 uetiam
320 884 372 928 me
389 863 547 929 indicente
565 864 671 929 omnia
687 885 706 928 e
723 885 757 929 re
778 862 906 949 publica
923 862 1079 953 fide[que]
1119 897 1124 905 ·

93 986 94 990 ι
125 959 127 964 ’
148 979 189 1002 ιι-
205 948 314 1020 tereus
332 965 364 1022 et
380 956 457 1022 mali
473 979 532 1022 neo
549 979 621 1022 mea
637 956 735 1023 verba
751 957 881 1023 auribus
894 959 1008 1024 vestris
1022 980 1082 1025 nec

77 1098 86 1110 .
118 1072 204 1098 ι
222 1049 311 1116 animis
334 1051 527 1138 acciperetis.
562 1074 647 1117 nunc
664 1060 696 1117 et
713 1051 877 1139 conlegam
895 1061 984 1117 tuum
1002 1063 1034 1118 et
1050 1062 1081 1120 te
1100 1073 1116 1122 a

120 1130 188 1241 ψη
197 1137 267 1207 virum
281 1145 412 1210 intuenti
429 1146 506 1210 mihi
524 1155 628 1211 tecum
650 1144 752 1211 omnis
775 1146 875 1211 oratio
898 1157 961 1225 est,
988 1168 1083 1232 quem

77 1262 84 1300 ,ι
128 1224 348 1322 *tauquam
367 1250 398 1304 et
416 1239 519 1304 virum
536 1238 656 1305 bonum
673 1247 705 1305 et
722 1239 824 1305 civem
836 1238 922 1319 fore,
939 1239 967 1305 ai
985 1240 1083 1305 altera

77 1353 96 1394 :a
127 1377 131 1398 -.
173 1357 181 1376 ι
195 1325 284 1397 undet
303 1356 353 1399 res
376 1330 516 1419 publica,
543 1334 635 1399 malis
659 1333 798 1400 consiliis
818 1335 904 1400 idem
926 1357 965 1402 ac
988 1333 1082 1401 bonis
1122 1370 1125 1375 ·

77 1424 92 1489 l
126 1453 163 1507 ιῃ.
187 1429 359 1510 dputestatis
378 1429 444 1493 erit.
486 1451 571 1493 erras
590 1429 687 1507 enim,
706 1429 749 1493 L.
766 1427 882 1509 Paule,
905 1429 933 1495 si
949 1428 1008 1495 tibi
1024 1429 1083 1496 mi·
1100 1449 1117 1495 4

77 1550 96 1581 ι
126 1539 158 1600 1,..
180 1521 313 1588 caninis
340 1545 413 1588 cum
441 1520 480 1588 C.
504 1522 653 1588 Terentio
680 1545 775 1607 quam
802 1544 875 1587 cum
900 1521 1082 1590 Hannibale

92 1650 97 1666 ι
157 1631 165 1650 ‘'
183 1634 205 1665 ‘u
222 1634 316 1682 censes
322 1643 332 1697 3
355 1618 462 1683 nescio
480 1639 521 1683 an
538 1616 681 1683 infestior
698 1618 751 1682 hic
768 1618 967 1684 adversarius
986 1640 1082 1704 quam

77 1737 98 1767 ==
152 1696 372 1806 lullananeat,
396 1721 427 1777 et
449 1733 523 1777 cum
544 1710 599 1777 illo
620 1712 654 1776 in
676 1712 743 1777 acie
764 1721 901 1790 tantum,
928 1734 1000 1777 cum
1021 1710 1082 1777 hoc

93 1834 96 1851 ι
150 1817 213 1864 anu,
228 1801 294 1871 locis
316 1828 355 1871 ac
377 1805 571 1892 temporibus
594 1806 638 1871 sis
661 1816 849 1885 certaturus,
876 1816 908 1871 et
929 1806 1118 1874 adversust

77 1920 91 1959 a
122 1885 146 1964 ᾗ
164 1915 210 1945 uu
223 1918 262 1964 em
281 1899 485 1986 legionesque
508 1900 576 1966 eius
599 1901 661 1965 tuis
684 1900 842 1985 equitibus
864 1923 902 1967 ac
923 1900 1082 1987 peditibus

90 2033 93 2038 -
121 2015 125 2084 ζΙ
153 2006 249 2053 ‘Lm-sa
275 1993 331 2059 tibi
356 1995 409 2073 sit,
429 1993 531 2059 Varro
554 1994 620 2058 dux
642 1995 704 2060 tuis
727 1993 879 2061 militibus
902 2004 933 2060 te
960 1994 1001 2060 sit
1027 2017 1083 2082 op·

158 2103 211 2143 ll'l·
225 2112 255 2152 ³:
297 2089 411 2154 ominis
443 2090 538 2153 etiam
565 2087 622 2153 tibi
648 2111 745 2154 causa
770 2088 854 2154 absit
880 2087 919 2155 C.
945 2087 1117 2156 Flaminio

84 2214 88 2236 ι
111 2170 222 2251 Νι
249 2191 353 2247 tamen
370 2183 422 2247 ille
441 2182 551 2248 consul
569 2182 697 2246 demum
715 2191 746 2246 et
764 2183 797 2245 in
813 2182 974 2268 provincia
992 2194 1023 2248 et
1040 2184 1082 2248 ad

130 2258 343 2362 “dnaepit
364 2276 482 2354 furere,
510 2276 562 2341 hic
582 2276 768 2361 priusquam
788 2285 909 2361 peteret
934 2276 1083 2342 consula-

83 2400 88 2419 ι
111 2344 263 2453 ’ἑᾞιᾶθὶιάθ
284 2371 318 2434 in
341 2371 477 2457 petendo
500 2370 680 2446 consulatu,
708 2389 791 2432 nunc
813 2389 938 2452 quoque
961 2369 1080 2447 consul,

77 2460 91 2523 i
113 2479 134 2544 ς’
145 2468 201 2505 aar,
216 2491 227 2517 ιι
247 2474 352 2529 castra
369 2465 474 2530 videat
491 2474 545 2530 aut
562 2464 702 2541 hostem,
720 2462 846 2528 insanit.
883 2472 914 2527 et
926 2462 1001 2547 quia
1014 2472 1083 2526 tan·
1101 2484 1116 2533 a

83 2585 90 2607 ι
138 2564 139 2574 ’
158 2560 196 2615 ”d
209 2578 283 2633 uunc
305 2559 460 2646 procellas
482 2559 602 2645 proelia
624 2568 718 2644 atque
736 2557 820 2623 acies
837 2557 983 2622 iactando
1001 2557 1083 2622 inter

77 2667 87 2708 a
112 2641 116 2690 ἰ
138 2660 148 2703 2⁴
170 2667 184 2700 ιι
196 2648 259 2730 ciet,
276 2653 354 2736 quid
368 2653 450 2718 inter
466 2663 619 2719 armatam
636 2652 832 2718 iuventutem
851 2673 965 2719 causes¹
979 2651 1082 2716 factu·

80 2739 93 2792 ,s
121 2757 131 2832 ζ’
163 2742 233 2809 tubi
245 2746 403 2832 extemplo
417 2769 467 2812 res
481 2747 579 2812 verba
593 2745 753 2832 sequitur?
775 2747 862 2831 atqui
875 2746 976 2824 cibis,
996 2747 1081 2831 quod
1100 2767 1116 2816 8

77 2855 85 2875 ι
104 2843 111 2873 ·’
137 2854 161 2881 ³
173 2861 176 2885 ι
187 2866 200 2893 ιι
223 2862 256 2904 se
274 2841 452 2920 denuntiat,
472 2841 629 2928 extemplo
641 2841 844 2928 pugnaverit,
863 2851 997 2929 aut.ego
1013 2863 1082 2907 rem
1107 2874 1110 2879 ·

177 2954 225 3010 m,
242 2933 318 2999 belli
335 2934 396 2999 hoc
412 2958 528 3022 genus,
548 2935 671 3002 hostem
688 2935 774 3000 hunc
791 2935 903 3022 ignoro
921 2946 976 3000 aut
992 2935 1082 3001 nobi·

94 3009 120 3054 ¹'
142 3018 203 3090 alius
216 3027 414 3094 Trasumeno
431 3029 520 3095 locus
538 3029 653 3096 nostris
671 3028 814 3095 cladibus
833 3030 901 3094 erit.
937 3051 995 3094 nec
1012 3029 1081 3115 glo-
1100 3050 1115 3096 9

77 3138 151 3185 su·
176 3129 297 3207 tempus
325 3123 476 3188 adversus
503 3146 602 3189 unum
625 3134 687 3201 est,
715 3134 746 3188 et
770 3145 830 3210 ego
852 3123 1081 3189 contemnendo

77 3203 156 3309 'plius
171 3235 264 3298 quam
288 3217 464 3301 adpetendo
485 3216 619 3304 gloriam
641 3217 770 3282 modum
794 3218 997 3294 excesserim3
1025 3215 1082 3280 sed

81 3300 114 3365 fi
125 3325 164 3373 res
182 3309 344 3376 sehabet:
369 3333 432 3377 una
449 3313 529 3378 ratio
547 3311 622 3379 belli
638 3312 770 3401 gerendi
788 3312 939 3376 adversus
957 3309 1082 3376 Hanni-

77 3386 152 3466 lflleu
169 3413 232 3482 est,
250 3426 315 3489 qua
332 3426 393 3493 ego
411 3406 512 3494 gessi,
530 3427 589 3471 nec
608 3416 739 3472 eventus
757 3405 851 3471 modo
868 3404 929 3471 hoc
946 3405 1082 3470 docet-
1100 3423 1133 3472 1⁰

77 3490 210 3562 utrum
230 3497 290 3564 lste
307 3500 459 3586 magister
477 3510 526 3565 est
541 3539 582 3580 -,
605 3501 662 3567 sed
679 3500 791 3567 eadem
809 3498 902 3577 ratio,
920 3520 1002 3583 quae
1019 3498 1080 3563 fuit

77 3582 229 3677 luraque,
251 3593 354 3659 donec
371 3616 422 3659 res
441 3594 570 3661 eaedem
592 3595 779 3672 manebunt,
804 3592 998 3659 inmutabilis
1021 3601 1079 3657 est.

77 3682 186 3753 tltalia
202 3685 324 3753 bellum
341 3689 497 3777 gerimus,
524 3690 561 3755 in
582 3691 656 3756 sede
679 3711 716 3755 ac
739 3689 807 3755 solo
828 3697 951 3766 nostro,
975 3687 1081 3752 omnia
1099 3707 1130 3755 11

77 3801 123 3846 roa
139 3780 238 3867 plena
255 3782 372 3848 civium
390 3805 427 3848 ac
446 3784 602 3850 sociorum
620 3794 707 3861 sunt,
731 3782 841 3861 armis,
865 3782 954 3860 viris,
979 3781 1078 3867 equis,
1101 3814 1104 3821 ι

77 3874 273 3942 mmeatibus
290 3877 401 3965 iuvant
417 3878 633 3966 iuvabuntque
647 3878 721 3942 -id
737 3877 801 3943 iam
818 3876 892 3943 lidei
910 3877 1080 3941 documen·
1098 3893 1131 3942 12

77 3991 103 4036 m
121 3969 158 4036 in
174 3969 320 4038 adversis
338 3971 434 4040 rebus
451 3974 567 4040 nostris
589 3973 743 4040 dederunt
759 4009 800 4051 -‚
822 3971 981 4051 meliores,
1005 3994 1081 4058 pru7
