2528 4514
298 240 415 296 crasa
432 241 588 312 xxvuu,
608 243 704 297 11.12.
725 244 876 314 [acam]
1036 234 1101 300 453

95 401 272 468 omitiorum
291 422 387 465 causa
404 400 506 465 dictus
525 400 741 485 exercitusque
759 401 825 466 eius
844 401 1008 482 dimissus,
1034 428 1102 470 ma-

95 498 173 561 ister
199 495 339 580 equitum
364 495 405 559 L.
432 492 581 559 Veturius
608 493 710 559 Philo.
763 496 888 560 comitia
913 495 1021 563 habita
1045 521 1101 585 per
1121 519 1153 566 10

95 592 267 657 ictatorem.
321 589 464 655 eonsules
491 588 567 653 facti
591 587 639 653 M.
667 588 832 655 Cornelius
860 589 1036 679 Cethegus,
1061 592 1100 657 P.

95 685 282 772 ‚empronius
297 683 473 749 Tuditanus
492 683 620 762 absens,
639 705 710 749 cum
728 685 921 769 provinciam
936 682 1103 751 Graeciam

95 779 214 845 aberet
266 789 425 865 praetores
451 778 524 843 inde
550 779 646 843 crecti
672 778 721 843 Ti.
746 777 898 845 Claudius
921 779 1018 857 Nero,
1053 779 1101 844 M.
1121 802 1152 848 11

95 874 217 939 larcius
226 873 332 952 Ralla,
350 874 391 938 L.
404 870 587 939 Scribonius
600 872 699 952 Libo,
718 873 765 938 M.
775 872 970 960 Pomponius
978 875 1102 942 Matho.

95 969 208 1034 omitiis
225 967 359 1054 peractis
378 967 509 1032 dictator
527 990 596 1033 sese
613 968 797 1054 magistratu
816 967 982 1034 abdicavit.

137 1062 226 1129 Ludi
243 1062 378 1127 Romani
396 1072 456 1140 ter,
483 1061 586 1148 plebei
603 1063 740 1147 septiens
763 1063 934 1128 instaurati.
979 1064 1101 1131 curules
1122 1085 1153 1131 12

95 1166 163 1221 rant
184 1156 302 1222 aediles
321 1154 380 1221 Cn.
400 1166 431 1221 et
447 1156 488 1220 L.
509 1154 648 1221 Cornelii
669 1158 808 1221 Lentuli.
852 1159 893 1222 L.
912 1158 1103 1244 Hispaniam
1148 1164 1154 1185 ²

95 1251 267 1316 trovinciam
285 1248 434 1328 habebat3
457 1249 571 1315 absens
590 1261 712 1316 creatus
730 1251 844 1317 absens
864 1274 935 1316 eum
952 1252 1103 1317 honorem

95 1345 183 1431 gessit
220 1344 270 1408 Ti.
290 1342 443 1409 Claudius
460 1341 590 1408 Asellus
609 1353 639 1409 et
656 1345 704 1409 M.
723 1345 834 1410 Iunius
852 1344 981 1410 Pennus
999 1345 1102 1431 plebei
1122 1364 1153 1413 13

95 1440 191 1509 aediles
208 1438 344 1503 fuerunt.
388 1438 499 1503 aedem
516 1437 650 1504 Virtutis
673 1461 710 1505 eo
733 1462 814 1505 anno
837 1441 877 1505 ad
898 1449 1021 1525 portam
1040 1438 1103 1505 Ca-

95 1553 191 1619 penam
215 1532 264 1597 M.
291 1531 461 1597 Marcellus
489 1532 645 1599 dedicavit
676 1543 820 1619 septumo
850 1533 983 1598 decumo
1010 1557 1101 1611 anno,

95 1637 242 1712 postquam
259 1651 279 1692 a
294 1637 383 1712 patre
400 1627 467 1692 eius
489 1628 590 1713 primo
613 1628 776 1693 consulatu
793 1639 867 1693 vota
888 1629 922 1692 in
940 1626 1045 1694 Galha
1062 1630 1104 1693 ad

95 1716 265 1787 Clastidium
287 1721 397 1786 fuerat.
442 1730 474 1785 et
494 1721 609 1786 flamen
625 1721 780 1787 Martialis
799 1745 836 1788 eo
855 1744 937 1788 anno
955 1732 1003 1803 est
1020 1744 1102 1787 mor·
1122 1743 1154 1789 14

95 1818 154 1880 ton
168 1814 214 1879 M.
232 1814 390 1880 Aemilius
407 1815 561 1901 Regillus.
1145 1822 1150 1829 '

146 1909 221 1975 XII.
257 1909 426 1996 Neglectae
442 1931 482 1975 eo
500 1910 626 1975 biennio
642 1932 694 1976 res
711 1910 744 1975 in
760 1908 895 1977 Graecia
912 1920 1008 1976 erant.
1043 1912 1102 1976 ita·
1122 1934 1134 1979 1

103 2002 320 2091 anhilippus
338 2002 470 2070 Aetolos
489 2004 629 2072 desertos
648 2005 688 2071 ab
708 2005 867 2084 Romano,
886 2007 937 2072 cui
954 2007 1009 2071 uni
1026 2006 1103 2070 fide-

104 2088 159 2162 tut
172 2099 300 2177 auxilio,
327 2098 441 2183 quibus
458 2099 557 2165 voluit
575 2100 809 2166 condicionibus
829 2101 869 2165 ad
886 2102 1054 2187 petendam
1072 2110 1104 2165 et
1150 2108 1153 2114 '

99 2193 296 2269 Fdscendam
315 2192 439 2282 subegit
455 2216 576 2280 pacem.
620 2196 706 2279 quod
723 2197 783 2261 nisi
801 2197 886 2260 omni
904 2196 936 2258 vi
952 2195 1101 2279 perficere
1120 2216 1135 2261 a

98 2295 278 2368 muneret,
305 2288 473 2354 bellantem
499 2312 571 2354 eum
598 2310 669 2354 cum
691 2288 815 2356 Aetolis
837 2289 874 2353 P.
896 2286 1101 2375 Sempronius

95 2384 256 2463 Foconsul,
284 2405 447 2449 successor
463 2385 585 2470 imperii
603 2386 719 2450 missus
740 2382 880 2470 Sulpicio
902 2405 974 2448 cum
992 2383 1102 2447 decem

95 2468 204 2545 Bilibus
219 2478 362 2564 peditum
380 2488 411 2543 et
426 2478 511 2544 mille
529 2478 685 2562 equitibus
704 2488 736 2544 et
753 2479 1033 2565 trigintaquinque
1050 2499 1101 2542 ro-

95 2566 182 2638 *ets
199 2573 347 2651 navibus,
370 2571 454 2637 haud
471 2595 603 2659 parvum
621 2584 814 2639 momentum
832 2574 872 2638 ad
890 2595 982 2658 opem
999 2572 1101 2637 feren-

95 2646 154 2757 ᾖ
169 2666 276 2744 sociis,
295 2667 513 2753 oppressisset.
544 2667 673 2732 vixdum
691 2690 769 2754 pace
787 2668 871 2733 facta
887 2667 1015 2732 nuntius
1033 2666 1101 2752 regi
1120 2686 1134 2733 3

95 2760 172 2855 [mit
189 2760 350 2827 Romanos
358 2760 570 2847 Dyrrachium
583 2763 717 2841 venisse,
735 2762 965 2846 Parthinosque
983 2771 1015 2827 et
1030 2783 1103 2847 pro·
1148 2758 1151 2763 ’

95 2860 212 2939 laques
228 2856 332 2943 gentis
350 2855 426 2921 alias
444 2865 546 2921 motas
564 2878 634 2922 esse
652 2858 693 2921 ad
715 2878 804 2943 spem
822 2858 958 2922 novandi
975 2879 1026 2922 res
1044 2856 1105 2921 Di-

95 2944 267 3041 {altumque
285 2972 476 3037 oppugnare.
503 2973 541 3016 eo
560 2973 594 3016 se
611 2961 766 3016 verterant
784 2953 913 3030 auxilia,
931 2952 1002 3017 irati
1019 2953 1103 3036 quod
1122 2971 1138 3016 4
1246 2988 1249 2993 <

95 3048 148 3109 me
160 3045 339 3110 anctoritate
353 3066 411 3109 sua
423 3045 575 3110 adversus
588 3044 701 3110 foedus
715 3067 787 3110 cum
801 3069 874 3132 rege
887 3067 997 3131 pacem
1010 3044 1104 3109 secis-

95 3138 159 3203 ΒΜ.
193 3160 231 3205 ea
247 3160 320 3204 cum
337 3139 477 3204 audisset
493 3138 673 3225 Philippus,
700 3161 740 3204 ne
758 3141 812 3224 qui
829 3150 932 3203 motus
955 3138 1054 3202 maior
1070 3138 1103 3200 in
1121 3158 1136 3204 5

95 3224 217 3300 Ultimis
242 3232 389 3321 gentibus
415 3233 601 3319 populisque
624 3235 767 3310 oriretur,
795 3233 917 3318 magnis
940 3229 1102 3295 itineribus

95 3328 280 3407 ‘bolloniam
292 3330 464 3407 contendit,
483 3352 545 3414 quo
556 3327 760 3415 Sempronius
775 3350 809 3393 se
822 3336 990 3413 receperat,
1005 3326 1103 3390 misso

95 3423 226 3490 mentio
241 3422 349 3511 legato
366 3444 437 3488 cum
455 3433 543 3510 parte
561 3425 720 3510 copiarum
734 3433 765 3487 et
778 3422 955 3506 quindecim
968 3419 1102 3484 navibus

95 3518 276 3585 *Aetoliam
294 3518 336 3583 ad
352 3519 499 3584 visendas
517 3542 567 3584 res
585 3541 771 3605 pacemque,
792 3519 819 3582 si
836 3526 957 3604 posset,
976 3515 1103 3579 turban-

95 3616 161 3679 λιι.
185 3611 353 3699 Philippus
371 3636 464 3700 agros
474 3613 721 3700 Apolloniatium
739 3612 874 3679 vastavit
892 3622 923 3677 et
940 3610 980 3675 ad
993 3607 1103 3673 urbem
1121 3628 1135 3674 6

95 3690 211 3775 fimetis
237 3710 326 3793 copta
352 3716 538 3792 potestatem
564 3730 689 3795 pugnae
714 3707 858 3774 Romano
885 3706 972 3783 fecit3
1007 3724 1135 3788 quemi

95 3804 245 3887 carqum
268 3801 411 3886 quietum
437 3825 542 3868 muros
569 3802 783 3868 tantummodo
809 3803 889 3867 tueri
914 3801 1009 3877 vidit,
1044 3820 1103 3863 nec
1221 3878 1224 3883 .

95 3894 153 3963 llis
177 3894 280 3961 fidens
305 3895 440 3974 viribus,
467 3908 503 3963 ut
523 3896 634 3963 urbem
654 3905 863 3984 oppugnaret,
892 3906 923 3961 et
945 3916 1016 3960 curn
1038 3893 1104 3959 Ro-

95 3990 176 4057 tuuis
193 4010 322 4075 quoque
340 3990 422 4056 sicut
439 4014 510 4056 cum
524 3992 647 4057 Aetolis
666 3993 794 4078 cupiens
812 4013 922 4076 pacem
942 3990 968 4055 si
985 3998 1102 4076 posset,
