2528 4530
335 285 452 341 umus
467 286 597 357 xxnu,
616 285 657 342 aa
678 284 830 357 [acam]
1040 276 1103 344 193

59 469 147 533 quae
175 444 292 533 legatio
317 456 550 530 peropportuna
576 445 645 510 nisa
671 445 712 511 ad
737 445 968 511 multitudinem
993 447 1103 513 meon-

62 542 165 607 ditam
192 550 231 605 ae
256 532 482 604 tumultuosam
509 540 739 605 exonerandam
765 536 925 625 ducesque
951 542 1019 607 cius
1046 542 1102 609 ab·

10 650 12 655 '
62 633 231 722 legandos.
292 628 505 720 Hippocrates
540 642 666 718 metor
699 630 815 700 ddcere
849 646 888 699 'eu
918 635 1135 723 transfugasa

64 728 189 806 iussnst
234 724 334 793 secuti
363 724 454 791 multi
484 742 524 791 ex
553 724 773 793 mercennariis
805 728 929 794 auxiliis
955 740 1102 813 quattuor

67 820 153 887 milia
176 826 368 888 armatarum
390 818 570 885 effecerunt.
615 830 647 885 et
668 820 861 887 mittentibus
883 832 915 886 et
936 824 1042 889 missis
1064 844 1136 892 eae

69 914 150 982 laeta
168 912 326 1003 expeditio
343 914 418 980 fuit:
444 926 518 980 uam
537 924 568 980 et
584 914 662 992 illis,
680 916 766 999 quod
778 916 909 981 iamdiu
922 906 1099 1003 cupiebant,

72 1010 206 1075 novandi
231 1022 283 1075 res
309 1008 433 1075 occasio
458 1008 533 1074 data
558 1018 618 1087 est,
647 1009 737 1074 ethi
763 1010 917 1074 sentinam
943 1013 1101 1095 quandam

76 1102 156 1170 urbis
181 1100 242 1169 rati
267 1102 453 1168 exhaustam
484 1101 689 1169 laetabantur.
751 1114 889 1169 ceterum
919 1104 1102 1171 levaverunt

79 1200 162 1265 medo
188 1200 222 1264 in
247 1199 425 1285 praesentia
450 1199 537 1264 velut
563 1210 677 1284 corpus
703 1212 847 1285 aegrum,
883 1221 946 1283 quo
972 1201 1101 1265 manin

10 1293 17 1331 '³
84 1294 245 1380 gaviorem
262 1292 408 1359 morbum
425 1292 586 1358 recideret.
631 1292 842 1378 Hippocrates
864 1294 948 1357 enim
970 1294 1135 1359 finitimas

10 1416 21 1425 ·
87 1384 247 1473 provincias
264 1386 428 1453 Romanae
449 1387 552 1473 pulmo
575 1386 698 1452 furtivis
722 1386 959 1453 excursionibus
978 1397 1101 1453 natare

10 1476 33 1553 ³.
93 1482 184 1568 cecam
211 1478 340 1559 deinde,
368 1494 440 1546 cum
458 1480 499 1546 ad
521 1480 654 1545 tuendos
678 1480 834 1546 sociorum
857 1500 949 1569 agros
967 1481 1101 1547 missum

10 1568 34 1613 '³‘
97 1570 165 1641 al
219 1574 452 1662 opraesidium
474 1583 572 1654 esset,
604 1564 750 1640 omnibus
773 1576 872 1661 copiis
894 1576 1046 1661 impetum
1068 1576 1100 1640 in

10 1676 22 1707 ²·
96 1680 248 1755 dmentem
262 1670 429 1736 sadonem
443 1682 516 1734 cnm
529 1670 626 1735 caede
638 1669 808 1735 multorum
820 1668 905 1735 feeit.
932 1690 1014 1754 quac
1028 1688 1100 1735 cum
1117 1689 1134 1737 a

95 1774 176 1829 aaut
204 1765 347 1829 nuntiata
375 1760 543 1842 Marcello,
583 1763 704 1851 legatos
735 1764 892 1850 extemplo
924 1763 1100 1850 Syracusas

18 1923 24 1933 ,
96 1850 169 1937 dat,
195 1858 250 1945 qui
266 1858 355 1944 pacis
372 1858 467 1923 fidem
484 1867 609 1944 raptam
631 1876 702 1924 esse
720 1858 858 1923 dicerent
879 1870 938 1924 nec
955 1858 1030 1924 belli
1046 1858 1101 1923 de-

18 1944 26 2025 Ϊ
96 1940 210 2017 tunam
233 1966 385 2037 umquam
411 1966 553 2030 causam,
584 1953 646 2018 nisi
667 1951 879 2039 Hippocrates
906 1962 1000 2037 atquc
1023 1951 1101 2039 lipi-

36 2124 46 2133 ἐ
96 2044 167 2127 aies
182 2062 246 2111 non
263 2046 304 2112 ab
324 2044 492 2133 Syracusis
510 2046 619 2124 modo,
643 2057 691 2111 set
709 2054 774 2111 tota
790 2046 900 2131 procul
920 2045 1028 2112 Sicilia
1045 2046 1101 2111 ab·

10 2132 49 2241 '4'
96 2130 255 2225 antdr.
282 2134 457 2228 Epicydes,
476 2156 516 2205 ne
532 2151 586 2206 aut
597 2152 670 2205 reus
685 2140 822 2205 criminis
840 2140 980 2204 absentis
994 2139 1099 2210 fratris
1118 2159 1133 2206 6

15 2225 24 2241 ‘
41 2240 44 2245 '
78 2240 217 2315 'danem
236 2245 321 2300 esset
338 2245 392 2300 aut
409 2235 533 2300 deesset
550 2248 608 2321 pro
625 2242 714 2319 parte
733 2252 791 2298 saa
804 2234 989 2298 concitando
1006 2234 1099 2311 bello,

31 2336 36 2341 '
96 2322 227 2409 deleaus
254 2329 379 2415 etipse
404 2328 438 2393 in
458 2329 647 2405 Leontinos,
675 2327 750 2412 quia
771 2327 848 2392 satis
871 2348 925 2391 eos
948 2327 1099 2392 adversus

40 2478 44 2488 .
228 2420 407 2489 Remum
424 2424 597 2489 codeitatos
614 2420 771 2500 cernebat,
790 2430 931 2485 avertere
947 2421 1042 2485 etiam
1059 2419 1100 2485 ab

10 2558 12 2563 ,
78 2580 82 2588 ,
113 2516 237 2599 pausis
255 2518 371 2605 coepit:
397 2534 471 2584 nam
492 2519 537 2582 im
559 2530 613 2582 ecc
634 2528 747 2602 pacem
762 2514 923 2602 pepigisse
945 2524 1018 2580 eum
1035 2514 1133 2579 Itos

16 2646 38 2679 ,π
74 2614 77 2619 ’
98 2610 180 2690 Mitis,
197 2616 242 2692 nt,
262 2612 451 2698 quicumque
470 2600 578 2697 populi
591 2610 650 2676 sub
664 2609 792 2697 regibus
810 2608 957 2687 inissent,
973 2617 1006 2674 st
1023 2630 1100 2673 suae

41 2779 45 2789 ,
99 2690 199 2772 dicus
227 2716 348 2784 essene
382 2720 441 2772 nec
466 2708 530 2771 ian
555 2704 700 2770 lberam
725 2713 887 2769 ememtes
914 2714 1005 2782 csse,-
1038 2703 1101 2767 nisi

11 2854 18 2866 .
98 2792 165 2865 iden
186 2806 321 2889 regnent
346 2812 384 2866 ae
409 2800 616 2867 dominentur.
659 2799 902 2865 renuntiandum
930 2798 1029 2886 iginus
1053 2799 1134 2865 eise

82 2896 157 2977 ¹ttae,
170 2894 347 2960 Leontinos
366 2915 491 2978 quoque
509 2903 646 2978 aequum
664 2902 791 2958 censere
808 2893 926 2958 liberos
941 2904 1025 2970 esse,
1049 2893 1101 2957 tel

10 3001 37 3075 J,
98 2980 158 3073 ruod
175 2988 208 3053 in
230 2988 298 3054 solo
320 2986 407 3053 urbis
430 3010 506 3053 suae
528 3000 680 3074 tyrannus
702 2987 848 3052 ceciderit
873 2986 924 3052 vel
949 2986 1100 3070 quodibi

30 3080 35 3089 '
99 3076 204 3157 irinum
221 3082 451 3148 conclamatum
473 3082 514 3147 ad
530 3081 707 3148 libertatem
728 3082 908 3165 relictisque
929 3081 1024 3167 regiis
1042 3080 1101 3143 du-

100 3158 161 3251 ctu
177 3172 354 3264 Syracusas
372 3198 559 3242 concursum
579 3172 660 3262 [sit].
704 3176 810 3260 itaque
827 3182 882 3238 ant
899 3172 1100 3238 carmennum
1119 3194 1133 3240 a

10 3268 19 3367 ζ
53 3286 68 3351 ς·
101 3254 303 3338 defoedare
320 3286 393 3337 esse
410 3280 464 3335 aut
484 3270 588 3358 legem
611 3288 681 3335 cam
703 3269 839 3335 foedciis
861 3290 924 3332 non
946 3266 1100 3352 aecipien-

10 3368 16 3378 ”
55 3376 58 3381 “
100 3354 159 3429 lali
192 3356 288 3434 iacile
314 3364 507 3457 multitudini
532 3380 733 3452 persuasum,
759 3360 935 3450 legatisque
962 3359 987 3427 S
1044 3382 1099 3426 cu·
1118 3380 1151 3428 10

81 3464 216 3547 littorum
242 3470 274 3527 et
300 3460 339 3526 de
366 3460 462 3526 caede
488 3461 631 3526 stationis
652 3456 814 3525 Romanae
839 3456 981 3541 querenti
1021 3468 1041 3520 's
1069 3468 1100 3521 et

13 3598 23 3625 .·
66 3534 286 3641 'fflpmaaten
311 3544 453 3639 atquell
477 3548 589 3641 icyden
615 3554 701 3620 abire
729 3570 786 3618 seu
802 3553 925 3617 Locros
953 3562 1010 3615 seu
1036 3566 1099 3633 quo

54 3710 59 3721 .
83 3634 135 3713 lflc
148 3646 290 3728 mallent,
317 3578 488 3715 dummodo
508 3644 617 3715 Silicis
635 3644 792 3724 cederent,
819 3643 999 3711 iubentibus
1017 3642 1100 3707 fer'o·

83 3732 150 3809 dier
168 3754 357 3831 responsum
383 3753 445 3823 est,
471 3760 573 3903 nessuc
595 3740 763 3807 mandasse
786 3752 857 3804 sese
879 3735 1097 3824 Syracusanis,
1118 3756 1149 3803 11

77 3842 108 3901 ut
126 3848 240 3925 paeeni
286 3860 321 3905 ro
348 3859 383 3903 se
410 3860 481 3903 cum
538 3837 659 3903 omanis
686 3831 838 3912 facerent,
873 3840 977 3916 neque
1002 3831 1100 3896 teneri

73 3918 177 4000 denis
189 3924 243 4000 i'o'
266 3930 381 4000 esibus.
404 3922 1097 4016 liaecadRomanesSyraensauidetulerunt,
1118 3943 1150 3992 12

68 4018 427 4174 dppnmffssLeonmos
444 4018 479 4091 in
496 4038 554 4091 su'a
570 4033 725 4110 potestate
742 4032 827 4089 esse:
852 4022 959 4176 italqgne
976 4021 1099 4106 integro
