2528 4514
361 234 478 290 nmsa
495 235 610 307 xxm,
628 236 668 290 16.
690 239 728 305 [a.
738 237 768 296 c.
778 238 809 291 21
816 237 842 307 ι]
1055 227 1117 293 283

94 415 153 457 um
171 400 207 457 et
225 391 376 477 pleraque
393 391 455 456 alia
473 392 512 457 de
525 391 633 457 Flacci
650 393 742 458 unius
762 395 916 460 sententia
934 405 1004 463 acta
1021 408 1117 476 erant,

94 495 246 551 nortuum
263 484 327 571 Ap.
348 483 517 551 Claudium
541 485 600 551 sub
623 487 813 554 deditionem
837 486 967 576 Capuae
990 491 1118 574 quidam

94 581 232 646 radunt:
269 580 352 644 hunc
370 601 496 663 quoque
513 580 618 664 ipsum
636 581 792 647 Tauream
811 604 912 667 neque
931 606 989 649 sua
1007 596 1117 670 sponte
1137 607 1151 652 2

94 675 212 740 'enisse
224 672 319 739 Cales
337 695 440 757 neque
459 696 517 738 sua
535 697 630 738 manu
647 675 855 756 interfectum,
875 680 932 743 sed
948 694 1020 744 cunt
1038 679 1118 744 iuter

94 779 207 835 eteros
223 767 263 832 ad
276 767 383 853 palum
398 767 566 854 deligatur,
593 769 668 851 quia
680 790 792 854 parurn
804 771 885 836 inter
898 773 1046 858 strepitus
1063 796 1118 839 ex·

94 862 185 928 tudiri
204 872 337 947 possent
353 883 434 945 quae
451 861 694 941 vociferabatur,
717 864 874 929 silentium
887 866 954 931 fieri
965 866 1116 933 Flaccum

94 958 237 1034 ussisse3
273 964 340 1021 tum
367 956 523 1021 Tauream
552 956 607 1022 illa
636 979 718 1041 quae
744 968 816 1024 ante
843 970 1013 1026 memorata
1043 972 1150 1030 sunta

94 1051 219 1128 lixisse,
242 1051 345 1115 virum
364 1072 397 1116 se
415 1050 621 1116 fortissimum
639 1051 679 1116 ab
697 1073 896 1136 nequaquam
912 1055 980 1139 pari
997 1055 1038 1120 ad
1054 1056 1117 1120 vir·

94 1155 184 1211 utem
202 1145 319 1223 occidi3
339 1144 398 1210 sub
417 1144 495 1209 haec
513 1145 598 1210 dicta
613 1145 704 1211 iussu
720 1146 916 1232 proconsulis
929 1170 1116 1233 praeconem

94 1248 132 1305 ,ta
149 1239 368 1325 pronuntiasse
392 1238 510 1317 ‘lictor,
537 1239 604 1304 viro
622 1239 696 1305 forti
718 1240 799 1305 adde
821 1240 927 1326 virgas
946 1251 977 1306 et
993 1242 1026 1306 in
1044 1265 1117 1308 eum

94 1333 223 1417 sumum
248 1333 319 1418 lege
350 1333 432 1418 age’.
476 1333 592 1398 lectum
618 1355 742 1418 quoque
773 1344 900 1401 senatus
927 1336 1151 1415 consultum,4

94 1427 270 1511 ¹›riusquam
288 1427 390 1493 securi
407 1427 527 1505 feriret,
546 1427 675 1511 quidam
692 1438 835 1494 auctores
854 1439 941 1508 sunt3
968 1430 1025 1496 sed
1042 1432 1117 1514 quia

94 1521 277 1606 tdscriptum
295 1521 328 1585 in
347 1532 474 1586 senatus
492 1521 636 1587 consulto
654 1521 761 1600 fuerit,
784 1522 812 1587 si
829 1522 859 1587 ei
875 1524 1045 1603 videretur,
1068 1525 1117 1590 in·

95 1636 208 1702 egram
237 1637 304 1678 rem
335 1616 376 1679 ad
407 1625 550 1680 senatum
581 1615 728 1692 reiceret,
767 1616 1003 1702 interpretatum
1033 1640 1113 1698 esse,

95 1708 161 1792 quid
182 1708 286 1795 magis
309 1730 326 1773 e
348 1730 382 1773 re
404 1706 531 1793 publica
552 1709 680 1773 duceret
702 1709 950 1775 aestimationem
968 1710 1029 1777 sibi
1045 1733 1116 1798 per·

95 1822 227 1867 missam.

152 1895 297 1981 Capuam
315 1919 335 1960 a
353 1893 485 1962 Calibus
506 1897 640 1961 raditum
663 1905 725 1975 est,
751 1896 921 1982 Atellaque
943 1909 974 1964 et
993 1897 1115 1966 Calatia
1133 1919 1148 1964 5

95 1991 125 2055 in
148 1989 335 2055 deditionem
363 1999 519 2075 acceptae.
571 1990 617 2056 ibi
641 2013 766 2076 quoque
792 1992 824 2057 in
851 2014 904 2059 eos
930 1993 985 2077 qui
1011 1995 1114 2081 capita

95 2105 191 2149 rerum
209 2094 297 2148 erant
315 2083 576 2149 animadversum.
620 2084 665 2149 ita
681 2086 723 2148 ad
740 2087 940 2173 septuaginta
956 2086 1113 2174 principes
1133 2107 1147 2153 6

95 2188 213 2244 senatus
230 2177 399 2254 interfecti,
424 2178 552 2246 trecenti
569 2178 668 2242 ferme
686 2176 806 2244 nobiles
826 2176 980 2265 Campani
998 2181 1031 2245 in
1048 2204 1115 2247 car-

95 2291 187 2336 cerem
205 2271 322 2336 eonditi
328 2296 337 2348 3
368 2270 420 2335 ulii
438 2293 494 2356 per
512 2271 667 2336 sociorum
684 2270 792 2336 Latini
814 2272 948 2336 nominis
969 2272 1064 2338 urbes
1081 2275 1114 2338 in

95 2364 243 2430 custodias
271 2365 335 2429 dati
361 2365 456 2430 variis
484 2364 610 2430 casibus
635 2363 833 2441 interierunt,
860 2363 1026 2429 multitudo
1052 2366 1114 2431 alia

95 2456 200 2522 civium
219 2457 453 2543 Campanorum
475 2480 591 2522 venum
613 2458 695 2523 data.
744 2457 783 2522 de
805 2455 883 2522 urbe
905 2479 1043 2543 agroque
1065 2481 1146 2527 ras

98 2548 170 2636 liqua
195 2554 382 2624 consultatio
404 2551 478 2632 fuit,
509 2553 698 2637 quibusdam
720 2549 885 2617 delendam
907 2551 1113 2618 sciscentibus

101 2645 195 2713 urbem
228 2647 457 2733 praevalidam,
492 2647 715 2731 propinquam,
750 2645 918 2711 inimicam.
975 2653 1113 2711 ceterum

102 2756 232 2819 praesens
259 2740 376 2806 utilitas
398 2740 486 2819 vicit;
513 2762 587 2804 nam
608 2748 736 2825 propter
757 2762 883 2826 agrum,
910 2761 1004 2824 quem
1027 2741 1113 2806 omni

101 2829 241 2900 fertilitate
268 2846 368 2900 terrae
396 2835 471 2900 satis
499 2832 664 2899 constabat
688 2833 824 2919 primum
849 2833 883 2898 in
908 2833 1002 2901 Italia
1031 2857 1111 2914 esse,

103 2925 160 2994 urbs
182 2939 307 2995 servata
329 2939 391 3007 est,
419 2939 454 2993 ut
475 2937 560 2994 esset
585 2928 690 3011 aliqua
712 2939 870 2994 aratorum
896 2929 999 2994 sedes.
1042 2929 1146 2997 urbis

101 3015 329 3121 frequentandae
363 3023 530 3088 multitudo
564 3022 736 3088 incolarum
770 3023 1047 3108 libertinorumque
1081 3035 1113 3089 et

98 3106 260 3184 institorum
285 3116 495 3202 opificumque
517 3125 651 3194 retenta,
678 3138 754 3203 ager
775 3117 877 3182 omnis
899 3128 930 3180 et
952 3127 1035 3182 tecta
1055 3138 1113 3202 pu-

96 3196 164 3278 blica
180 3211 290 3298 populi
307 3211 443 3276 Romani
460 3211 554 3276 facta.
590 3220 727 3275 ceterum
744 3209 878 3274 habitari
896 3219 1017 3274 tantum
1034 3218 1113 3274 tam·
1131 3229 1145 3275 o

96 3313 177 3378 luam
213 3306 325 3372 urbem
360 3304 505 3392 Capuam
539 3305 792 3390 frequentarique
826 3303 961 3390 placuit,
998 3325 1111 3390 corpus

96 3401 203 3466 ullum
230 3400 365 3467 civitatis
398 3422 457 3465 nec
488 3411 615 3465 senatus
646 3421 705 3464 nec
731 3397 832 3484 plebis
863 3397 1028 3462 concilium
1053 3419 1112 3462 nec

96 3499 196 3592 pagias
196 3508 245 3562 rat
247 3519 285 3561 us
303 3518 388 3562 esse:
407 3496 474 3561 sine
492 3494 621 3560 consilio
640 3493 780 3580 publico,
800 3493 867 3557 sine
885 3492 1014 3578 imperio
1032 3492 1112 3556 mul-
1132 3512 1162 3558 10

96 3577 260 3668 ltudinem,
288 3590 404 3654 nullius
422 3590 468 3654 rei
485 3590 565 3654 inter
582 3611 616 3654 se
635 3588 767 3664 sociam,
795 3587 836 3650 ad
858 3609 1046 3652 consensum
1064 3586 1111 3649 in·

96 3686 218 3753 abilam
245 3684 332 3762 fore,
368 3683 562 3770 praefectum
593 3683 672 3748 ad
663 3705 732 3747 rura
757 3681 916 3746 reddenda
942 3678 982 3745 ab
1007 3679 1111 3746 Roma

96 3779 250 3847 uotannis
268 3779 430 3844 missuros.

143 3874 195 3939 Ita
214 3874 256 3939 ad
275 3871 418 3960 Capuam
435 3894 486 3938 res
505 3870 696 3957 compositae
714 3869 844 3935 consilio
861 3868 902 3935 ab
920 3867 1005 3934 omui
1022 3876 1109 3956 parte
1131 3889 1161 3937 ιι

96 3967 240 4034 tudabili.
286 3989 393 4034 severe
416 3976 447 4033 et
469 3963 609 4033 celeriter
630 3965 662 4029 in
683 3965 819 4032 maxime
842 3963 952 4030 noxios
971 3962 1111 4028 animad-
