2528 4514
146 235 212 300 404
365 243 483 299 LIBER
500 240 640 310 XXVIII,
660 241 755 297 18.19.
775 240 963 311 [ancara]

145 429 181 470 re
198 403 326 491 publica
343 400 512 485 quicquam
530 423 565 465 se
587 421 660 464 cnm
676 398 769 468 hoste
787 421 883 486 agere
905 399 1030 466 iniussu
1050 420 1154 470 senatus

113 525 130 571 4
146 522 253 586 posse.
296 495 376 561 illud
392 518 509 581 magno
527 516 623 581 opere
640 494 790 559 tendente
806 517 899 581 rege,
917 517 961 560 ne
978 495 1056 561 alter
1070 495 1156 584 hospi·

147 610 215 660 tum
242 592 390 659 exclusus
412 612 525 655 mensa
544 588 718 667 videretur,
745 588 837 654 utin
858 588 1003 655 animum
1018 590 1157 659 induceret

114 715 129 760 5
148 690 190 756 ad
207 687 337 754 easdem
354 684 461 751 venire
475 684 600 771 epulas,
618 683 705 748 haud
718 683 842 763 abnuit3
861 694 1074 769 cenatumque
1086 686 1157 752 sinul

147 783 233 871 apud
248 804 358 868 regem
377 790 426 845 est
443 790 475 845 et
497 780 610 844 eodem
633 778 729 845 etiam
749 777 833 844 lecto
851 776 965 866 Scipio
983 792 1078 864 atque
1092 781 1158 846 Has·

113 902 127 949 s
148 878 273 956 drubal,
292 876 366 961 quia
378 874 423 939 ita
437 874 524 939 cordi
538 885 605 939 erat
616 873 700 960 regi,
719 873 944 939 accubuerunt.
973 885 1063 941 tanta
1076 886 1157 941 auten

146 975 249 1038 inerat
271 970 402 1037 comitas
422 968 565 1055 Scipioni
588 980 682 1054 atque
704 969 746 1033 ad
767 968 875 1035 omnia
894 969 1051 1035 naturalis
1072 968 1158 1057 ingeni

147 1068 334 1145 dexteritas,
352 1078 468 1132 utnon
488 1063 670 1150 Syphacem
687 1064 798 1143 modo,
815 1065 991 1130 barbarum
1007 1065 1158 1133 insuetum·

146 1187 209 1248 que
223 1162 375 1237 ,moribus
396 1159 565 1238 Romanis,
592 1161 651 1226 sed
672 1159 797 1225 hostem
819 1160 915 1225 etiam
938 1159 1159 1228 infestissimum

113 1282 127 1327 r
146 1258 283 1323 facunde
301 1255 500 1340 adloquendo
519 1253 580 1320 sibi
596 1254 790 1332 conciliaret3
813 1253 1100 1340 mirabilioremque
1113 1254 1159 1321 sibi

147 1377 220 1418 eum
237 1351 340 1418 virum
358 1372 530 1436 congresso
549 1371 656 1414 coram
673 1349 778 1414 visum
793 1372 871 1435 prae
889 1372 926 1415 se
943 1350 1070 1417 ferebat
1085 1372 1159 1435 quau

111 1469 127 1517 8
145 1449 229 1514 bello
246 1447 342 1513 rebus
361 1445 475 1532 gestis,
493 1467 553 1510 nec
566 1445 724 1524 dubitare,
742 1445 820 1529 quin
834 1443 971 1532 Syphax
984 1467 1158 1534 regnumque

147 1545 214 1609 eius
232 1544 297 1609 iam
314 1542 347 1607 in
363 1542 583 1608 Romanorum
601 1552 709 1608 essent
724 1552 897 1628 potestate:
926 1565 1000 1608 eam
1019 1554 1113 1609 artem
1124 1540 1158 1607 dli

113 1659 127 1706 9
147 1639 214 1704 viro
233 1639 273 1703 ad
291 1637 504 1703 conciliandos
523 1636 646 1702 animos
665 1659 746 1702 esse.
789 1636 896 1720 itaque
914 1660 982 1703 non
1005 1661 1068 1723 quo
1083 1637 1157 1704 noda

145 1732 323 1818 Hispaniae
341 1731 477 1797 amissae
495 1729 560 1797 sint
577 1731 793 1814 quaerendum
809 1730 913 1818 magis
934 1730 1157 1821 Carthaginen-

147 1828 234 1894 sibus
253 1849 324 1892 esse
343 1848 438 1910 quam
456 1848 518 1910 quo
530 1826 626 1892 modo
634 1825 781 1891 Africam
793 1825 951 1892 retineant
964 1828 1156 1915 cogitandum.

96 1940 128 1990 10
146 1945 210 1987 non
227 1920 537 2008 peregrinabundum
558 1944 661 2005 neque
684 1920 768 1987 circa
785 1943 940 1988 amoenas
963 1945 1039 1990 oras
1060 1944 1156 2010 vagu·

145 2028 210 2083 tem
241 2026 364 2080 tantum
394 2016 507 2082 ducem
531 2017 713 2082 Romanum
742 2015 853 2082 relicta
881 2018 1050 2103 provincia
1075 2038 1155 2084 norae

146 2110 293 2189 dicionis,
319 2109 436 2176 relictis
455 2111 659 2189 exercitibus,
687 2111 810 2179 duabus
827 2110 964 2177 navibus
984 2112 1020 2178 in
1035 2112 1154 2178 African

145 2205 307 2271 traiecisse
325 2228 396 2271 sese
414 2206 449 2271 in
466 2205 614 2272 hostilem
631 2217 761 2284 terram,
782 2206 905 2292 regiam
924 2206 958 2271 in
975 2208 1071 2273 fidem
1086 2208 1152 2272 inex·
1185 2238 1197 2261 ,-

95 2321 125 2367 11
144 2311 281 2385 pertam,
309 2301 367 2366 sed
387 2300 559 2386 potiundae
581 2299 713 2364 Africae
736 2323 826 2386 spem
849 2299 1072 2367 adfectantem.
1109 2300 1151 2364 hoc

146 2417 218 2460 eum
235 2396 300 2459 iam
317 2395 440 2481 pridem
462 2395 604 2459 volutare
626 2394 658 2458 in
677 2395 796 2473 auimo,
823 2395 884 2459 hoc
905 2396 1016 2481 palam
1034 2398 1150 2469 frenae,

144 2490 230 2571 quod
246 2514 325 2567 non,
349 2512 443 2573 quem
461 2489 502 2554 ad
519 2489 648 2555 modum
657 2489 820 2554 Hannibal
837 2489 991 2569 inItalia,
1011 2491 1057 2557 sic
1069 2486 1150 2575 Scip'u

93 2583 176 2649 rain
197 2583 311 2648 Africa
333 2583 453 2648 bellum
474 2594 607 2669 gereret.
654 2583 762 2669 Scipio
784 2583 913 2650 foedere
935 2585 1002 2652 icto
1021 2608 1090 2651 cum
1108 2582 1149 2668 Sp

142 2678 244 2762 phace
261 2678 422 2762 profectus
442 2701 482 2743 ex
489 2678 612 2755 Africa,
631 2677 797 2762 dubiisque
816 2690 848 2743 et
864 2678 1054 2765 plerumque
1072 2677 1149 2746 saeris
1184 2718 1197 2759 ,ξ

142 2773 176 2835 in
194 2772 258 2837 alto
275 2772 410 2836 iactatus
428 2772 530 2837 ventis
555 2772 604 2837 die
623 2783 735 2856 quarto
756 2795 858 2839 novae
878 2771 1084 2862 Carthaginis
1099 2794 1150 2860 por·
1183 2810 1197 2852 ς

26 2899 30 2905 ·
143 2876 211 2929 tum
230 2865 339 2929 tenuit.

1185 2904 1197 2935 Τ

111 2980 123 3024 1
206 2958 357 3027 XVIIII.
410 2960 588 3048 Hispaniae
619 2959 701 3026 sicut
732 2985 752 3026 a
780 2961 865 3028 bello
893 2963 1023 3030 Punico
1052 2963 1150 3048 quietae
1186 2954 1197 3044 λ,

143 3066 245 3131 erant,
272 3054 318 3118 ita
335 3055 490 3138 quasdam
508 3055 651 3121 civitates
668 3068 796 3143 propter
814 3057 1045 3124 conscientiam
1065 3056 1149 3143 culpet
1190 3076 1197 3138 ξ

141 3159 229 3213 metu
251 3149 354 3234 magis
378 3171 473 3233 quam
494 3149 557 3214 fide
580 3150 703 3232 quietas
727 3173 798 3216 esse
821 3152 1013 3238 apparebat,
1044 3168 1149 3237 quaruu
1190 3192 1197 3201 -

141 3266 289 3309 maxume
307 3245 449 3332 insignes
473 3256 505 3310 et
522 3246 739 3331 magnitudine
762 3257 794 3311 et
814 3270 900 3313 noxa
916 3249 1045 3337 Iliturgi
1062 3260 1092 3317 et
1106 3244 1150 3313 Cr·
1189 3294 1197 3327 ,

109 3356 124 3402 a
144 3338 226 3404 stulo
245 3350 343 3405 erant.
390 3337 523 3405 Castulo
546 3362 619 3404 cum
635 3341 796 3428 prosperis
816 3343 913 3408 rebus
932 3345 1014 3410 socii
1031 3344 1149 3415 fuissent
1189 3340 1192 3346 ’

142 3443 215 3518 post
246 3455 356 3499 caesos
389 3456 461 3500 cum
493 3435 683 3500 exercitibus
716 3434 881 3522 Scipiones
919 3432 1151 3506 defecerantrl
1193 3456 1194 3463 ¹

45 3610 47 3616 Ι
140 3527 282 3606 Poenos3
313 3529 506 3615 Iliturgitani
526 3531 712 3615 prodendis,
740 3531 856 3615 quiex
873 3532 929 3598 illa
947 3534 1040 3600 clade
1057 3535 1095 3600 ad
1112 3550 1150 3597 eut
1192 3596 1195 3605 .

140 3622 359 3710 perfugerant,
387 3623 674 3708 interficiendisque
693 3627 797 3692 scelus
815 3626 912 3692 etiam
929 3628 1098 3696 defectioni
1112 3624 1152 3691 sd·

106 3717 295 3784 ediderant.
348 3719 381 3782 in
409 3741 463 3783 eos
489 3719 624 3805 populos
651 3721 753 3807 primo
780 3721 934 3801 adventu,
964 3746 1039 3790 cum
1059 3720 1151 3788 dubiut
1195 3738 1197 3743 '

140 3812 317 3898 Hispaniae
340 3824 465 3891 essent,
493 3814 605 3881 merito
627 3816 730 3902 magis
753 3838 849 3899 quam
870 3817 993 3884 utiliter
1020 3817 1153 3885 saevituu

105 3926 123 3973 4
140 3904 235 3983 foret3
259 3917 333 3971 tunc
350 3907 414 3972 iam
432 3909 607 3993 tranquillis
624 3911 719 3976 rebus
738 3911 813 3994 quia
830 3920 958 4000 tempus
978 3910 1152 4000 expetendae

139 4021 260 4086 poenae
279 4001 444 4069 videbatur
462 4004 602 4085 venisse,
621 4005 756 4072 accitum
775 4006 815 4072 ab
830 4005 1017 4075 Tarracone
1034 4005 1154 4074 uun·
