2566 4538
132 122 198 190 524
364 130 482 187 amun
498 128 598 200 xxx,
616 130 658 183 40.
678 132 716 198 [a.
726 146 754 183 u.
764 145 788 182 e.
798 127 857 183 aaa.
867 127 930 198 553]

134 291 359 379 giniensesque
382 310 454 354 oum
476 286 639 353 venissent
654 286 806 365 Romam,
833 296 962 352 senatus
989 286 1031 350 ad
1054 286 1169 352 aedem

100 407 117 456 a
134 386 288 452 Bellonae
305 383 432 448 habitus
450 392 509 447 est
544 380 600 446 ubi
617 401 689 446 oum
706 379 749 446 1..
760 379 913 449 Veturius
930 379 1026 447 Philo
1043 403 1171 469 pugna·

135 492 203 545 tum
213 501 285 544 cum
294 476 477 542 Hannibale
486 497 558 542 esse
568 497 717 562 suprema
726 472 1045 562 Carthaginiensibus
1058 497 1171 562 pugno

135 574 293 657 finemque
311 572 441 637 taudem
457 568 584 657 lugubri
601 569 685 635 bello
707 568 891 656 impositum
908 568 1031 656 ingenti
1049 569 1170 637 laetitia

103 678 262 756 apatrum
288 665 503 754 exposuisset,
535 663 649 730 adiecit
673 662 860 732 Verminam
885 662 981 729 etiam
1008 661 1170 752 Syphacis

134 760 249 839 filium,
282 782 363 845 quae
388 782 488 848 parva
514 760 596 825 bene
609 769 733 845 ‘gestae
758 756 806 824 rei
830 758 971 824 accessio
998 771 1084 838 erat,
1112 759 1168 824 de·

136 854 263 921 victum.
307 855 341 919 in
359 854 538 920 contionem
555 852 682 942 prodire
703 852 810 918 iussus
828 851 1044 939 gaudiumque
1062 852 1096 918 id
1111 876 1168 941 po-

100 971 118 1018 a
135 949 210 1038 pulc
228 948 387 1036 inpertire.
432 960 499 1013 tum
520 947 680 1034 patefacta
696 945 898 1034 gratulationi
915 947 1023 1014 omnia
1039 946 1074 1013 in
1089 949 1168 1013 urbe

135 1043 268 1131 templa,
295 1043 604 1132 supplicationesque
629 1042 664 1107 in
689 1041 827 1106 triduum
853 1042 1008 1108 decretae.
1053 1042 1167 1132 legatis

137 1137 448 1226 Carthaginiensium
471 1149 504 1203 et
520 1136 661 1226 Philippi
683 1138 768 1224 regis
785 1174 812 1184 -
829 1159 902 1202 nam
924 1135 948 1201 ii
965 1159 1094 1224 quoque
1115 1161 1168 1204 ve·

135 1245 248 1300 nerant
264 1271 288 1321 .·
308 1233 502 1320 petentibus,
530 1243 564 1297 ut
583 1242 711 1298 senatus
730 1231 792 1297 sibi
809 1231 950 1311 daretur,
977 1254 1167 1320 responsum

135 1330 225 1394 iussu
246 1339 373 1417 patrum
396 1329 437 1394 ab
459 1327 611 1393 dictatore
633 1338 697 1406 est,
724 1325 871 1393 consules
892 1348 995 1393 novos
1017 1326 1058 1393 iis
1079 1350 1166 1394 sena-

101 1435 203 1501 5tum
222 1423 351 1489 daturos
369 1446 451 1489 esse.
495 1422 622 1489 comitia
642 1422 716 1487 inde
739 1421 856 1487 habita.
901 1421 999 1487 creati
1022 1423 1162 1489 eonsules

137 1516 198 1585 Cn.
218 1515 386 1584 Cornelius
404 1518 578 1596 Lentulus,
596 1516 635 1582 P.
654 1515 767 1582 Aelius
784 1516 919 1595 Paetus3
937 1517 1101 1603 praetores
1117 1517 1158 1583 M.

134 1612 246 1679 Iunius
256 1612 403 1691 Pennus,
421 1614 472 1678 cui
491 1637 560 1680 sors
577 1615 700 1679 urbana
713 1613 833 1692 evenit,
851 1612 899 1679 M.
909 1613 1062 1681 Valerius
1075 1614 1157 1681 Falto

134 1707 293 1787 Bruttios,
310 1707 359 1773 M.
373 1708 493 1773 Fabius
511 1709 616 1773 Buteo
636 1704 829 1786 Sardiniam,
847 1707 887 1772 P.
904 1707 1022 1775 Aelius
1040 1707 1156 1774 Tubero

102 1821 116 1869 6
137 1799 280 1866 Siciliam
302 1814 351 1866 eet
375 1803 515 1867 sortitus.
560 1803 600 1867 de
622 1802 792 1888 provinciis
810 1801 977 1868 consulum
999 1803 1079 1868 nihil
1096 1813 1155 1868 ante

135 1895 282 1981 placebat
299 1894 352 1981 agi
374 1917 469 1979 quam
486 1896 584 1983 legati
601 1896 742 1984 Philippi
763 1896 848 1983 regis
872 1908 903 1962 et
923 1891 1155 1987 Carthaginien-

136 1989 219 2055 sium
241 1989 340 2054 auditi
362 2001 483 2069 essent3
514 1991 590 2056 belli
610 1991 707 2056 finem
730 1991 872 2070 alterius,
900 1992 1030 2058 alterius
1052 1992 1156 2081 princi-

102 2084 223 2171 apium
250 2085 485 2172 prospiciebant
511 2085 633 2151 animis.
680 2084 741 2152 Cn.
760 2086 917 2152 Lentulus
944 2087 1059 2152 consul
1080 2086 1156 2174 eupi-

135 2179 232 2246 ditate
258 2179 414 2266 flagrabat
442 2180 800 2267 provinciae,Africae:
841 2204 897 2246 seu
927 2182 1049 2247 bellum
1075 2183 1156 2258 foret,

134 2274 261 2340 facilem
279 2274 443 2340 victoriam
460 2276 543 2353 fore,
562 2297 619 2340 seu
636 2275 701 2341 iam
717 2275 872 2354 finiretur,
896 2275 977 2341 finiti
995 2277 1076 2342 tanti
1093 2275 1155 2342 belli

100 2384 172 2434 ase
198 2370 328 2435 consule
354 2370 488 2456 gloriam
513 2380 636 2457 petens.
688 2393 806 2459 negare
832 2372 938 2456 itaque
964 2372 1054 2458 prius
1082 2370 1146 2457 quio

134 2484 230 2548 quam
252 2464 306 2551 agi
331 2488 501 2552 passurum
522 2485 617 2552 quam
640 2465 700 2530 sibi
720 2464 883 2552 provincia
904 2466 1019 2532 Africa
1043 2468 1139 2533 decret

135 2568 235 2636 esset,
267 2560 460 2626 concedente
486 2560 633 2647 conlega,
657 2561 830 2626 'moderato
856 2559 923 2627 viro
950 2571 982 2626 et
1008 2562 1128 2647 pruden

134 2651 188 2736 qui
214 2653 333 2739 gloriae
361 2654 428 2720 eius
456 2665 615 2721 certamen
642 2677 714 2727 cum
742 2652 909 2743 Scipione,
944 2668 1123 2743 praeterqu

134 2746 220 2829 quod
253 2748 397 2831 iniquum
432 2761 531 2828 esset,
568 2750 663 2815 etiam
697 2749 799 2836 impar
833 2749 975 2815 futurum
1006 2751 1114 2817 cernel

100 2856 115 2904 9
134 2837 176 2922 Q.
194 2839 357 2907 Minucius
376 2842 534 2910 Thermus
553 2856 585 2909 et
602 2844 661 2911 Μ’.
671 2845 794 2910 Acilius
815 2843 946 2910 Glabrio
964 2843 1084 2910 tribuni
1100 2869 1106 2929 γ

133 2934 183 3000 bis
209 2957 278 3000 rem
303 2938 495 3023 nequiquam
522 2950 708 3026 temptatam
734 2941 774 3005 ab
796 2938 847 3005 Ti.
871 2935 1009 3005 Claudio
1038 2962 1096 3007 con

83 3045 116 3093 10
136 3028 197 3097 Cn.
217 3025 401 3097 Cornelium
424 3043 577 3121 temptare
601 3034 741 3100 aiebant:
773 3056 814 3099 ex
836 3033 1023 3099 auctoritate
1041 3045 1091 3121 pat

132 3123 232 3190 latum
250 3127 291 3190 ad
307 3128 459 3214 populum
478 3151 564 3207 esse,
584 3130 672 3195 cuius
692 3130 809 3195 vellent
825 3129 993 3216 imperium
1010 3129 1081 3196 inrl

134 3240 219 3299 esse,
239 3243 348 3288 omnes
367 3221 505 3307 quinque
524 3235 556 3289 et
573 3224 703 3311 triginta
720 3223 820 3289 tribus
838 3223 877 3289 P.
896 3220 1042 3310 Scipioni
1058 3225 1073 3289 i·

82 3331 112 3378 11
132 3312 256 3400 perium
281 3315 438 3382 decresse.
482 3318 590 3384 multis
613 3318 865 3386 contentionibus
888 3318 974 3383 etin
1000 3341 1066 3384 sena

133 3407 175 3472 ad
191 3410 344 3496 populum
362 3422 433 3477 acta
450 3434 501 3478 ree
519 3425 680 3500 postremo
699 3437 736 3480 eo
756 3413 892 3480 deducta
910 3424 968 3490 est,
987 3424 1025 3478 ut
1043 3437 1058 3479 s

81 3519 114 3567 12
132 3502 359 3589 permitterent.
394 3520 501 3593 patres
519 3508 616 3595 igitur
632 3508 726 3573 iurati
739 3547 766 3555 —
779 3507 824 3573 ita
841 3507 925 3572 enim
944 3529 1050 3574 conve

132 3611 337 3678 censueumt,
362 3601 409 3666 uti
427 3603 573 3668 consides
595 3603 774 3691 provincias
792 3604 874 3668 inter
893 3626 928 3668 se
946 3624 1040 3691 comp

133 3691 372 3772 sortirenturve,
398 3707 468 3761 uter
493 3697 633 3777 Italiam,
658 3708 728 3763 uter
755 3698 890 3763 classem
916 3697 1033 3762 naviun

80 3802 115 3852 13
132 3786 284 3873 quaginta
301 3787 447 3856 haberet:
479 3790 529 3856 oui
547 3792 658 3858 classis
677 3792 873 3870 obvenisset,
895 3792 929 3857 in
948 3789 1026 3858 Sici]

131 3878 268 3965 rigarem
288 3880 314 3946 si
331 3905 396 3970 pax
410 3904 482 3949 cum
493 3884 810 3974 Carthaginiensibus
826 3888 973 3975 componi
990 3912 1016 3953 n
