2528 4514
144 218 208 286 160
371 227 489 284 umus
506 224 680 297 xxm-45.
693 225 736 281 46.
756 225 939 297 [ancilib]

144 391 265 458 animos
288 387 435 474 erigeret,
462 383 625 451 Hannibal
646 383 746 448 multo
766 383 966 471 graviormus
988 386 1045 472 pro'

110 484 310 572 ecrepabat:
355 503 443 546 arma
469 481 622 566 signaque
648 479 759 543 eadem
786 500 996 558 senescere,
1031 503 1045 565 q

143 578 293 644 Trebiam
320 575 628 658 Trasumenumque,
659 581 819 658 postremo
845 573 887 638 ad
914 572 1041 639 Cannas

142 671 364 755 habueritque3
396 667 528 732 militem
554 667 651 732 alium
677 666 819 751 profecto
847 689 882 732 se
909 667 943 731 in
969 667 1045 733 hiber

111 789 240 853 apuam
262 763 405 840 duxisse,
436 762 534 827 alium
554 761 628 826 inde
650 761 808 827 eduxisse.
845 761 1040 848 ‘legatumne

143 883 220 926 num
246 869 278 925 et
298 857 432 944 legionis
454 856 548 921 unius
575 865 669 940 atque
696 856 764 921 alae
787 879 904 943 magno
931 872 1045 923 certam

143 953 282 1020 toleratis
299 974 454 1038 pugnam,
481 972 562 1035 quos
585 950 677 1016 binae
700 951 784 1016 acies
807 951 990 1018 consulares
1008 976 1045 1016 nu

108 1068 126 1116 e
145 1046 378 1113 sustinuerunt?
402 1045 574 1132 Marcellus
593 1044 693 1111 tirone
710 1045 808 1111 milite
826 1069 864 1111 ac
880 1045 1012 1112 Nolanis
1032 1071 1045 1112 s

142 1142 261 1207 inultus
278 1162 338 1206 nos
354 1140 419 1205 iam
436 1140 549 1204 iterum
570 1139 716 1205 lacessit?
753 1139 808 1205 ubi
829 1140 882 1205 ille
904 1141 996 1206 miles
1014 1165 1045 1206 m

143 1238 197 1323 qui
223 1246 330 1323 erepto
357 1258 397 1300 ex
419 1256 501 1319 equo
525 1232 563 1300 0.
581 1234 742 1300 Flaminio
764 1235 887 1301 consuli
913 1246 1008 1322 caput
1033 1260 1045 1301 a

109 1331 212 1411 subi,
244 1330 299 1417 qui
325 1330 366 1395 L.
393 1329 530 1395 Paulum
556 1329 597 1394 ad
625 1327 753 1395 Cannas
783 1330 917 1395 oceidit?
952 1331 1045 1396 ferrui

142 1425 257 1492 hebet?
290 1448 332 1490 an
358 1424 486 1488 dextrae
513 1423 656 1509 torpent?
685 1423 828 1508 enquid
855 1425 982 1512 prodigi
1003 1436 1045 1490 est

143 1522 198 1606 qui
218 1520 313 1607 pauci
335 1519 441 1605 plures
464 1518 589 1583 vincere
613 1518 695 1584 soliti
717 1519 807 1596 estis,
834 1541 919 1584 nunc
941 1521 1045 1606 paucis

142 1617 198 1682 vix
214 1614 360 1681 rostatis?
393 1614 530 1680 Romam
552 1635 609 1679 vos
629 1623 877 1701 expugnaturos,
906 1615 934 1681 si
953 1617 1023 1700 quis
1041 1641 1045 1675 t

93 1727 126 1776 ιο
143 1711 240 1777 fortes
266 1710 375 1796 lingua
398 1708 578 1774 iactabatis:
606 1730 646 1773 en
669 1709 770 1773 minor
790 1730 841 1774 res
865 1718 922 1775 est.
968 1710 1020 1774 hie

108 1829 111 1833 ·
142 1807 208 1871 vim
234 1805 444 1887 virtutemque
474 1803 556 1868 volo.
601 1812 780 1892 expugnate
806 1803 938 1883 Nolam,
971 1828 1045 1891 camp

143 1898 264 1975 urbem,
282 1920 347 1962 non
364 1897 502 1976 flumine,
521 1920 585 1963 non
602 1899 682 1963 mari
700 1908 851 1985 saeptam.
887 1897 962 1964 hinc
980 1923 1037 1965 vos

145 1991 293 2078 opulenta
315 1991 392 2056 urbe
417 1992 534 2076 praeda
562 1992 733 2077 spoliisque
756 2003 886 2059 onustos
908 1995 962 2059 vel
984 1996 1045 2060 duc

108 2130 111 2140 ,
143 2086 255 2150 voletis
274 2085 324 2150 vel
343 2086 478 2170 sequar’.

110 2200 123 2247 1
208 2180 415 2247 XXXXVI.
462 2180 530 2247 Nec
552 2182 632 2248 bene
649 2205 708 2247 nec
730 2183 812 2249 male
830 2184 915 2248 dicta
933 2185 1045 2269 profue

109 2293 125 2340 a
145 2275 373 2342 confirmandos
400 2277 532 2343 animos.
585 2299 658 2342 cum
680 2279 766 2342 omni
787 2287 875 2363 parte
901 2279 1043 2364 pelleren

143 2372 307 2455 manisque
333 2381 508 2459 crescerent
534 2373 630 2437 animi
656 2395 719 2439 non
746 2373 825 2439 duce
853 2373 956 2439 solum
983 2374 1045 2439 adh

143 2467 200 2530 sed
216 2464 346 2532 Nolanis
366 2468 460 2532 etiam
478 2490 534 2552 per
552 2467 734 2544 clamorem,
758 2468 875 2532 favoris
893 2469 1045 2546 indicem,

143 2560 289 2626 dentibus
307 2562 451 2626 ardorem
468 2583 609 2647 pugnae,
638 2573 726 2647 terga
743 2560 844 2626 Poeni
863 2562 1018 2627 dederunt
1036 2586 1045 2626 ι

108 2662 247 2720 acastra
274 2655 416 2740 conpulsi
443 2665 526 2721 sunt.
572 2677 652 2739 quae
679 2679 862 2742 oppugnare
886 2658 1041 2743 cupientis

143 2748 305 2813 Romanos
319 2749 490 2816 Marcellus
508 2750 622 2816 Nolam
641 2751 765 2816 reduxit
784 2774 856 2815 cum
874 2775 992 2838 magno
1010 2778 1045 2841 ga

143 2843 350 2928 gratulatione
370 2845 462 2909 etiam
480 2846 596 2932 plebis,
616 2869 696 2931 quae
715 2855 787 2911 ante
805 2847 983 2912 inclinatior
1002 2850 1044 2914 ad

108 2936 254 3002 aluerat.
298 2937 436 3004 hostium
462 2941 532 3025 plus
560 2942 699 3025 quinque
725 2942 811 3006 milia
837 2964 931 3007 caesa
958 2946 1045 3010 eod

144 3031 227 3117 capti
254 3034 392 3097 sexcenti
418 3044 449 3099 et
472 3036 563 3122 signa
588 3036 733 3101 militaria
754 3036 953 3124 undeviginti
976 3051 1007 3103 et
1030 3042 1045 3104 d

108 3126 264 3211 ophanti,
293 3136 439 3211 quattuor
454 3131 488 3194 in
505 3130 572 3195 acie
594 3131 704 3209 occisi3
730 3131 947 3196 Romanorum
970 3135 1045 3198 mim

141 3221 307 3286 interfecti.
334 3232 494 3307 posterum
508 3225 591 3290 diem
609 3225 737 3290 indutiis
752 3225 853 3291 tacitis
873 3226 1045 3311 sepeliend

143 3335 204 3397 que
223 3336 332 3381 caesos
350 3317 384 3379 in
406 3318 472 3383 acie
494 3327 764 3405 consumpserunt.
810 3319 910 3404 spolia
932 3321 1045 3387 hostirn

109 3407 256 3487 ocellus,
284 3408 428 3476 Vulcano
451 3421 573 3490 votum,
600 3414 758 3479 cremavit.
812 3414 904 3479 tertio
926 3428 1001 3501 post
1025 3419 1046 3482 d

142 3502 221 3566 iram
244 3504 337 3569 credo
358 3506 497 3590 aliquam
522 3518 576 3573 aut
599 3531 688 3594 spem
715 3508 900 3573 liberalioris
928 3511 1045 3577 militia

142 3596 225 3661 centi
239 3600 438 3686 septuaginta
451 3601 514 3666 duo
527 3603 661 3687 equites,
680 3602 771 3668 mixti
782 3601 941 3669 Numidae
958 3603 1017 3692 [et]
1029 3607 1045 3671 I

142 3690 183 3754 ad
200 3689 388 3757 Marcellum
406 3695 650 3784 transfugerunt.
696 3720 804 3763 eorum
822 3699 897 3763 forti
914 3699 1045 3785 fideliqu

109 3783 175 3851 tin
201 3807 239 3849 eo
264 3784 348 3851 bello
374 3788 424 3853 usi
450 3799 522 3854 sunt
549 3814 642 3877 saepe
668 3792 813 3857 Romani.
859 3816 935 3879 ager
962 3795 1045 3881 Hisp

142 3875 299 4033 {inponis
317 3891 349 3946 et
364 3880 510 3950 Numidis
528 3885 561 3949 in
577 3885 689 3950 Africa
706 3896 778 3972 post
795 3886 914 3952 bellum
937 3889 1046 3954 virtuti

110 4034 112 4037 .
165 3992 235 4037 aus
253 3983 310 4041 est
