2528 4530
287 240 409 299 amaa
424 242 555 313 xx1111,
573 241 696 299 rs-ar.
715 242 942 317 [semmaa]
1067 236 1133 305 207

92 424 170 468 cum
200 399 514 489 Carthaginiensibus
545 400 678 481 bellum,
714 402 747 468 in
772 412 960 489 potestatem
989 405 1134 477 redactos

96 495 155 563 sub
175 517 293 562 corona
309 496 518 562 vendiderunt
534 496 708 581 urbemque
726 519 834 563 eorum
852 497 1003 567 delerunt.

159 588 375 655 XXXXIII.
419 589 512 656 Haec
529 589 562 655 in
574 589 734 677 Hispania
746 590 787 674 Q.
801 591 916 671 Fabiu,
935 591 983 659 M
999 592 1133 662 Claudio
1152 618 1166 665 1

100 682 279 751 oonsulibus
296 694 397 773 gesta
442 684 565 751 Romae
587 707 659 751 cum
681 684 798 751 tribuni
818 684 921 771 plebis
942 688 1017 754 novi
1034 711 1168 777 magra

103 787 229 843 stratum
242 778 390 857 inissent,
409 777 567 866 extemplo
581 778 764 845 censoribus
774 778 812 844 P.
821 779 919 847 Furio
933 790 964 847 et
975 780 1024 847 M
1034 782 1134 850 Atilio

105 869 213 960 s[M]
231 870 364 938 Metello
385 871 509 938 tribuno
530 872 632 959 plebis
655 873 722 938 dies
740 873 825 937 dicta
846 874 887 938 ad
903 875 1056 962 populum
1075 887 1132 943 est.

109 976 296 1050 quaestorem
319 988 391 1031 eum
412 966 557 1053 proximo
579 989 661 1032 anno
684 966 833 1054 adempto
854 989 935 1053 equo
957 969 1041 1035 tribu
1066 991 1168 1039 nro-a

110 1071 206 1127 serant
223 1071 318 1145 atque
337 1061 491 1126 aerarium
508 1059 648 1127 fecerant
663 1070 792 1148 propter
814 1061 1060 1128 coniurationem
1078 1063 1133 1130 de·

114 1155 247 1220 serendae
269 1152 381 1220 Italiae
402 1156 444 1220 ad
467 1152 596 1221 Cannas
617 1155 745 1221 factam.
790 1166 839 1223 set
859 1178 973 1223 novem
992 1157 1134 1223 tribuno-

113 1269 168 1313 rum
182 1247 300 1315 auxilio
317 1249 406 1314 vetiti
424 1271 553 1315 causam
570 1249 604 1313 in
620 1248 807 1336 magistratu
825 1249 929 1317 dicere
947 1250 1132 1336 dimissique

118 1340 227 1409 iuuant.
272 1364 313 1408 ne
338 1342 473 1407 lustrum
496 1342 681 1430 perlicerent
702 1366 787 1409 mors
809 1342 969 1430 prohibuit
985 1342 1026 1410 P.
1043 1342 1167 1416 Furti

120 1431 280 1503 hunnus
298 1437 486 1524 magistratu
504 1459 538 1502 se
557 1437 725 1503 abdicavit.

168 1528 299 1597 Comitia
320 1531 497 1598 consularia
517 1531 625 1597 habita
647 1532 687 1598 ab
711 1531 752 1615 Q.
771 1532 872 1598 Fabio
890 1531 1034 1598 Maximo
1056 1553 1166 1608 con-5

121 1621 176 1691 sule.
207 1626 306 1691 creati
324 1625 470 1692 consules
489 1624 582 1692 ambo
601 1625 747 1691 absentes
768 1624 809 1711 Q.
828 1625 948 1693 Fabius
966 1624 1129 1692 Maximus

120 1718 230 1785 ansulis
248 1719 333 1785 filius
352 1730 384 1785 et
401 1720 451 1784 Ti.
472 1717 679 1806 Sempronius
698 1717 864 1787 Gracchus
881 1721 1004 1786 iterum.
1039 1740 1166 1808 prae-s

120 1818 179 1877 tues
197 1813 278 1879 fiunt
299 1812 347 1879 M
366 1813 484 1879 Atilius
506 1824 551 1893 et,
579 1814 633 1898 qui
654 1822 722 1881 tum
744 1814 861 1880 aediles
884 1814 1008 1881 curules
1031 1825 1128 1894 erant,

119 1900 143 1971 P.
157 1904 359 1995 Sempronius
378 1908 556 1975 Tuditanus
584 1919 614 1973 et
638 1907 697 1974 On.
720 1908 853 1975 Fulvius
878 1907 1074 1975 Centimalus
1098 1919 1130 1977 et

117 1994 311 2068 lidemilius
328 2002 483 2088 Lepidus.
518 2003 610 2069 ludos
630 2003 770 2069 scenicos
788 2026 845 2089 per
862 2003 1072 2088 quadriduum
1091 2025 1129 2070 eo
1148 2025 1162 2071 r

117 2114 177 2163 tune
191 2098 330 2185 primum
348 2096 449 2162 factos
467 2096 507 2163 ab
526 2097 687 2163 curulibus
706 2097 860 2163 aedilibus
874 2099 1043 2164 memoriae
1055 2119 1129 2184 prc-

118 2186 184 2258 litur.
228 2191 339 2258 aedilis
358 2191 535 2258 Tuditanus
553 2191 605 2257 hic
623 2201 704 2270 erat,
732 2191 786 2276 qui
803 2192 845 2257 ad
864 2190 992 2258 Cannas
1010 2214 1127 2278 pavore
1145 2207 1162 2257 8

117 2281 165 2351 diis
179 2285 212 2353 in
229 2295 317 2351 tanta
334 2285 423 2351 clade
441 2286 636 2373 torpentibus
653 2307 711 2372 per
727 2285 849 2351 medios
866 2285 974 2352 hostes
993 2285 1092 2353 duxit.

158 2379 200 2446 Iis
214 2379 349 2448 comitiis
362 2380 510 2467 perfectis
525 2390 652 2447 auctore
662 2379 703 2463 Q
712 2379 814 2445 Fabio
828 2379 957 2446 consule
970 2380 1128 2468 designati
1145 2398 1160 2446 9

116 2476 236 2545 medes
254 2475 391 2543 Romam
408 2475 551 2542 accersiti
572 2473 792 2564 magistratum
815 2474 952 2540 inierrmt
968 2486 1128 2541 senatum-

115 2586 158 2651 que
170 2571 208 2638 de
226 2571 311 2639 bello
329 2594 367 2637 ac
382 2571 552 2658 provinciis
577 2571 642 2637 suis
664 2579 906 2657 praetorumque
928 2579 959 2636 et
981 2571 1021 2636 de
1039 2592 1128 2636 exer-

116 2660 216 2745 citibus,
236 2665 351 2752 quibus
370 2666 487 2751 quique
503 2676 701 2752 praeessent,
721 2665 953 2731 consuluerunt.

156 2758 380 2829 XXXXIIII.
415 2760 528 2846 Itaque
540 2761 721 2848 provinciae
738 2770 833 2846 atque
847 2760 1003 2828 exercitus
1017 2760 1125 2828 divisi:
1144 2775 1159 2825 1

113 2846 205 2923 belm
223 2878 297 2923 cum
310 2855 492 2923 Hannibale
509 2855 692 2922 consulibus
711 2856 895 2922 mandatum
909 2868 940 2922 et
953 2857 1126 2925 exercitum

114 2964 187 3031 snus,
210 2973 308 3036 quem
325 2951 394 3038 ipse
413 2948 620 3038 Sempronius
638 2950 805 3030 habuerat,
832 2952 924 3031 alter,
951 2974 1046 3037 quem
1063 2952 1127 3018 Fa·

113 3034 165 3109 bius
178 3045 298 3113 consul.
335 3067 390 3111 eae
407 3044 500 3111 binae
519 3055 606 3111 erant
622 3043 764 3132 legiones
769 3070 779 3125 ;
797 3044 845 3111 M.
859 3045 1017 3112 Aemilius
1034 3059 1159 3132 prae-a

83 3138 159 3215 ;tr,
177 3140 267 3207 cuius
294 3141 460 3227 peregrina
486 3162 554 3206 sors
581 3149 661 3218 erat,
688 3140 765 3205 iuris
792 3140 927 3207 dictione
953 3138 1001 3205 M
1024 3139 1126 3206 Atilio

120 3226 227 3323 &fugae
253 3235 390 3322 praetori
416 3234 537 3303 urbano
563 3236 712 3302 mandata
732 3235 904 3301 Luceriam
930 3233 1125 3321 provinciam

74 3358 82 3377 -·
119 3314 216 3397 hinet
241 3329 446 3417 legionesque
473 3329 566 3409 duas,
599 3328 713 3414 quibus
742 3327 783 3414 Q.
809 3328 944 3408 Fabius,
976 3327 1031 3413 qui
1057 3338 1126 3393 tum

116 3420 198 3489 osu
213 3432 295 3502 erat,
321 3435 446 3511 praetor
463 3423 651 3511 praefuerat.
694 3422 734 3489 P.
754 3421 942 3510 Sempronio
963 3422 1125 3509 provincia
1141 3435 1158 3484 3

113 3502 283 3597 hunnum,
302 3515 364 3583 Cn.
374 3517 489 3584 Fulvio
499 3515 654 3585 Suessula
666 3539 740 3584 cum
752 3517 835 3583 binis
853 3517 928 3582 item
945 3515 1123 3605 legionibus

112 3619 273 3692 aruerunt,
301 3622 336 3677 ut
362 3612 495 3678 Fulvius
522 3610 659 3678 urbanas
685 3611 826 3699 legiones
852 3610 993 3688 duceret,
1026 3609 1125 3675 Tudi-

111 3700 182 3771 ΝΜ
198 3728 217 3772 a
232 3705 283 3773 M
300 3705 479 3793 Pomponio
502 3707 666 3793 acciperet.
709 3715 878 3794 prorogata
898 3703 1030 3791 imperia
1050 3715 1159 3791 pro-4

112 3789 284 3886 monsque,
303 3800 351 3868 M.
366 3800 502 3868 Claudio
517 3800 627 3869 Sicilia
643 3801 759 3867 finibus
778 3801 838 3881 eis,
857 3799 971 3886 quibus
989 3821 1124 3888 regnum

112 3876 236 3962 ffitronis
253 3894 380 3977 fuisset,
407 3896 547 3963 Lentulo
564 3895 758 3984 propraetori
775 3893 936 3982 provincia
953 3904 1059 3975 vetus,
1082 3892 1122 3960 Τ.

114 3971 225 4056 Otacilio
242 3990 391 4058 classis-
406 3992 560 4059 exercitus
579 3990 657 4056 nulli
675 3989 772 4056 additi
790 3990 864 4056 novi
872 4029 913 4063 -.
930 3989 979 4056 Μ.
993 3988 1121 4056 Valerio
1139 4004 1156 4057 t
