2528 4514
143 205 208 272 408
385 213 503 270 LIBER
521 212 663 283 XXVlIl,
681 213 726 268 22.
745 216 784 281 [a.
792 230 819 268 u.
830 229 854 268 c
864 212 928 282 548]

146 374 320 464 appellant,
346 373 426 438 duas
445 371 611 459 opulentas
630 370 773 437 civitates
793 370 861 437 sine
880 370 1052 437 certamine
1071 370 1155 439 inde

111 472 297 542 aditionem
323 467 455 554 accepit.
498 468 626 553 Astapa
650 466 728 532 urbs
756 477 837 544 erat,
865 463 1158 555 Carthaginiensium

147 588 272 653 semper
288 562 402 650 partis3
421 583 524 645 neque
541 561 576 625 id
593 571 659 626 tam
672 560 804 648 dignum
821 560 870 625 ira
883 572 967 640 erat,
986 584 1080 646 quam
1092 563 1158 647 quod

147 671 236 727 extra
253 659 460 724 necessitates
477 656 553 721 belli
570 655 776 744 praecipuum
792 655 826 720 in
842 655 1010 723 Romanos
1028 659 1159 745 gerebant

112 780 128 828 3
147 754 264 843 odium.
308 773 368 817 nec
385 752 497 817 urbem
515 761 569 816 aut
587 751 650 815 situ
673 762 727 817 aut
748 749 946 816 munimento
964 762 1066 817 tutam
1082 752 1158 817 habe

145 850 236 926 baut,
255 870 336 932 quae
354 846 524 913 ferociores
542 845 581 910 iis
604 846 726 912 animos
744 845 878 924 faceret,
906 847 966 913 sed
986 846 1111 935 ingenia
1122 847 1158 910 iu-

147 943 286 1009 colarum
320 941 484 1008 latrocinio
519 941 603 1006 laeta
636 952 673 1005 ut
708 940 911 1007 excursiones
947 942 982 1006 in
1012 942 1156 1007 finitimum

148 1061 260 1126 agrum
286 1037 444 1103 sociorum
468 1036 579 1123 populi
599 1036 738 1102 Romani
763 1035 905 1102 facerent
932 1036 1157 1123 impulerantet
1187 1070 1195 1125 q

146 1157 247 1221 uagos
265 1133 380 1198 milites
390 1133 554 1199 Romanos
573 1132 717 1217 lixasque
736 1142 768 1196 et
779 1142 972 1198 mercatores
986 1133 1156 1220 exciperent
1189 1134 1195 1177 t

112 1252 298 1315 umaguum
329 1228 424 1293 etiam
457 1227 658 1305 comitatum,
694 1227 770 1312 quia
794 1227 904 1314 paucis
936 1251 1052 1315 parum
1076 1238 1157 1291 tutum
1192 1270 1195 1317 g

146 1323 264 1401 fuerat,
294 1322 579 1409 transgredientem
600 1321 681 1387 fines
703 1322 816 1408 positis
837 1321 961 1387 insidiis
984 1322 1157 1388 circumuen-

113 1441 128 1487 5
147 1427 214 1481 tum
230 1416 338 1501 iniquo
355 1416 426 1482 loco
444 1415 679 1481 interfecerunt.
706 1417 748 1481 ad
764 1417 847 1481 hanc
863 1417 978 1482 urbem
993 1438 1157 1503 oppugnau-

147 1512 221 1576 dam
243 1532 315 1576 cum
338 1511 484 1576 admotus
507 1511 663 1576 exercitus
686 1521 785 1589 esset,
812 1511 967 1598 oppidani
987 1508 1156 1578 conscientia

147 1607 317 1686 scelerum,
336 1607 411 1691 quia
427 1628 487 1672 nec
505 1607 623 1673 deditio
642 1617 709 1672 tuta
727 1608 768 1672 ad
786 1616 850 1673 tam
864 1607 1001 1674 infestos
1015 1607 1155 1673 videbatur

146 1723 250 1785 neque
269 1725 342 1789 spes
360 1701 526 1767 moenibus
546 1712 600 1766 aut
618 1702 713 1767 armis
732 1703 868 1767 tuendae
891 1701 1099 1780 salutiensi,
1120 1700 1155 1764 h·

38 1820 41 1824 ·
113 1817 128 1864 e
147 1795 236 1861 cinus
254 1795 287 1867 in
305 1819 341 1862 se
359 1818 396 1861 ac
415 1819 490 1862 suos
507 1795 638 1862 foedum
656 1818 692 1861 ac
710 1796 813 1861 ferum
826 1796 1040 1862 consciscunt.
1072 1796 1153 1861 locum

146 1892 180 1956 in
197 1892 267 1957 soro
286 1891 460 1970 destinant,
487 1913 550 1976 quo
572 1891 803 1979 pretiosissima
822 1915 930 1957 rerum
952 1914 1080 1958 suarum
1098 1912 1152 1956 oon·

146 1996 302 2072 gererent.
347 2009 533 2072 supereum
555 1987 716 2051 cumulum
737 1988 887 2074 coniuges
907 2008 946 2052 ac
967 1986 1083 2053 liberos
1098 2007 1151 2050 oon

149 2079 251 2145 sidere
270 2101 341 2146 cum
358 2080 540 2159 iussissent,
567 2081 656 2168 ligna
673 2091 821 2146 extruunt
837 2082 1009 2165 fascesque
1027 2079 1152 2168 virgulto
1192 2150 1195 2157 ,

113 2196 216 2240 urum
244 2176 410 2242 coniciunt.
460 2177 688 2263 quinquaginta
714 2177 827 2243 deinde
854 2177 984 2242 armatis
1013 2175 1151 2242 iuvenibus
1190 2231 1195 2237 .

145 2272 356 2359 praecipiunt,
392 2284 440 2352 ut,
478 2274 579 2339 donec
604 2273 743 2339 incertus
772 2284 903 2339 eventus
929 2297 1059 2361 pugnae
1080 2280 1151 2346 esset,
1188 2314 1195 2353 :

145 2368 340 2454 praesidium
375 2391 412 2434 eo
447 2369 517 2433 loco
548 2368 747 2433 fortunarum
777 2391 906 2433 suarum
936 2387 1152 2455 corporumque,
1193 2432 1195 2437 ,

111 2477 127 2525 8
147 2485 227 2547 quae
246 2463 367 2529 cariora
385 2462 519 2528 fortunis
534 2474 655 2541 essent,
675 2474 851 2529 servarent:
870 2463 897 2528 si
914 2486 985 2528 rem
998 2465 1153 2529 inclinatam

145 2559 290 2624 viderent
307 2569 401 2642 atque
418 2558 452 2621 in
470 2580 507 2622 eo
524 2557 588 2622 iam
606 2580 693 2636 esse,
710 2568 747 2622 ut
763 2558 839 2622 urbs
854 2570 1033 2645 caperetur,
1053 2559 1154 2629 scirent,
1192 2628 1195 2639 ,

146 2653 263 2731 omnis,
283 2676 362 2738 quos
381 2652 484 2718 euntis
501 2652 535 2716 in
551 2652 707 2739 proelium
720 2665 893 2731 cernerent,
912 2666 1050 2719 mortem
1062 2654 1094 2718 in
1104 2653 1156 2738 ipsu

111 2759 255 2834 upugna
281 2748 441 2825 obituros3
484 2747 556 2812 illos
584 2769 702 2833 seper
729 2748 805 2812 deos
834 2771 967 2834 superos
996 2749 1156 2832 inferosque

145 2863 249 2917 orare,
285 2852 321 2905 ut
345 2863 501 2907 memores
528 2841 696 2919 libertatis,
733 2863 813 2925 quae
839 2842 893 2907 illo
921 2842 974 2909 die
1003 2855 1058 2909 aut
1078 2849 1157 2907 mortu

145 2935 279 2999 honesta
302 2946 356 3000 aut
378 2936 527 3001 servitute
549 2934 660 3000 infami
680 2935 819 3001 finienda
841 2948 945 3015 esset,
979 2938 1059 3003 nihil
1084 2935 1158 3002 reliu-

96 3050 126 3098 10
145 3039 291 3112 querant,
318 3029 352 3094 in
379 3030 464 3114 quod
491 3031 612 3096 saevire
638 3031 736 3096 iratus
764 3031 864 3097 hostis
890 3045 1015 3118 posset.
1060 3033 1156 3099 ferruu

144 3123 313 3211 ignemque
335 3123 368 3188 in
389 3125 534 3189 manibus
558 3147 639 3191 esse.
683 3125 802 3190 amicae
825 3147 863 3190 ac
884 3127 998 3193 fideles
1017 3128 1117 3216 potius
1131 3145 1156 3189 eu

138 3216 225 3303 'quae
242 3218 382 3304 peritura
399 3231 507 3284 essent
524 3220 726 3285 absumerent
742 3243 855 3286 manus
874 3242 971 3304 quam
990 3223 1157 3289 insultarent

93 3335 123 3383 11
145 3312 281 3399 superbo
308 3311 442 3378 ludibrio
468 3313 579 3378 hostis.
632 3314 682 3379 his
713 3314 988 3382 adhortationibus
1021 3312 1156 3382 exematiu

144 3407 213 3471 dira
235 3406 370 3484 adiecta,
399 3406 542 3490 siquem
565 3408 763 3494 aproposito
786 3432 860 3496 spes
882 3409 1059 3476 mollitiave
1081 3403 1156 3475 animi

142 3501 294 3567 flexisset.
329 3501 403 3566 inde
422 3503 576 3568 concitato
595 3504 720 3590 agmine
737 3504 920 3590 patentibus
938 3507 1042 3593 portis
1055 3497 1156 3592 ingenui

93 3618 124 3664 12
144 3596 280 3661 tumultu
299 3608 475 3683 erumpunt.
511 3620 614 3682 neque
633 3609 700 3664 erat
716 3599 782 3663 ulla
800 3599 877 3665 satis
895 3599 990 3666 firma
1008 3600 1098 3666 statio
1114 3620 1156 3683 op

142 3692 260 3778 posita,
279 3691 354 3774 quia
370 3691 448 3756 nihil
464 3692 569 3759 minus
588 3715 683 3778 quam
699 3704 736 3758 ut
753 3694 862 3781 egredi
880 3694 992 3762 hostes
1010 3694 1156 3762 moenibus

143 3787 295 3852 auderent
313 3787 414 3852 timeri
432 3799 569 3873 poterat:
586 3811 765 3875 perpaucae
784 3790 925 3874 equitum
943 3801 1066 3856 turmae
1079 3787 1155 3854 levir

143 3901 204 3963 que
219 3891 376 3947 armatura
387 3894 517 3969 repente
531 3906 549 3949 e
562 3883 674 3949 castris
690 3884 731 3949 ad
743 3883 777 3949 id
784 3884 891 3970 ipsum
900 3886 1019 3951 emissa
1027 3880 1154 3951 occurrit

92 3993 123 4041 13
143 3974 243 4039 acrior
261 3975 382 4061 impetu
401 3988 494 4062 atque
513 3977 624 4044 animis
644 4001 738 4063 quam
757 3979 968 4066 compositior„
979 3979 1044 4045 ullo
1061 3975 1154 4044 ordine
