2528 4514
214 237 278 302 344
436 247 554 303 nnana
571 245 700 316 xxvn,
720 244 761 300 rc.
777 245 818 299 17.
839 244 1024 315 [aueum]

178 428 193 480 o
211 407 311 491 linqui
328 404 429 471 iussit.
473 427 582 469 murus
600 404 687 481 inde,
715 403 769 487 qui
787 401 898 468 urbem
921 403 963 469 ab
982 424 1055 468 arce
1071 403 1217 484 dirimebat,

213 502 334 567 dirutus
353 511 402 567 est
419 522 456 566 ac
473 501 633 565 disiectus.

276 596 366 661 Dum
383 595 462 661 haec
480 604 627 681 aguntur,
656 593 832 674 Hannibal,
858 597 887 660 ls
910 595 966 680 qui
984 594 1166 662 Cauloniam
1179 597 1219 664 oh

162 712 194 759 10
213 689 357 756 sidebant
373 690 407 754 in
424 689 614 755 deditionem
632 688 781 774 acceptis,
805 689 912 756 audita
930 691 1159 778 oppugnatione
1173 691 1219 756 Ta

212 785 293 850 renti
315 784 382 849 dies
404 793 575 867 noctesque
597 784 713 848 cursim
735 784 861 869 agmine
883 793 968 863 acto,
997 806 1074 851 cum
1095 784 1219 851 festinam

214 879 255 943 ad
278 899 371 963 opem
392 877 554 942 ferendam
576 887 700 963 captam
721 875 832 942 urbem
854 878 1010 957 audisset,
1046 884 1093 944 ‘et
1113 878 1218 944 Romani

213 995 307 1038 suum
324 970 551 1037 Hannibalem'
567 971 669 1055 inquit
687 969 832 1035 ‘habentt
851 971 962 1036 eadem
979 993 1046 1056 qua
1064 992 1217 1060 ceperamus

162 1087 192 1134 11
212 1076 278 1131 arte
296 1065 469 1131 Tarentum
487 1064 673 1129 amisimus’
708 1086 748 1129 ne
766 1074 872 1129 tamen
888 1064 1044 1152 fugienda
1062 1067 1152 1134 modo
1165 1086 1218 1132 ocn-

212 1161 343 1226 vertisse
362 1181 476 1247 agmen
494 1159 664 1236 videretur,
691 1181 754 1243 quo
772 1159 976 1226 constituerat
993 1160 1082 1240 loco,
1109 1162 1217 1248 quinque

210 1257 297 1322 milia
318 1256 418 1320 ferme
440 1255 481 1320 ab
502 1253 579 1320 urbe
602 1256 707 1341 posuit
729 1264 840 1321 castra.
889 1256 934 1321 ibi
960 1279 1083 1343 paucos
1107 1266 1218 1322 moratu
1253 1280 1256 1318 ε

162 1368 193 1415 12
212 1351 280 1416 dies
297 1351 517 1436 Metapontum
540 1371 610 1414 sese
631 1350 757 1435 recepit
805 1349 878 1414 inde
905 1350 986 1416 duos
1009 1349 1216 1437 Metapontinos

211 1467 283 1510 cum
300 1443 410 1509 litteris
429 1443 604 1528 principum
622 1443 689 1508 eius
709 1443 842 1509 civitatis
860 1444 902 1508 ad
917 1442 1058 1510 Fabium
1075 1445 1216 1513 'Parenta

211 1538 318 1616 mittit,
345 1537 440 1602 fidem
463 1536 503 1602 ab
530 1537 658 1602 consule
685 1547 883 1622 accepturos,
910 1537 1058 1624 inpunita
1078 1539 1119 1604 iis
1141 1538 1215 1626 pria

211 1632 291 1709 fore,
320 1633 347 1696 si
368 1631 590 1716 Metapontum
618 1629 685 1716 (iis)
709 1652 780 1695 cum
807 1631 965 1716 praesidio
991 1631 1118 1698 Punico
1141 1628 1215 1719 prnd-

161 1745 192 1792 13
211 1726 339 1790 dissent.
383 1724 502 1790 Fabius
528 1747 603 1790 vera
629 1746 709 1808 quae
736 1724 894 1790 adferrent
920 1747 991 1791 esse
1018 1737 1122 1805 ratus,
1150 1726 1214 1800 dien,
1245 1724 1256 1735 “

155 1866 164 1891 s
211 1841 273 1903 qua
299 1840 484 1884 accessurus
512 1828 596 1884 esset
612 1818 848 1904 Metapontum,
876 1820 1041 1885 constituit
1066 1821 1214 1903 litterasque

210 1914 251 1978 ad
277 1913 433 1998 principes
461 1913 559 1990 dedit,
595 1934 676 1997 quae
702 1914 743 1977 ad
770 1911 985 1980 Hannibalem
1013 1915 1135 1981 delatae
1158 1922 1213 1980 sm

160 2027 194 2072 14
211 2006 368 2071 enimvero
394 2006 495 2071 laetus
523 2028 672 2072 successu
697 2006 831 2085 fraudis,
859 2007 887 2072 si
912 2029 952 2072 ne
969 2007 1095 2075 Fabius
1120 2007 1213 2094 quidm
1250 2022 1256 2079 ἶ

209 2100 282 2165 dolo
313 2100 448 2165 invictus
479 2101 609 2179 fuisset,
645 2101 731 2165 haud
760 2101 869 2187 procul
895 2102 1087 2188 Metaponto
1116 2101 1214 2168 inodo
1247 2142 1256 2153 -

162 2215 192 2261 15
211 2195 307 2280 ponit.
350 2194 451 2259 Fabio
474 2195 662 2281 auspicanti,
690 2196 872 2281 priusquam
895 2197 1101 2282 egrederetur
1121 2197 1157 2262 ab
1173 2193 1215 2259 la·

209 2298 311 2366 rento,
339 2311 413 2354 aves
442 2289 538 2354 semel
564 2299 658 2373 atque
684 2290 797 2354 iterum
818 2312 882 2354 non
904 2291 1111 2372 addixerunt3
1142 2287 1215 2356 hostis
1247 2305 1256 2343 ε’

209 2406 334 2467 quoque
353 2406 446 2448 caesa
461 2384 635 2454 consulenti
649 2384 724 2449 deos
738 2384 896 2470 haruspex
911 2387 1092 2451 cavendum
1106 2381 1216 2452 afiarta

159 2497 191 2544 16
209 2478 316 2543 hostili
344 2488 375 2543 et
401 2477 441 2543 ab
467 2477 588 2542 insidiis
615 2479 803 2564 praedixit.u
822 2478 1052 2563 Metapontini,
1081 2490 1215 2567 postqum

210 2573 251 2636 ad
270 2573 473 2637 constitutum
490 2595 553 2636 non
572 2581 699 2636 venerat
718 2572 814 2649 diem,
841 2573 965 2637 remissi
987 2583 1025 2638 ut
1048 2582 1215 2640 cunctautm

209 2666 408 2730 hortarentur
426 2688 462 2731 ac
484 2675 611 2750 repente
634 2666 841 2752 conprehensi
863 2677 949 2731 metu
971 2669 1130 2754 gravioris
1151 2683 1217 2752 quat-

210 2759 320 2823 stionis
339 2759 490 2846 detegunt
508 2760 647 2824 insidias.
1250 2774 1256 2813 :

177 2871 190 2916 1
274 2851 388 2917 XVII.
441 2851 583 2918 Aestatis
602 2854 669 2919 eius
687 2854 853 2940 principie,
880 2874 944 2938 qua
960 2854 1044 2921 haec
1062 2855 1217 2944 agebantur

209 2944 248 3008 P.
269 2942 376 3031 Scipio
398 2946 432 3011 in
453 2946 611 3033 Hispania
632 2970 705 3012 curn
726 2947 862 3012 hiemem
883 2957 983 3012 totam
1006 2943 1217 3016 reconciliando

209 3035 413 3105 barbarorum
435 3041 547 3106 animis
573 3042 687 3126 partim
710 3042 815 3118 donis,
841 3041 955 3127 partim
978 3044 1165 3110 remissione
1180 3037 1218 3104 ol·

210 3134 313 3198 sidum
328 3136 584 3219 captivorumque
600 3135 838 3221 absumpsisset,
856 3135 986 3200 Edesco
1000 3138 1043 3201 ad
1057 3160 1131 3202 eum
1143 3137 1218 3202 dam

175 3245 191 3292 a
209 3228 289 3292 inter
306 3229 402 3293 duces
420 3228 585 3314 Hispanos
603 3230 698 3294 venit,
743 3238 831 3295 erant
848 3229 986 3294 coniunx
1004 3230 1158 3317 liberique
1172 3228 1217 3293 dn

209 3323 293 3408 apud
310 3323 487 3401 Romanos3
515 3323 571 3387 sed
588 3333 711 3409 praeter
728 3346 797 3388 eam
815 3346 944 3389 causam
962 3325 1061 3390 etiam
1080 3326 1164 3391 velut
1175 3321 1219 3386 lor-

208 3417 287 3479 tuita
304 3416 464 3481 inclinatio
483 3417 671 3494 animorum,
699 3439 780 3501 quae
798 3417 991 3503 Hispaniam
1010 3440 1139 3484 omnem
1155 3435 1217 3483 aver·

174 3530 190 3576 3
209 3517 288 3574 terat
305 3510 346 3574 ad
363 3510 542 3575 Romanum
560 3535 579 3575 a
596 3511 718 3576 Punico
736 3512 881 3598 imperio,
900 3511 996 3576 traxit
1014 3534 1100 3578 eum.
1135 3510 1218 3577 eadem

210 3625 306 3668 causa
327 3603 456 3669 Indibili
477 3603 712 3690 Mandonioque
734 3605 808 3684 fuit,
835 3605 920 3670 haud
943 3606 1040 3672 dubie
1064 3607 1164 3672 omnis
1177 3599 1219 3668 lli

209 3698 337 3782 spaniae
355 3699 562 3785 principibus,
591 3722 663 3764 cum
687 3700 771 3764 omni
793 3700 993 3786 popularium
1017 3723 1116 3766 manu
1136 3698 1219 3764 relicto

207 3790 410 3858 Hasdrubale
429 3794 595 3859 secedendi
617 3794 650 3858 in
667 3795 857 3860 imminentis
876 3795 988 3860 castris
1007 3795 1078 3862 eius
1095 3790 1219 3862 rumulo

209 3886 292 3950 unde
317 3908 374 3972 per
406 3889 595 3953 continentia
621 3889 697 3974 iuga
727 3897 812 3954 tutus
839 3898 984 3975 receptus
1012 3889 1054 3954 ad
1082 3889 1219 3954 uonna

174 3989 301 4044 resset.
354 3980 555 4060 Hasdrubal,
592 4004 664 4048 cum
694 3981 834 4049 hostium
863 4004 913 4049 res
944 3983 1040 4049 tantis
1073 3992 1220 4070 argeste!t
