2528 4514
144 190 207 259 346
366 201 484 257 nnana
501 200 629 271 xxvn,
649 200 692 256 11.
706 199 749 254 11.
768 197 954 269 [111111]

143 387 180 430 eo
199 363 250 428 die
266 362 299 427 in
315 359 486 446 hospitium
504 357 648 437 abducti,
674 365 800 443 postero
823 356 875 422 die
897 355 1026 423 foedera
1045 367 1145 444 accepta

141 459 222 524 fides
249 454 441 537 demissique
467 453 508 517 ad
534 452 640 538 copias
667 451 880 517 adducendas.
933 450 1037 517 ladem
1058 451 1145 517 deinde
1184 528 1186 538 Ι

142 551 253 617 castris
279 546 462 626 tendebant,
490 546 590 612 donec
616 545 749 612 ducibus
776 548 803 611 ts
830 546 872 611 ad
898 544 1025 613 hostem
1043 568 1147 633 perven-
1182 549 1184 555 ’

143 654 210 708 tum
228 653 286 710 est.

110 761 124 807 1
207 735 338 803 XVIII.
382 735 550 801 Proximus
575 731 884 820 Carthaginiensium
911 732 1066 799 exercitus
1083 731 1147 797 Has·

144 830 281 897 drubalis
298 851 396 916 prope
414 827 523 895 urbem
531 827 703 893 Baeculam
721 837 796 892 erat.
827 848 886 914 pro
905 827 1019 893 castris
1036 826 1145 911 equitnn

107 924 293 995 astationes
310 920 477 988 habebant.
521 922 554 987 in
576 943 629 986 eas
652 920 762 987 velites
785 920 1049 1007 antesignanique
1067 918 1145 1002 etqui
1181 928 1189 961 '-

142 1017 236 1104 primi
261 1015 395 1104 agminis
424 1024 524 1094 erant,
553 1013 747 1080 advenientis
774 1037 814 1079 ex
839 1014 967 1092 itinere,
995 1013 1145 1100 priusqam

143 1110 253 1176 castris
274 1110 379 1176 locum
401 1118 560 1196 caperent,
589 1108 667 1174 adeo
690 1108 895 1194 contemptim
915 1109 1068 1195 impetum
1086 1107 1146 1173 1111·

142 1213 228 1282 runt,
256 1213 292 1269 ut
317 1202 410 1269 facile
435 1211 611 1289 appareret,
639 1201 715 1286 quid
741 1202 865 1285 utrique
890 1203 977 1288 parti
1001 1203 1145 1269 animorum
1179 1209 1182 1219 '

108 1321 125 1371 a
144 1307 236 1364 esset.
271 1297 306 1361 in
323 1306 425 1363 castra
443 1297 564 1383 trepida
581 1297 659 1384 fuga
675 1294 820 1382 conpulii
837 1297 960 1381 equites
980 1305 1053 1362 sunt
1069 1296 1145 1383 signa·

108 1416 126 1461 4
144 1415 206 1478 que
222 1391 367 1457 Romana
383 1392 482 1479 portis
500 1414 598 1477 prope
618 1390 696 1477 ipsis
713 1391 819 1455 inlata.
863 1401 961 1475 atque
979 1391 1033 1457 illc
1049 1390 1146 1475 quidm

111 1539 113 1542 v
143 1488 195 1552 die
218 1485 350 1551 inritatis
378 1495 499 1550 tantum
525 1485 566 1550 ad
592 1494 750 1551 certamen
775 1483 888 1549 animis
914 1480 1145 1559 1111111111οὲ

106 1589 323 1667 aposuerunt
369 1589 460 1645 nocte
481 1577 666 1645 Hasdrubal
691 1579 724 1643 in
750 1578 905 1643 tumulum
932 1579 1042 1664 copias
1065 1574 1146 1663 rec'qi
1178 1586 1180 1591 ’

142 1675 237 1762 plano
255 1697 366 1761 campo
383 1674 417 1739 in
436 1697 559 1740 summo
575 1682 747 1760 patentem:
773 1673 889 1739 fluvius
911 1672 954 1739 ab
973 1683 1076 1761 tergo,
1098 1678 1146 1737 nott

143 1770 287 1852 circaque
311 1768 397 1833 velut
416 1769 484 1854 ripa
504 1790 654 1854 praeceps
677 1791 765 1834 oram
787 1768 855 1832 eius
873 1789 1002 1833 omnem
1020 1765 1145 1854 cingebat

108 1884 126 1932 6
145 1862 272 1928 suberat
289 1871 321 1926 et
338 1862 435 1927 altera
451 1863 579 1928 inferior
597 1863 766 1927 summissa
779 1861 908 1948 fastigio
925 1861 1085 1947 planitiem
1100 1878 1147 1925 ean

145 1975 269 2039 quoque
287 1955 384 2020 altera
401 1957 525 2041 crepido
543 1956 629 2021 haud
646 1956 768 2022 facilior
784 1956 817 2020 in
835 1977 1005 2021 ascensum
1027 1952 1147 2021 ambita

110 2073 124 2117 1
143 2050 177 2112 in
193 2048 278 2113 hunc
294 2048 472 2115 inferiorem
490 2073 636 2136 campum
653 2060 779 2136 postero
796 2049 848 2114 die
865 2047 1067 2128 Hasdrubal,
1086 2053 1148 2134 post

144 2165 238 2225 quam
265 2153 399 2208 stantem
425 2167 482 2229 pro
510 2144 619 2209 castris
646 2144 785 2209 hostium
810 2144 910 2208 aciem
932 2143 1028 2222 vidit,
1055 2141 1147 2227 equita

142 2235 296 2302 Numidas
318 2237 496 2321 leviumque
523 2261 680 2302 armorum
697 2236 831 2302 Baliaris
858 2247 890 2300 et
910 2235 1013 2303 Afros
1040 2232 1147 2302 demisit·

107 2328 253 2416 ascipio
283 2331 509 2397 circumvectus
541 2333 665 2396 ordines
698 2332 851 2418 signaque
878 2331 1083 2410 ostendebat,
1112 2328 1150 2393 ho·

145 2434 224 2489 stem
242 2426 466 2510 praedamnata
483 2448 539 2512 spe
558 2426 727 2490 dimicandi
744 2448 844 2509 aequo
863 2447 978 2511 campo
996 2433 1150 2512 captantem

142 2521 280 2586 tumulos
307 2521 368 2587 loci
390 2522 519 2599 fiducia,
546 2544 609 2587 non
635 2522 757 2586 virtutis
780 2543 1003 2605 armorumque
1035 2517 1152 2588 starcia

144 2624 327 2700 conspectu:
346 2616 402 2680 sed
420 2615 530 2680 altiora
542 2615 665 2680 moenia
678 2613 827 2681 habuisse
838 2614 1077 2702 Carthaginem,
1094 2630 1152 2699 qaae

97 2729 124 2796 49
143 2707 386 2773 transcendisset
411 2709 501 2774 miles
519 2709 696 2787 Romanus3
723 2731 782 2774 nec
808 2708 947 2774 tumulos
975 2732 1036 2775 nec
1061 2727 1153 2780 amem

142 2822 182 2864 ne
200 2823 285 2865 mare
303 2803 429 2884 quidem
452 2803 546 2869 armis
569 2802 728 2869 obstitisse
750 2802 826 2868 suis.
870 2802 964 2868 adid
986 2800 1154 2869 1111111111-

56 2906 60 2913 ·
144 2894 247 2971 dines,
276 2916 355 2977 quas
378 2897 535 2982 cepissent
551 2897 673 2975 hostes,
699 2906 735 2960 ut
752 2919 808 2982 per
828 2896 1016 2984 praecipitia
1040 2906 1071 2962 11
1086 2914 1155 2982 prae·

142 2997 234 3074 rupta
252 2989 397 3056 salientes
415 2991 569 3078 fugerent.
606 3015 675 3057 11111
693 3013 817 3076 quoque
835 3013 870 3058 se
888 2991 951 3057 illis
965 2991 1078 3080 fugam
1090 2989 1155 3056 elas

93 3105 262 3155 rosunum.
308 3084 513 3169 cohortesque
540 3086 618 3151 duas
645 3086 773 3152 alteram
803 3096 908 3151 tenere
935 3086 1050 3152 fauces
1075 3082 1154 3156 111111

142 3199 309 3262 perquam
328 3178 499 3244 deferretur
516 3181 631 3259 amnis,
654 3180 754 3259 iubet,
778 3180 906 3246 alteram
924 3180 1012 3246 viam
1030 3179 1155 3251 insidere

143 3295 223 3356 quse
249 3272 290 3338 ab
316 3272 394 3340 urbe
418 3297 475 3359 per
500 3275 611 3339 tumuli
633 3275 760 3359 obliqua
780 3275 814 3340 in
835 3296 928 3361 agros
957 3276 1064 3343 ferret.
1103 3274 1156 3360 ipa

144 3369 319 3453 expeditos,
351 3369 405 3452 qui
430 3369 530 3454 pridie
557 3370 705 3435 stationes
732 3369 870 3434 hostium
895 3371 1097 3456 pepulerant,
1126 3362 1157 3430 ad
1187 3382 1189 3393 ·

93 3461 244 3526 11levem
270 3472 458 3527 armaturam
484 3463 594 3529 intimo
621 3474 754 3529 stantem
781 3463 947 3549 supercilio
974 3465 1071 3530 ducit
1115 3480 1158 3546 ptr

143 3576 254 3640 aspera
271 3556 386 3640 primo,
405 3556 482 3620 nihil
499 3556 584 3622 aliud
597 3579 692 3640 quam
706 3558 757 3622 vis
771 3556 925 3642 impediti,
946 3557 1022 3624 iere.
1051 3557 1158 3630 deinde,

143 3658 178 3712 ut
196 3648 255 3714 sub
273 3650 369 3714 ictum
387 3660 551 3730 venerunt,
580 3652 710 3716 telorum
733 3652 834 3736 primo
855 3651 959 3718 omnis
980 3652 1107 3740 generis
1121 3649 1158 3713 vis

93 3741 254 3826 mingens
282 3743 383 3809 effusa
408 3744 441 3808 in
466 3767 519 3810 eos
547 3755 608 3822 est,
635 3745 696 3831 ipsi
724 3755 831 3810 contra
857 3769 950 3823 saxa,
977 3769 1062 3831 quae
1086 3747 1159 3812 loom

145 3844 241 3899 strata
265 3838 398 3922 passim,
427 3839 531 3904 omnia
556 3839 654 3904 serme
676 3839 821 3917 missilia,
849 3839 993 3924 praebet,
1022 3841 1160 3928 ingerere,

144 3948 208 3990 non
224 3929 338 3995 milites
357 3932 472 4012 solum,
500 3933 555 3999 sed
579 3933 672 3999 etiam
694 3932 786 3999 turba
808 3933 955 4001 calonum
976 3933 1109 4001 inmixta
1123 3953 1162 3997 ar·
