2528 4514
325 239 443 295 nnana
461 241 549 310 xxl,
567 240 687 297 37-39.
709 245 746 310 [a.
759 240 788 297 e.
800 242 864 313 rte]
1074 232 1114 298 31

95 422 140 490 pre
157 423 236 467 saxa
253 398 361 464 infuso
379 407 468 464 aceto
486 398 709 485 putrefaciunt.
740 401 785 466 ita
802 401 951 468 torridam
969 402 1116 470 incendio
1134 427 1150 474 e

95 514 192 585 npsm
205 495 292 562 ferro
309 494 452 581 pandunt
468 494 675 579 molliuntque
692 495 886 563 aufractibus
904 497 1038 564 modicis
1060 499 1116 567 cli·

95 612 156 669 ros,
182 598 301 656 utnon
322 588 463 654 iumenta
486 588 602 667 solum,
630 589 688 655 sed
709 589 866 677 elephanti
889 592 983 658 etiam
1000 592 1116 659 deduci

95 694 218 775 possent.
255 683 468 770 quadriduum
490 685 574 750 circa
594 706 707 771 rupem
728 697 949 774 consumptum
966 687 1114 754 iumentis
1131 710 1150 757 4

95 790 176 873 prope
197 779 285 845 fame
306 777 497 866 absumptis:
520 779 607 844 nuda
624 779 708 845 enim
725 778 792 847 fere
810 782 974 848 cacumina
990 792 1065 848 sunt
1082 793 1114 848 et

95 874 203 961 siquid
219 883 268 940 est
285 872 407 960 pabuli,
428 873 564 940 obruunt
576 874 678 940 nives.
704 874 852 942 inferiora
863 877 962 944 valles
975 877 1114 964 apricos·
1132 901 1149 950 5

95 964 174 1057 lque]
192 969 349 1055 quosdam
366 967 464 1034 colles
481 968 599 1035 habent
615 970 763 1056 rivosque
780 992 879 1058 prope
896 972 993 1038 silvas
1006 982 1038 1038 et
1048 973 1114 1038 iem

95 1016 219 1130 lornano
245 1062 332 1128 cultu
357 1062 502 1150 digniora
531 1063 611 1130 loca.
656 1062 701 1130 ibi
730 1064 871 1130 iumenta
901 1066 936 1134 in
960 1065 1150 1151 pabulume

95 1157 179 1227 telasa
205 1166 237 1222 et
263 1156 352 1241 quies
379 1157 549 1223 muniendo
574 1157 670 1224 fessis
696 1157 877 1224 hominibus
904 1159 978 1225 data
999 1160 1113 1226 triduo.

95 1244 155 1319 lude
179 1252 221 1317 ad
245 1250 375 1338 planum
402 1252 590 1318 descensum
617 1262 648 1318 et
672 1253 736 1319 iam
761 1253 841 1320 locis
867 1252 1061 1320 mollioribus
1083 1263 1116 1321 et

95 1345 259 1413 ldeolarum
277 1346 422 1433 ingeniis.

95 1446 97 1455 '
144 1439 350 1506 XXXVIII.
386 1438 461 1506 Hoc
478 1441 615 1507 maxime
632 1442 728 1508 modo
744 1443 778 1507 in
791 1442 916 1509 Italiam
927 1451 1115 1530 perventum
1133 1466 1147 1516 1

95 1538 145 1614 st,
160 1534 271 1619 quinto
288 1556 397 1602 mense
415 1560 434 1601 a
448 1534 641 1623 Carthagine
659 1558 755 1616 nova,
772 1546 809 1601 ut
822 1537 951 1621 quidam
968 1547 1112 1604 auctores

95 1636 167 1709 tunt,
184 1629 294 1714 quinto
311 1630 434 1696 decimo
449 1632 500 1696 die
508 1629 646 1718 Alpibus
661 1632 825 1718 superatis.
853 1640 989 1718 quantae
1004 1632 1113 1719 copiae
1131 1655 1149 1704 a

95 1720 278 1812 hsgresso
291 1724 324 1790 in
337 1724 463 1792 Italiam
475 1724 651 1792 Hannibali
668 1726 797 1805 fuerint,
816 1748 1016 1813 nequaquam
1032 1727 1114 1794 inter

95 1812 226 1891 finctores
249 1829 381 1886 constat.
417 1820 471 1905 qui
493 1820 677 1906 plurimum,
706 1831 830 1887 centum
852 1821 939 1888 milia
959 1820 1112 1910 peditum

95 1910 196 1999 'vigtnd
213 1912 353 1999 equitum
370 1913 473 1979 fuisse
490 1913 640 1993 scribunt,
660 1914 715 2001 qni
732 1915 906 1996 minimum,
924 1916 1037 2004 viginti
1054 1917 1114 1982 mi·

95 2000 132 2071 'ult
152 2006 302 2094 peditum,
335 2031 393 2075 sex
418 2009 567 2094 equitum.
611 2010 654 2074 L.
678 2009 809 2078 Cincius
830 2011 1026 2092 Alimentus,
1058 2013 1148 2098 qnia

95 2100 208 2186 'ceptum
225 2125 259 2168 se
278 2103 318 2168 ab
336 2100 516 2169 Hannibale
535 2103 657 2182 scribit,
680 2105 818 2171 maxime
836 2116 945 2173 auctor
961 2116 1112 2185 moveret,

95 2194 151 2261 nisi
172 2199 372 2264 confunderet
398 2222 563 2265 nnmerum
590 2196 692 2266 Gallis
718 2200 957 2288 Liguribusque
983 2203 1113 2269 additis:

97 2299 164 2357 cunr
176 2290 221 2359 his
236 2295 397 2381 octoginta
413 2295 501 2360 milia
516 2295 672 2381 peditum,
691 2295 801 2361 decem
819 2296 960 2381 equitum
977 2297 1114 2363 adduda
1130 2317 1148 2364 4

99 2382 274 2454 -inltalia
291 2390 395 2476 magis
414 2389 585 2456 adfluxisse
603 2390 671 2455 veri
689 2388 791 2455 simile
808 2398 858 2456 est
875 2391 968 2456 etita
985 2391 1114 2475 quidam

96 2486 222 2549 meteres
241 2493 314 2549 sunt
326 2521 383 2562 —,
403 2506 443 2548 ex
459 2484 530 2571 ipso
548 2493 653 2550 autem
672 2484 799 2550 audisse
813 2481 1009 2562 Hannibale,
1026 2492 1114 2570 post-
1132 2502 1149 2550 5

95 2588 177 2663 buum
196 2578 389 2646 Rhodanum
410 2580 582 2658 transierit,
608 2579 737 2668 triginta
760 2602 817 2647 sex
838 2578 925 2645 milia
950 2578 1115 2645 hominum

95 2668 301 2763 ingentemque
326 2697 493 2741 numerum
520 2698 673 2761 equorum
695 2685 727 2741 et
748 2676 881 2742 aliorum
901 2675 1114 2742 iumentorum

95 2768 236 2849 emisisse,
263 2767 310 2857 [e]
336 2770 482 2836 Taurinis
510 2769 564 2855 (ne
587 2768 673 2837 Galli
693 2791 849 2858 proxuma
869 2792 948 2858 gens
975 2769 1055 2857 erat)
1080 2769 1115 2834 in

95 2857 203 2929 ltaliam
224 2865 421 2952 degressum.
457 2865 491 2930 id
513 2885 585 2931 cum
606 2865 688 2936 inter
704 2888 813 2932 omncs
832 2874 967 2944 constet,
991 2887 1029 2931 eo
1046 2881 1149 2929 ma-tt

95 2953 136 3041 a‘s
150 2959 242 3024 miror
255 2958 383 3047 ambigi,
403 2981 541 3044 quanam
553 2958 648 3046 Alpis
661 2960 819 3026 transierit
831 2969 863 3026 et
875 2960 973 3048 vulgo
987 2958 1114 3025 credere

95 3044 220 3119 Poenino
236 3091 282 3103 -
298 3062 394 3139 atque
410 3054 486 3120 inde
503 3074 620 3120 nomen
637 3054 667 3120 ei
683 3055 759 3142 iugo
773 3053 907 3142 Alpium
924 3053 1059 3119 inditum
1072 3088 1114 3101 -

96 3148 321 3236 bausgressum,
341 3147 487 3214 Coelium
504 3169 562 3234 per
579 3147 745 3215 Cremonis
762 3149 874 3237 iugum
891 3148 996 3212 dicere
1012 3155 1115 3210 trans-
1134 3165 1148 3210 r

95 3232 162 3321 isse,
191 3244 245 3328 qui
272 3240 368 3309 ambo
395 3243 494 3309 saltus
520 3266 594 3310 eum
619 3266 684 3309 non
708 3243 742 3309 in
769 3241 942 3318 Taurinos,
975 3237 1031 3304 sed
1058 3260 1116 3324 per

97 3327 194 3422 Salyes
215 3346 384 3404 montanos
407 3338 448 3403 ad
465 3337 590 3404 Libuos
610 3335 721 3405 Gallos
738 3335 934 3403 deduxerint
970 3354 1030 3400 nec
1046 3332 1150 3400 veris

96 3426 182 3496 simile
199 3441 246 3498 est
265 3454 303 3497 ea
321 3441 389 3496 tum
402 3431 444 3497 ad
459 3429 596 3498 Galliam
610 3431 751 3519 patuisse
763 3430 891 3509 itinera3
909 3428 1018 3513 utique
1032 3449 1114 3512 quae

95 3521 311 3592 adPocninum
324 3525 429 3591 ferunt
443 3525 596 3613 obsaepta
612 3525 760 3614 gentibus
779 3521 1017 3612 semigermanis
1035 3520 1115 3586 fuis-

95 3628 161 3685 sent
193 3644 297 3708 neque
310 3621 437 3687 hercule
450 3621 610 3688 montibus
624 3623 689 3701 his,
708 3622 736 3688 si
750 3642 845 3707 quem
857 3620 939 3685 forte
952 3617 985 3682 id
998 3624 1113 3696 movet,
1133 3633 1150 3681 e

95 3711 125 3780 ab
144 3718 276 3783 transitu
292 3715 475 3784 Poenorum
496 3716 561 3783 ullo
581 3714 717 3797 Seduni,
736 3713 885 3802 Veragri,
908 3712 1030 3777 incolae
1047 3711 1115 3800 iugi

95 3806 161 3892 eius,
183 3812 289 3879 norint
306 3833 423 3879 nomen
438 3811 587 3891 inditum,
612 3811 669 3877 scd
686 3835 706 3878 a
724 3811 797 3889 deo,
821 3830 916 3894 quem
933 3807 967 3872 in
991 3827 1114 3874 summo

95 3918 236 3974 roratum
254 3908 372 3974 vertice
389 3906 569 3975 Poeninum
585 3906 727 3973 montani
743 3904 912 3992 appellant.

139 4002 369 4072 XXXVIIII.
398 4001 637 4088 Peropportune
656 3999 696 4068 ad
713 3999 867 4087 principia
882 4020 988 4066 rerum
1001 3995 1114 4064 Tauri·
1133 4014 1147 4060 1

1023 4222 1031 4233 ⁸
1075 4206 1204 4256 a*
