2528 4530
262 280 380 336 arnna
398 281 526 352 xxv11‚
547 281 589 336 aa
602 281 645 335 43.
666 282 817 352 [acuon
992 271 1058 338 373

74 441 321 517 ambulaverant,
353 450 443 526 parte
468 437 534 503 ulla
560 440 722 517 cernebat,
749 439 874 506 duobus
897 441 1055 526 equitibus

74 534 224 600 sculatum
254 533 288 597 in
320 545 424 598 castra
454 532 638 619 praemissis
669 544 839 620 postquam
875 536 952 601 satis
987 546 1057 601 tuta

74 630 132 694 mia
153 652 226 695 esse
249 628 448 715 exploratum
466 638 529 706 est,
551 627 661 692 inferri
680 627 773 716 signa
789 629 895 708 iussit,
919 640 1109 703 tantum-13

74 747 86 789 e
104 723 150 788 ibi
167 733 322 800 moratus,
342 723 418 786 dum
435 720 552 787 milites
572 723 613 787 ad
629 724 782 809 praedam
795 723 989 804 discurrunt,
1006 748 1057 791 re-

74 818 130 883 aui
157 817 272 882 deinde
294 816 407 881 cecinit
428 817 590 901 multoque
613 827 686 882 ante
707 827 834 883 noctem
856 818 963 905 copias
985 821 1057 884 red-

74 913 123 978 rit
150 923 279 1000 postero
294 912 344 976 die
357 911 460 998 prima
471 912 543 976 luce
556 912 734 999 profectus,
752 913 878 1000 magnis
890 915 1055 981 itineribus
1075 937 1108 984 14

74 1030 143 1072 nam
165 1017 198 1072 et
215 1006 351 1092 vestigia
368 1006 503 1092 agminis
524 1028 660 1090 sequens
679 1006 765 1071 haud
782 1008 894 1094 procul
910 1010 1056 1076 Venusia

74 1113 149 1167 stem
173 1101 364 1184 adsequitur.
408 1100 453 1165 ibi
479 1122 604 1184 quoque
631 1101 1107 1188 tumultuariapugnafuit,15

74 1219 121 1261 tra
145 1195 207 1260 duo
230 1195 318 1259 milia
333 1195 517 1261 Poenorum
540 1216 643 1261 caesa.
687 1195 761 1262 inde
782 1197 945 1262 nocturnis
967 1219 1057 1262 mon-

74 1291 169 1374 isque
195 1289 360 1355 itineribus
386 1289 530 1368 Poenus,
564 1312 605 1355 ne
630 1291 736 1357 locum
762 1291 926 1379 pugnandi
956 1291 1055 1370 daret,

74 1396 247 1472 ttapontum
264 1385 364 1471 petiit.
399 1387 518 1451 Hanno
536 1385 610 1451 inde
623 1386 690 1452 —is
709 1386 794 1452 enim
810 1387 968 1474 praesidio
987 1387 1055 1454 eius
1075 1406 1107 1455 16

74 1479 84 1543 i
108 1480 291 1567 praefuerat
307 1516 334 1526 —
355 1480 389 1544 in
410 1480 553 1546 Bruttios
580 1503 652 1545 cum
678 1480 788 1568 paucis
816 1481 857 1546 ad
883 1481 1056 1548 exercitum

74 1596 142 1639 tum
168 1575 415 1659 comparandum
441 1575 575 1654 missus,
601 1575 765 1640 Hannibal
792 1575 892 1663 copiis
919 1576 987 1641 eius
1015 1577 1056 1641 ad

74 1692 97 1734 ts
126 1668 241 1732 additis
268 1669 446 1736 Venusiam
475 1682 560 1734 retro
591 1670 706 1753 quibus
733 1681 864 1736 venerat
889 1670 1054 1737 itineribus

74 1762 161 1840 teriia,
181 1773 275 1847 atque
293 1762 367 1828 inde
387 1761 563 1828 Canusium
580 1764 733 1850 procedit.
777 1786 952 1851 numquam
967 1766 1053 1831 Nero
1074 1784 1104 1832 17

74 1856 166 1942 ttigiis
190 1857 291 1922 hostis
314 1858 479 1924 abstiterat
496 1871 528 1924 et
546 1857 588 1941 Q.
607 1859 772 1939 Fulvium,
795 1881 868 1924 cum
884 1859 1056 1947 Metapon-

74 1951 186 2037 nipse
212 1951 472 2037 proficisceretur,
498 1953 532 2017 in
553 1955 720 2034 Lucanos,
747 1978 788 2020 ne
809 1954 899 2042 regio
921 1977 960 2020 ea
986 1953 1055 2020 sine

74 2046 181 2111 tesidio
200 2056 300 2124 esset,
324 2046 519 2112 arcessierat.

85 2138 299 2205 XXXXIII.
344 2140 433 2206 Inter
450 2142 529 2207 haee
547 2143 587 2207 ab
605 2141 824 2220 Hasdrubale,
846 2154 1016 2228 postquam
1036 2166 1055 2208 a
1073 2162 1087 2208 1

74 2233 204 2299 acentiae
236 2233 401 2299 obsidione
432 2236 600 2314 abscessit,
633 2245 781 2319 quattuor
808 2233 895 2300 Galli
921 2236 1053 2319 equites,

74 2327 260 2394 >Numidae
282 2349 355 2392 oum
376 2328 488 2394 litteris
507 2329 597 2394 missi
616 2329 656 2394 ad
673 2327 889 2392 Hannibalern
908 2349 981 2392 cum
996 2351 1055 2414 per

74 2422 161 2486 dium
179 2422 304 2487 hostem
321 2433 420 2488 totam
438 2424 539 2488 ferme
556 2422 786 2510 longitudinem
801 2421 914 2486 Italiae
933 2421 1054 2486 emensi

74 2526 144 2594 ent,
164 2516 240 2580 dum
256 2517 481 2603 Metapontum
498 2516 664 2582 cedentem
681 2514 898 2580 Hannibalem
916 2536 1053 2598 sequun-
1071 2535 1086 2582 2

74 2660 80 2687 ‚
99 2610 229 2675 incertis
246 2610 412 2676 itineribus
430 2611 605 2676 Tarentum
624 2609 720 2675 delati
738 2633 757 2674 a
774 2609 865 2696 vagis
883 2631 941 2696 per
959 2631 1053 2695 agros

74 2705 259 2771 >uiatoribus
276 2706 430 2772 Romanis
450 2706 490 2771 ad
508 2705 664 2788 Quintum
683 2703 855 2770 Claudium
870 2713 1054 2792 propraeto-

74 2824 87 2866 r
105 2800 314 2866 deducuntur.
359 2824 432 2866 eum
449 2800 552 2888 primo
569 2799 698 2865 incertis
716 2798 904 2887 inplicantes
922 2820 1054 2886 respon·
1073 2818 1088 2866 3

74 2944 78 2973 ‚
105 2906 144 2959 ut
165 2905 267 2960 metus
290 2906 518 2961 tormentorum
546 2895 691 2961 admotus
719 2893 813 2961 fateri
838 2918 915 2961 vera
940 2894 1054 2980 coegit,

74 2999 229 3068 acuerunt,
261 2990 381 3055 litteras
411 3012 445 3055 se
472 2991 513 3055 ab
539 2990 744 3056 Hasdrubale
771 2988 813 3054 ad
838 2989 1055 3054 Hannibalem

74 3107 114 3150 te.
160 3105 232 3149 cum
257 3085 297 3150 iis
323 3084 435 3150 litteris
463 3085 544 3150 siout
570 3095 661 3151 erant
683 3084 817 3172 signatis
839 3083 881 3148 L.
899 3081 1089 3167 Verginiae

74 3202 147 3244 tuno
170 3179 305 3244 militum
327 3179 463 3244 ducendi
486 3181 528 3244 ad
546 3177 717 3246 Claudium
740 3176 903 3243 consulem
925 3176 1055 3240 tradun-

74 3323 79 3341 .
126 3275 207 3339 duae
230 3273 325 3339 simul
345 3284 468 3338 turmae
487 3271 678 3339 Samnitium
695 3270 846 3359 praesidii
863 3291 961 3334 causa
977 3267 1088 3336 mis-5

76 3418 84 3435 .
130 3369 186 3453 qui
206 3368 261 3433 ubi
280 3369 321 3433 ad
338 3368 501 3434 consulem
518 3376 732 3454 pervenerunt
748 3365 934 3447 litteraeque
952 3362 1053 3428 lectae

74 3492 75 3499 ¹
103 3462 307 3549 interpretem
334 3473 409 3528 sunt
435 3474 467 3528 et
492 3485 533 3528 ex
560 3461 693 3548 captivis
720 3457 935 3546 perctmotatio
959 3457 1053 3533 facta,

73 3581 86 3623 r
101 3554 256 3624 Claudius
275 3581 338 3624 non
356 3558 390 3623 id
407 3568 533 3644 tempus
553 3578 624 3623 esse
641 3553 849 3641 reipublicae
867 3562 971 3630 ratus,
990 3573 1052 3635 quo
1072 3572 1087 3618 6

74 3653 162 3720 ιεὶΙίἱε
189 3654 355 3720 ordinariis
381 3653 563 3741 provinciae
590 3674 667 3717 suae
694 3650 827 3735 quisque
852 3647 969 3713 finibus
996 3669 1053 3732 per

74 3748 179 3815 troitus
212 3771 285 3815 suos
318 3770 390 3814 cum
422 3749 513 3813 hoste
544 3746 702 3812 destinato
729 3746 769 3810 ab
797 3754 909 3809 senatu
934 3740 1053 3807 bellum

74 3855 160 3911 eret:
179 3844 360 3910 audendum
376 3842 495 3928 aliquid
506 3840 718 3928 inprovisum,
737 3838 948 3925 inopinatum,
966 3834 1052 3920 quod
1071 3855 1085 3902 7

75 3952 169 4027 ptum
190 3960 256 4004 non
276 3938 431 4004 minorem
444 3948 531 4028 aput
554 3936 639 4001 cives
663 3956 759 4020 quam
780 3931 882 3999 hostis
900 3941 1052 3996 terrorem

74 4045 153 4115 eret,
171 4044 387 4122 perpetratum
404 4032 438 4098 in
451 4055 601 4119 magnam
614 4030 767 4096 laetitiam
780 4051 820 4095 ex
833 4049 951 4114 magno
965 4037 1053 4091 metu
