2528 4514
300 228 417 282 111111
436 229 578 298 xxvio,
597 229 638 284 14.
654 229 695 284 aa.
716 235 753 300 [a.
766 230 869 302 1101]
1039 223 1102 288 411

89 411 100 451 1
118 408 207 470 quae
226 386 339 450 fierent
356 396 388 451 et
405 386 512 451 conari
530 386 657 452 obviam
673 387 718 452 ire
737 399 768 454 et
785 377 949 477 propalam
964 393 1102 457 abnuere

89 480 184 546 roris
204 503 316 546 eorum
333 502 368 545 se
386 480 509 546 futuros
528 480 631 546 socios
651 493 827 548 senserunt..
859 485 977 572 fugatis
995 486 1100 570 itaque
1128 507 1159 553 13

96 576 270 663 principiis
289 597 326 640 ae
341 586 416 662 post
431 577 528 662 paulo
547 599 564 641 e
582 575 694 642 castris
713 578 861 656 tribunis,
885 579 926 644 ad
942 579 1100 668 principes

89 670 251 748 editionis,
277 669 440 757 gregarios
464 669 594 749 milites,
624 669 662 736 O.
680 671 814 736 Albium
833 670 990 738 Calenum
1011 684 1043 739 et
1062 673 1100 740 O.

89 766 198 831 „trium
215 766 390 842 Umbrum,
418 764 557 829 delatum
584 765 724 830 omnium
751 788 909 832 consensu
935 768 1102 855 imperium

89 872 120 926 11.
172 860 229 944 qui
255 881 456 943 nequaquam
481 860 644 925 tribunicls
672 861 812 925 contenti
838 864 1030 930 ornamentis
1053 864 1152 932 in-14

89 955 173 1044 guia
190 954 288 1020 etiam
307 955 422 1019 summi
438 954 564 1040 imperi,
583 955 687 1020 fasces
707 976 906 1040 securesque,
926 958 1101 1024 adtrectare

89 1049 149 1114 usi:
179 1071 285 1133 neque
304 1048 440 1113 venitin
457 1058 596 1113 mentem
614 1049 681 1114 suis
700 1050 797 1136 tergis
820 1049 949 1134 suisque
972 1053 1101 1117 cervici-

89 1165 123 1208 us
152 1143 264 1229 virgas
290 1142 362 1207 illas
389 1136 579 1227 securesque
605 1143 783 1222 imminere,
811 1166 890 1229 quas
914 1146 955 1210 ad
981 1158 1101 1211 metum

89 1235 202 1302 liorum
219 1236 425 1323 praeferrent.
469 1259 554 1302 mors
574 1234 733 1324 Scipionis
751 1238 832 1304 falso
851 1240 970 1304 credita
987 1241 1100 1307 obcae-
1120 1264 1151 1310 15

89 1331 160 1396 11111
179 1331 317 1408 animos,
337 1333 396 1397 sub
415 1331 504 1396 cuius
523 1331 685 1418 vulgatam
703 1356 778 1397 mox
796 1332 915 1398 famam
931 1357 996 1399 non
1009 1335 1100 1400 dubi-

89 1425 178 1490 tbant
195 1435 295 1490 totam
312 1425 504 1511 Hispaniam
522 1448 664 1490 arsuram
682 1427 780 1492 bello:
807 1428 840 1492 in
858 1451 895 1494 eo
915 1429 1050 1494 tumultu
1068 1443 1099 1494 ct
1121 1451 1149 1498 16

89 1520 162 1586 ociis
180 1520 332 1606 pecunias
350 1519 499 1606 imperari
517 1531 549 1585 et
566 1521 658 1607 diripi
674 1520 868 1608 propinquas
883 1523 978 1597 urbes
991 1547 1098 1609 posse,

89 1623 98 1677 t
113 1614 252 1679 turbatis
269 1614 380 1691 rebus,
399 1635 471 1679 cum
489 1615 595 1680 omnia
612 1638 722 1680 omnes
741 1616 905 1695 auderent,
928 1618 1032 1682 minus
1050 1618 1099 1682 in-

89 1707 173 1796 ignia
190 1709 259 1774 fore
278 1731 360 1792 quae
377 1709 440 1795 ipsi
457 1709 618 1776 fecissent.

130 1801 248 1870 XXV.
286 1801 371 1868 Cum
388 1803 467 1868 alios
487 1804 620 1869 subinde
637 1803 773 1869 recentis
788 1805 915 1871 nuntios
933 1829 997 1871 non
1015 1829 1099 1873 mor·
1119 1828 1131 1874 1

89 1920 108 1963 s
133 1898 245 1975 modo,
281 1898 340 1963 sed
367 1898 462 1963 etiam
487 1898 608 1963 funeris
636 1911 839 1985 expectarent
864 1923 967 1985 neque
989 1924 1099 1989 super-

89 1992 189 2058 'eniret
203 1992 371 2076 quisquam
385 2004 650 2077 evanesceretque
663 2003 781 2058 temere
795 2005 882 2058 ortus
896 2018 1012 2072 rumor,
1031 2008 1099 2061 tum

89 2086 160 2150 nimi
178 2097 323 2151 auctores
341 2086 459 2170 requiri
478 2086 590 2172 coepti
636 2098 668 2151 et
686 2087 890 2154 subtrahente
909 2112 944 2154 se
962 2112 1097 2174 quoque,
1117 2113 1132 2158 a

89 2191 104 2246 t
119 2181 292 2247 credidisse
310 2181 416 2268 potius
440 2193 557 2247 temere
580 2204 675 2266 quam
696 2181 826 2246 finxisse
848 2205 917 2246 rem
938 2185 1099 2249 111111111-

89 2276 134 2341 eri
151 2287 276 2364 posset,
304 2276 445 2342 destituti
468 2276 564 2341 duces
587 2275 652 2341 iam
674 2300 732 2341 sua
753 2277 816 2362 ipsi
836 2277 974 2364 insignia
992 2289 1022 2342 et
1040 2301 1097 2364 pro

89 2395 150 2437 ana
170 2371 309 2458 imagine
331 2372 461 2459 imperi,
490 2372 575 2455 quod
597 2383 761 2459 gererent,
789 2394 898 2436 veram
919 2371 1097 2456 iustamque

89 2491 142 2533 rox
163 2468 198 2531 in
216 2488 251 2531 11
269 2489 433 2531 versuram
454 2477 645 2552 potestatem
666 2466 845 2532 horrebant.
890 2475 1036 2568 stupente
1053 2467 1098 2532 ita
1116 2489 1132 2536 3

89 2562 222 2628 editione
241 2583 313 2626 cum
331 2561 436 2626 vivere
454 2561 570 2648 primo,
588 2584 664 2625 mox
682 2561 775 2626 etiam
795 2561 900 2626 valere
915 2557 1097 2647 Scipionem

89 2658 143 2724 erti
179 2669 323 2724 auctores
360 2657 534 2734 adferrent,
570 2655 687 2721 tribuni
722 2656 856 2721 militum
891 2666 1013 2742 septem
1044 2656 1097 2740 qui

89 2752 216 2818 lenirent
243 2752 430 2817 seditionem
454 2749 559 2837 missi]
589 2750 720 2836 abipso
745 2747 893 2836 Scipione
921 2759 1003 2814 sunt.
1057 2750 1131 2816 adt

89 2869 201 2913 uorum
221 2847 360 2932 primum
382 2847 552 2911 adventum
576 2843 754 2932 exasperati
777 2845 887 2922 animi,
918 2868 994 2911 mox
1018 2845 1097 2934 ipsis

89 2940 191 3006 lucido
211 2963 355 3006 sermone
372 2940 639 3027 permulcentibus
658 2950 766 3018 notos,
794 2962 867 3004 cum
890 2941 1004 3024 quibus
1024 2963 1098 3006 con-

89 3036 169 3101 ressi
197 3047 304 3112 erant,
339 3035 428 3102 leniti
455 3046 538 3100 sunt.
600 3034 821 3100 circumeuntis
854 3036 937 3099 enim
964 3035 1131 3102 1111101111

89 3132 182 3209 rimo,
202 3131 315 3197 deinde
333 3131 367 3196 in
383 3130 560 3218 principiis,
578 3130 749 3215 praetorio,
768 3129 822 3193 ubi
841 3151 1001 3194 sermones
1016 3128 1098 3192 inter

89 3249 101 3292 e
128 3225 301 3292 serentium
324 3225 457 3291 circulos
484 3224 657 3302 vidissent,
690 3223 938 3306 adloquebantur
964 3242 1097 3307 percun-

89 3332 189 3386 tantes
206 3321 325 3407 magis,
344 3343 425 3405 quae
443 3343 540 3385 causa
556 3320 622 3385 irae
636 3316 959 3401 consternationisque
974 3316 1096 3381 subitae

89 3426 161 3494 1111,
190 3437 287 3500 quam
312 3417 432 3481 factum
459 3426 655 3480 accusantes.
699 3413 796 3499 vulgo
820 3410 1010 3498 stipendium
1032 3433 1096 3476 non
1116 3431 1130 3478 o

89 3522 175 3576 atum
194 3511 236 3576 ad
254 3511 338 3576 diem
354 3510 531 3576 iactabatur
549 3521 594 3588 et,
622 3531 694 3574 oum
717 3509 829 3574 eodem
851 3518 1006 3590 tempore,
1033 3527 1095 3589 quo

89 3606 171 3672 relus
189 3605 463 3693 Iliturgitanorum
480 3604 650 3682 extitisset,
677 3614 751 3690 post
772 3604 905 3668 duorum
927 3600 1095 3685 imperato-

89 3723 135 3766 rm
153 3701 351 3785 duorumque
370 3700 543 3765 exercitum
565 3711 704 3786 stragem
723 3722 780 3762 sua
797 3697 911 3761 virtute
930 3693 1096 3758 defensum

89 3821 182 3864 omen
195 3796 376 3861 Romanum
391 3817 428 3859 ac
445 3805 568 3860 retenta
584 3793 746 3880 provincia
763 3802 860 3868 11111,
879 3786 1095 3873 Iliturgitanos

89 3915 201 3960 uenam
218 3912 321 3956 noxae
339 3889 484 3955 meritam
502 3889 633 3966 habere,
661 3888 726 3953 suis
744 3898 828 3952 recte
850 3882 942 3949 factis
961 3879 1097 3968 gratiam
1157 3905 1159 3910 ·

89 3988 116 4052 ui
134 3986 282 4054 exsolvat
299 4008 364 4051 non
381 4008 462 4051 esse.
504 3983 579 4049 talia
597 3981 754 4067 querentis
773 4001 873 4064 aequa
891 4000 980 4044 orare
1000 3998 1095 4063 seque
1115 3996 1128 4041 1
