2528 4514
294 265 411 322 niusa
428 265 573 337 xxvm,
591 267 634 322 a.
648 267 690 322 aa
711 269 864 338 [accos]
1032 258 1097 322 415

84 423 248 489 tulistis?
292 422 326 486 in
349 423 507 509 praetorio
539 422 739 487 tetenderunt
764 423 881 488 Albius
914 435 945 488 et
970 425 1094 505 Atrius,
1117 449 1147 496 15

83 521 237 586 assicum
264 518 350 603 apud
375 540 429 583 eos
452 516 579 594 cecinit,
608 517 735 602 signum
757 518 797 581 ab
819 518 858 582 iis
880 518 1014 604 petitum
1037 532 1096 599 est,

83 615 218 679 derunt
240 611 274 675 in
292 612 440 676 tribunali
455 612 495 676 P.
516 609 689 697 Scipionis,
716 611 807 677 lictor
825 613 984 699 apparuit,
1011 637 1097 679 sum-

83 721 142 775 oto
173 707 395 785 incesserunt,
430 707 535 772 fasces
562 728 634 771 cum
662 706 824 771 securibus
855 707 987 793 praelati
1014 720 1097 774 sunt

83 801 186 888 pides
209 797 331 887 pluero
344 811 377 865 et
397 801 530 866 fulmina
551 801 612 865 iaci
634 800 673 864 de
696 800 783 865 caelo
801 811 833 865 et
853 800 995 868 insuetos
1013 804 1097 869 fetus
1119 825 1151 873 16

83 896 215 961 rimalia
234 896 327 960 edere
346 918 403 960 vos
420 908 567 982 portenta
584 917 655 960 esse
673 894 804 980 putatis:
827 895 888 960 hoc
906 907 956 961 est
971 910 1099 982 porten-

83 1014 141 1068 ιω,
184 991 273 1074 quod
302 989 398 1054 nullis
430 990 557 1068 hostiis,
592 989 688 1053 nullis
720 989 1001 1076 supplicationibus
1030 993 1098 1057 sine

83 1085 225 1172 snguine
253 1106 375 1161 eorum,
402 1085 456 1168 qui
484 1095 605 1149 tantum
632 1083 701 1148 ausi
722 1083 845 1149 facinus
873 1085 949 1162 sint,
977 1087 1098 1171 expiari

83 1181 178 1246 ossit.

123 1273 304 1341 XXVIII.
347 1274 456 1356 Atque
475 1294 550 1358 ego,
579 1293 770 1356 quamquam
786 1271 908 1336 nullum
926 1273 1029 1338 scelus
1047 1298 1098 1339 ra·
1117 1300 1130 1345 1

83 1390 186 1434 onem
204 1367 315 1445 habet,
340 1378 459 1444 tamen,
483 1377 518 1429 ut
534 1365 619 1431 inre
635 1366 771 1444 nefaria,
791 1388 993 1450 quaemens,
1012 1369 1098 1451 quod

83 1463 236 1529 cnsilium
254 1472 394 1527 vestrum
412 1462 520 1540 fuerit,
540 1460 619 1526 scire
637 1462 742 1527 velim.
781 1462 920 1548 Regium
938 1464 1098 1547 quondam
1116 1487 1132 1534 2

83 1556 312 1647 ipraesidium
329 1557 428 1621 missa
449 1556 533 1642 legio
553 1556 727 1621 interfectis
749 1579 806 1643 per
825 1557 927 1622 scelus
948 1557 1098 1644 principi-

83 1670 123 1719 us
148 1651 289 1717 civitatis
311 1651 423 1715 urbem
445 1650 628 1737 opulentam
648 1673 706 1736 per
728 1651 839 1715 decem
860 1674 960 1718 annos
983 1653 1095 1730 tenuit3

83 1759 197 1835 ropter
215 1745 301 1829 quod
318 1745 441 1810 facinus
460 1755 526 1809 tota
543 1744 637 1830 legio,
655 1744 741 1810 milia
758 1744 921 1810 hominum
940 1757 1096 1829 quattuor,
1116 1757 1132 1804 3

83 1860 97 1904 ι
113 1843 188 1908 foro
200 1841 326 1906 Romae
344 1840 446 1905 securi
463 1840 606 1926 percussi
624 1851 707 1904 sunt.
744 1840 801 1905 sed
817 1839 863 1904 illi
880 1840 1017 1928 primum
1033 1864 1098 1906 non
1115 1857 1133 1903 4

83 1936 196 2001 utrium
214 1934 375 2002 Umbrum
398 1933 588 2012 semilixam,
615 1933 751 1999 nominis
775 1934 870 1999 etiam
896 1935 1099 2001 abominandi

83 2048 194 2108 aloem,
225 2029 283 2093 sed
300 2028 345 2093 D.
363 2028 536 2096 Vibellium
559 2029 719 2093 tribunum
740 2029 875 2094 militum
897 2031 998 2095 secuti
1015 2042 1097 2107 sunt,

83 2144 127 2188 ec
143 2146 219 2189 cum
231 2123 358 2208 Pyrrho
375 2144 434 2188 nec
447 2125 525 2187 'cum
543 2120 739 2188 Samnitibus
757 2134 811 2188 aut
823 2124 980 2202 Lucanis,
1000 2124 1099 2189 hosti·

83 2237 125 2284 us
143 2217 256 2305 populi
273 2218 425 2295 Romani,
444 2241 479 2283 se
496 2217 741 2296 coniunxerunt3
759 2241 817 2283 vos
836 2239 909 2282 cum
920 2218 1097 2284 Mandonio
1116 2236 1132 2282 5

83 2313 251 2378 tIndibili
278 2312 409 2377 consilia
435 2313 690 2378 communicastis
717 2324 749 2378 et
775 2336 863 2377 arma
888 2311 1098 2377 consociaturi

83 2406 182 2473 sistis.
236 2406 296 2485 illi,
324 2408 405 2471 sicut
433 2404 589 2492 Campani
617 2405 761 2492 Capuam
788 2407 902 2471 Tuscis
937 2406 1131 2471 veteribusc

83 2502 241 2569 ultoribus
260 2502 454 2587 ademptam,
472 2501 656 2566 Mamertini
669 2502 703 2564 in
714 2501 822 2566 Sicilia
836 2501 1032 2577 Messanam,
1051 2501 1098 2564 sic

83 2596 205 2685 legium
234 2595 370 2664 habituri
395 2606 582 2682 perpetuam
604 2596 712 2662 sedem
735 2606 836 2672 erant,
864 2616 924 2659 nec
944 2593 1097 2681 populum

83 2712 125 2755 cc
142 2690 248 2756 socios
271 2690 382 2777 populi
398 2690 536 2756 Romani
556 2691 639 2756 ultro
660 2688 839 2755 lacessituri
859 2689 956 2756 bello:
973 2724 1018 2736 —
1036 2685 1099 2753 Su-

83 2806 237 2850 ronemne
256 2807 314 2850 vos
333 2785 525 2850 domicilium
541 2784 679 2865 habituri
696 2784 810 2850 eratis?
844 2784 900 2849 ubi
922 2783 949 2849 si
968 2806 1025 2849 vos
1043 2784 1131 2850 de-7

83 2880 183 2946 adens
208 2880 355 2946 confecta
374 2880 536 2967 provincia
557 2881 728 2966 imperator
748 2881 972 2964 relinquerem,
1004 2881 1099 2944 delun

83 2974 295 3057 ominumque
312 2974 408 3039 fidem
425 2975 593 3060 implorare
611 2975 789 3052 debebatis,
813 2975 898 3059 quod
914 2997 979 3038 non
996 2974 1099 3038 redie-

83 3065 134 3135 tris
153 3069 197 3134 ad
215 3069 366 3155 coniuges
383 3069 562 3151 liberosque
580 3079 713 3134 vestros.
759 3068 816 3134 sed
838 3069 951 3133 horum
974 3088 1097 3149 quoque
1116 3086 1132 3132 8

83 3163 268 3240 mmoriam,
306 3163 386 3228 sicut
411 3163 531 3250 patriae
557 3163 700 3247 meique,
737 3163 890 3228 eieceritis
917 3184 958 3224 ex
984 3159 1097 3224 animis

83 3257 194 3323 'ostris
239 3257 324 3322 viam
340 3258 453 3323 consili
471 3258 630 3335 scelerati,
658 3258 716 3322 sed
736 3279 801 3321 non
819 3256 860 3320 ad
880 3255 1025 3318 ultimum
1043 3253 1099 3316 de·

83 3352 183 3417 uentis
203 3353 335 3437 exsequi
352 3353 435 3418 volo.
470 3375 561 3418 mene
580 3353 652 3418 vivo
671 3364 702 3416 et
721 3361 824 3416 cetero
842 3347 991 3414 incolumi
1009 3366 1132 3413 exer-9

83 3445 145 3524 itu,
173 3467 248 3510 cum
265 3469 328 3530 quo
347 3468 407 3534 ego
430 3446 480 3511 die
502 3470 565 3512 uno
586 3444 811 3531 Carthaginem
830 3443 913 3529 cepi,
941 3463 1014 3506 cum
1035 3462 1098 3524 quo

83 3551 219 3626 patmon
236 3541 392 3606 exercitus
408 3540 719 3628 Carthaginiensium
736 3539 819 3616 fudi,
837 3535 961 3624 fugavi,
981 3534 1096 3621 expuli,

83 3656 125 3703 'os
143 3647 219 3702 octo
235 3637 322 3703 milia
339 3637 511 3716 hominum,
530 3637 660 3703 minoris
679 3647 762 3701 certe
781 3657 890 3701 omnes
908 3631 990 3719 preti
1003 3652 1098 3714 quam

83 3731 185 3797 llbius
206 3743 237 3796 et
253 3733 367 3799 Atrius
386 3745 473 3811 sunt,
493 3733 605 3817 quibus
625 3756 681 3797 vos
702 3730 889 3807 subiecistis,
907 3724 1099 3812 Hispaniam

83 3826 265 3892 rovinciam
290 3828 408 3914 populo
425 3829 571 3893 Romano
599 3826 736 3914 erepturi
762 3824 875 3890 eratis?
910 3819 1041 3886 amolior
1067 3829 1099 3883 et
1118 3839 1149 3884 10

83 3942 204 3987 moveo
220 3944 336 3988 nomen
353 3945 473 4000 meum3
492 3923 570 3987 nihil
586 3923 669 3986 ultra
687 3921 778 3985 facile
797 3918 947 3983 creditam
963 3924 1099 3980 mortem

83 4038 173 4081 neam
186 4016 279 4082 vobis
292 4017 427 4082 violatus
443 4018 564 4082 sim—r
584 4016 678 4100 quid?
696 4014 724 4078 si
737 4037 797 4100 ego
811 4034 959 4090 morerer,
973 4031 1098 4074 mecum
1118 4027 1147 4074 11
