2528 4514
141 251 163 315 4
403 259 521 315 nmnn
538 215 623 327 uxr,
640 257 666 312 4.
680 255 705 311 a.
724 255 908 326 [caesae]

140 422 255 487 modus
273 417 390 496 linitus,
409 417 588 502 vigiliarum
606 413 769 499 somnique
786 435 846 479 nec
863 413 915 479 die
932 435 992 480 neo
1004 423 1088 480 nocte

109 517 305 584 rcriminata
330 523 484 600 temporat
516 512 552 577 id
575 511 661 595 quod
686 510 832 598 gerendis
858 507 955 576 rebus
982 532 1088 597 supere

141 611 239 696 quieti
255 610 377 684 datum,
401 629 440 672 ea
455 627 558 690 neque
576 605 664 671 molli
686 614 783 671 strato
801 625 904 689 neque
927 604 1051 671 silentio
1068 629 1088 670 a

142 705 216 782 sita;
239 703 329 768 multi
347 722 441 787 saepe
464 700 590 779 militari
612 699 725 786 sagulo
747 711 891 785 opertum
912 698 1003 764 humi
1020 699 1088 765 iace:

108 819 123 867 s
141 799 222 863 inter
239 797 397 863 custodias
416 795 629 879 stationesque
645 793 780 859 militum
803 805 1044 880 conspexerunt.
1079 817 1088 856 r

142 903 192 958 tus
211 891 289 956 nibil
305 892 385 956 inter
403 890 550 974 aequales
565 889 731 966 excellens,
749 911 837 969 arma
850 898 945 972 atque
959 888 1034 972 eqni
1051 910 1088 953 co

142 986 312 1052 ciebantur.
350 985 490 1068 equitum
512 984 716 1070 peditumque
738 983 823 1047 idem
840 981 935 1069 louge
958 983 1081 1067 primus

140 1082 286 1166 princeps
309 1080 342 1144 in
358 1079 513 1164 proelium
530 1078 609 1156 ibat,
632 1077 760 1142 ultimus
779 1086 925 1142 conserto
945 1077 1065 1163 proelio
1084 1105 1088 1139 t

142 1174 245 1240 debat.

109 1292 124 1338 a
205 1270 276 1334 Has
299 1278 402 1334 tantas
424 1268 484 1333 viri
501 1267 630 1332 mmutes
653 1265 793 1352 ingentia
814 1265 892 1330 vitia
913 1264 1088 1349 aequabant

141 1365 278 1429 humana
296 1363 474 1440 crudelitas,
492 1361 623 1446 perfidia
640 1360 712 1446 plus
730 1382 826 1444 quam
843 1358 982 1437 Punica,
1001 1360 1080 1424 nihil

141 1459 219 1523 nihil
242 1457 355 1534 sancti,
383 1456 488 1520 nullus
511 1456 606 1520 detlm
627 1463 744 1532 metus,
772 1453 893 1519 nullum
919 1454 970 1520 ius
997 1454 1088 1518 iuran

93 1574 124 1622 10
142 1552 228 1617 nulla
253 1551 372 1637 religio.
418 1571 490 1614 cum
517 1549 577 1614 hac
602 1549 707 1614 indole
729 1549 879 1613 virtutum
906 1558 1002 1632 atque
1031 1548 1088 1612 viti

142 1647 274 1712 triennio
293 1644 353 1710 sub
371 1643 572 1709 Hasdrubale
590 1644 777 1728 imperatore
794 1643 907 1707 meruit
925 1642 1074 1720 nullane,

142 1740 267 1827 agenda
283 1739 480 1822 videndaque
497 1760 613 1824 magno
626 1738 734 1802 futuro
747 1738 819 1802 duci
832 1746 926 1815 esset,
943 1746 1088 1822 praetera

110 1855 122 1901 1
206 1831 247 1898 V.
277 1831 426 1898 Ceterum
439 1855 478 1897 ex
496 1833 622 1916 quodie
637 1831 962 1909 duxestdcclaratus,
982 1831 1088 1896 velut]

49 1952 52 1963 ¹
143 1927 172 1991 ei
184 1926 345 2011 provincia
358 1927 483 1992 decreta
498 1926 678 2010 bellumque
686 1926 867 1992 Romanum
879 1925 1064 1990 mandatnm
1081 1948 1088 1988 ‹

110 2039 124 2085 a
142 2011 220 2085 nihil
237 2021 456 2106 prolatandum
472 2031 570 2098 ratus,
588 2043 628 2087 ne
646 2044 680 2086 se
699 2041 838 2104 quoquo,
858 2029 895 2084 ut
911 2029 1036 2105 patrenn
1053 2019 1088 2084 H

141 2136 254 2193 canem,
274 2115 387 2180 deinde
399 2114 643 2193 Hasdrubalem,
662 2123 861 2180 cunctantem
878 2135 973 2180 casus
992 2114 1088 2198 aliqui

108 2210 301 2294 aprimcret‚
331 2207 514 2296 Saguntinis
536 2210 651 2275 inferre
673 2209 790 2275 bellum
814 2209 930 2274 statuit.
976 2209 1088 2293 quibus

104 2348 111 2361 -
141 2304 320 2390 pugnandis
338 2304 412 2389 quia
430 2305 506 2369 haut
524 2305 619 2370 dubie
636 2304 780 2370 Romana
803 2327 891 2369 arma
908 2303 1088 2370 movebantr

142 2395 301 2464 Olcadum
322 2401 410 2484 prius
432 2399 512 2464 fines
530 2438 571 2446 —
590 2398 670 2463 ultra
693 2398 850 2463 Hiberum
872 2419 910 2462 ea
931 2420 1012 2484 gens
1035 2399 1069 2463 in
1087 2422 1088 2480 j

141 2493 243 2579 magis
262 2515 357 2577 quam
379 2495 413 2558 in
435 2494 556 2558 dicione
576 2492 885 2578 Carthaginiensium
907 2502 975 2558 erat
994 2531 1037 2540 —
1055 2493 1088 2557 in

142 2587 328 2665 exercitum,
356 2596 480 2652 utnon
506 2587 624 2671 petisse
648 2583 855 2671 Saguntinos,
884 2588 941 2652 sed
968 2610 1073 2652 rerum

141 2679 280 2744 finitimis
299 2680 425 2744 domitis
447 2679 595 2766 gentibus
613 2679 836 2767 iungendoque
858 2691 976 2747 tractus
1002 2685 1045 2748 ad
1060 2683 1088 2746 id

107 2791 124 2838 4
141 2772 207 2836 lum
217 2772 315 2836 videri
324 2782 440 2857 posset.
466 2773 625 2839 Cartalam
638 2776 749 2841 urbem
762 2776 953 2862 opulentam,
968 2787 1064 2863 caput
1071 2801 1088 2864 g

141 2866 218 2942 eius,
239 2876 399 2952 expugnat
416 2867 597 2953 diripitque3
616 2892 679 2953 quo
698 2879 784 2935 metu
796 2871 961 2956 perculsae
975 2873 1088 2937 minor<

140 2959 252 3025 vitates
272 2960 426 3045 stipendio
443 2959 579 3048 inposito
597 2964 764 3050 imperium
782 2987 941 3051 accepere.
968 2967 1070 3031 victor
1086 2999 1088 3018 ι

141 3054 221 3118 citus
239 3054 468 3140 opulentusque
485 3059 602 3143 praeda
617 3059 842 3147 Carthaginem
859 3082 975 3126 novam
993 3061 1028 3125 in
1046 3061 1088 3125 hil

107 3156 188 3216 cest
210 3149 375 3215 deductus.
414 3149 460 3216 ibi
482 3152 569 3239 large
590 3155 755 3239 partiendo
776 3157 927 3240 praedam
954 3155 1088 3240 stipendi

139 3244 305 3327 praeterito
329 3265 402 3309 cum
424 3243 488 3311 fide
509 3247 701 3314 exsolvendo
723 3249 843 3314 cunctis
862 3250 979 3314 civium
1003 3251 1088 3316 socio

140 3357 201 3419 que
219 3337 331 3402 animis
349 3339 382 3403 in
400 3361 435 3404 se
452 3339 582 3407 firmatis
601 3365 673 3407 vere
691 3343 792 3428 primo
814 3343 848 3407 in
866 3342 1032 3409 Vaccaeos
1049 3369 1088 3430 pn

107 3438 207 3498 otum
228 3430 355 3496 bellum.
400 3436 617 3501 Hermandica
644 3447 674 3503 et
696 3437 856 3504 Arbocala
883 3462 994 3504 eorum
1021 3441 1088 3506 urbe

140 3533 259 3609 captae.
298 3524 460 3594 Arbocala
481 3539 512 3594 ct
533 3531 647 3596 virtute
669 3542 700 3597 et
722 3533 932 3598 multitudine
944 3536 1088 3620 oppidem

108 3641 121 3686 7
141 3619 195 3684 diu
213 3621 352 3688 defensa
393 3625 433 3690 ab
451 3625 666 3693 Hermandica
686 3628 815 3715 profugi
838 3630 983 3696 exulibus
1004 3629 1088 3698 Olea

140 3714 241 3796 priore
259 3727 377 3784 aestate
395 3719 530 3787 domitae
543 3724 657 3810 gentis,
676 3745 749 3789 cum
763 3747 796 3789 se
810 3724 996 3805 innuissent,
1017 3749 1088 3794 oon<

107 3822 122 3869 8
142 3803 351 3892 Carpetanos,
383 3815 545 3900 adortique
571 3817 784 3884 Hannibalem
810 3843 990 3908 regressum
1023 3847 1064 3888 ex

141 3900 224 4056 {aeis
242 3903 318 3970 haut
334 3909 444 3992 procul
461 3910 553 3998 Tago
570 3912 700 3979 lluminc
720 3939 836 4003 agmen
853 3939 950 4004 grave
971 3919 1088 4006 praeda

164 4015 264 4061 avere.
453 4014 454 4020 ’
