2528 4514
199 240 266 307 456
412 248 529 306 LIBER
546 246 702 318 XXVIIII,
720 245 762 300 lla
777 243 820 301 15.
839 246 913 318 [au.
925 261 950 300 c.
960 244 1027 320 550]

168 435 184 487 o
203 413 329 480 civitate
346 411 450 476 virum
467 408 621 474 bonorum
639 406 793 494 optimum
812 428 894 471 esse.
929 404 965 470 id
982 404 1097 491 quibus
1113 405 1211 475 virtuti·

201 507 263 573 bus
285 505 405 570 inducti
427 504 471 568 ita
492 502 672 580 iudicarint,
696 502 778 567 sicut
795 501 946 567 traditum
964 522 984 565 a
1001 501 1148 588 proximis
1162 526 1212 570 me-

200 602 319 668 moriae
340 609 518 685 tempcrum
534 595 659 661 illorum
677 595 882 681 scriptoribus
900 594 1004 661 libens
1023 596 1153 683 posteris
1168 606 1213 663 tm

202 697 323 772 derem,
357 694 402 759 ita
431 714 519 757 meas
551 691 714 778 opiniones
746 690 952 756 coniectando
981 712 1052 756 rem
1082 702 1214 758 vetustate

151 811 186 862 10
203 791 347 856 obrutam
373 809 437 851 non
462 786 669 871 interponam.
718 783 756 849 P.
786 782 955 850 Cornelius
985 806 1062 851 cum
1092 786 1214 853 omnibus

203 882 354 950 matronis
378 879 505 948 Ostiam
527 880 572 945 ire
593 880 699 945 iussus
722 878 849 945 obviam
872 879 964 958 deae,
991 881 1086 965 isque
1107 882 1212 947 eamdc

202 999 283 1044 nave
305 977 447 1063 accipere
469 974 555 1040 etin
576 983 691 1039 terram
713 973 828 1039 elatam
849 974 973 1040 tradere
990 975 1152 1042 ferendam
1166 998 1214 1041 ma·

153 1096 184 1144 11
203 1072 312 1138 tronis.
338 1080 507 1157 postquam
524 1069 614 1135 navis
633 1069 674 1134 ad
691 1069 808 1134 ostium
825 1069 927 1135 amnis
936 1069 1082 1136 Tiberini
1096 1068 1212 1147 accessit,

204 1168 285 1234 sicut
307 1175 374 1232 erat
395 1165 516 1242 iussus,
538 1165 572 1228 in
596 1164 698 1229 salum
715 1186 796 1229 nave
814 1174 942 1230 evectus
960 1164 1003 1230 ab
1023 1165 1213 1232 sacerdotibus

152 1263 296 1331 redeam
322 1259 443 1344 accepit
469 1258 641 1342 extulitque
667 1259 700 1322 in
726 1268 850 1323 terram.
895 1268 1060 1325 matronae
1086 1261 1212 1345 primores

203 1354 352 1432 civitatis,
379 1354 461 1419 inter
482 1374 562 1436 quas
584 1353 678 1418 unius
702 1350 856 1417 Claudiae
878 1351 1021 1435 Quintae
1042 1355 1163 1442 insigne
1179 1360 1212 1418 cst

203 1471 333 1526 nomen,
352 1469 516 1535 accepere;
539 1447 590 1512 cui
607 1445 719 1524 dubia,
742 1456 778 1512 ut
795 1447 936 1526 traditur,
959 1458 1055 1514 antea
1072 1449 1156 1514 fama
1168 1447 1213 1513 cla·

203 1544 318 1609 riorem
348 1543 388 1608 ad
419 1552 561 1629 posteros
588 1551 653 1607 tam
678 1541 827 1628 religioso
852 1542 1028 1608 ministerio
1055 1542 1212 1630 pudicitiam

154 1657 185 1707 13
203 1638 287 1703 fecit.
337 1660 393 1703 eae
422 1660 480 1723 per
510 1659 636 1714 manus,
673 1637 877 1702 succedentes
908 1637 1027 1703 deinde
1051 1638 1132 1704 aliae
1154 1636 1212 1713 aliis,

204 1733 289 1797 omni
308 1732 435 1798 obviam
453 1731 554 1797 effusa
572 1731 712 1808 civitate,
731 1730 876 1798 turibulis
893 1741 967 1797 ante
985 1732 1099 1799 ianuas
1116 1731 1212 1820 positia

203 1848 267 1910 qua
296 1825 546 1912 praeferebatur,
578 1836 672 1910 atque
698 1847 833 1891 accenso
859 1837 942 1905 ture,
973 1828 1212 1912 precantibusut

203 1920 313 1985 volens
331 1920 527 2006 propitiaque
545 1920 656 1986 urbem
673 1920 810 1986 Romam
826 1921 933 2000 iniret,
951 1921 987 1986 in
1004 1923 1117 1989 aedem
1128 1921 1212 1989 Victo·

202 2014 281 2091 riae,
307 2035 388 2098 quae
411 2024 459 2080 est
480 2015 514 2078 in
535 2015 672 2094 Palatio,
696 2015 851 2102 pertulere
874 2016 967 2082 dcam
989 2040 1037 2103 pr.
1056 2019 1129 2085 idus
1144 2016 1212 2102 Apa,

154 2128 186 2175 14
203 2108 294 2193 isque
313 2109 380 2174 dies
398 2108 498 2175 festus
516 2109 586 2175 fuit.
630 2111 767 2196 populus
788 2110 938 2195 frequens
957 2112 1042 2176 dona
1061 2113 1138 2178 deae
1152 2109 1212 2183 ulit,

203 2202 490 2287 lectisterniumque
509 2214 540 2268 et
556 2204 623 2268 ludi
640 2204 743 2282 fuere,
762 2203 940 2291 Megalesia
957 2207 1125 2292 appellata.

170 2321 183 2366 1
267 2298 346 2363 XV.
392 2297 475 2364 Cum
502 2299 541 2363 de
565 2299 782 2384 supplemento
803 2299 979 2386 legionum,
1007 2323 1091 2386 quae
1113 2303 1144 2366 in
1161 2320 1215 2386 pm-

203 2392 314 2457 vineiis
334 2402 434 2470 erant,
454 2402 607 2478 ageretur,
631 2402 757 2478 tempus
776 2416 847 2459 esse
864 2418 884 2459 a
901 2394 1097 2479 quibusdam
1115 2402 1214 2461 senato·

201 2484 290 2550 ribus
310 2485 486 2551 subiectum
504 2496 566 2564 est,
585 2508 666 2570 quae
684 2487 788 2552 dubiis
806 2489 840 2552 in
856 2489 951 2554 rebus
970 2499 1142 2576 utcumque
1157 2487 1215 2554 tolo·

201 2589 270 2644 rata
286 2589 405 2658 esseut,
425 2603 462 2645 ea
475 2580 602 2667 dempto
616 2582 679 2646 iam
693 2583 820 2647 tandem
834 2582 928 2648 deum
941 2583 1138 2672 benignitate
1149 2591 1215 2649 metu

168 2692 267 2739 anon
289 2673 370 2739 ultra
391 2675 466 2760 pati.
512 2676 623 2741 erectis
641 2677 857 2762 expectatione
873 2677 1018 2762 patribus
1038 2680 1216 2746 snbiecenul

202 2765 340 2832 colonias
358 2767 492 2834 Latinas
516 2770 694 2848 duodecim,
723 2793 803 2855 quae
827 2769 868 2854 Q.
886 2771 989 2838 Fabio
1012 2784 1046 2839 et
1065 2773 1108 2858 Q.
1124 2770 1218 2841 Fuluio

203 2860 385 2926 consulibus
403 2862 587 2929 abnuissent
605 2866 719 2931 milites
738 2867 826 2944 dare,
846 2889 899 2932 eas
918 2890 1040 2934 annum
1058 2871 1122 2936 iam
1139 2869 1217 2935 tems

202 2962 328 3017 sextum
340 2957 536 3023 vacationem
549 2960 677 3024 militiae
692 2982 782 3044 quaer
773 2960 922 3027 honoris
935 2972 968 3028 et
981 2962 1130 3031 beneficii
1142 2982 1217 3030 caus!

168 3067 183 3113 3
201 3046 332 3127 habere
360 3072 432 3115 cum
453 3052 578 3118 interim
600 3052 675 3120 boni
696 3055 961 3141 oboedientesque
985 3059 1067 3124 socii
1092 3082 1147 3145 pro
1168 3056 1216 3122 fito

201 3152 296 3226 atque
319 3143 502 3230 obsequio
493 3171 526 3211 m
548 3149 701 3234 populum
718 3150 897 3216 Romanurn
916 3153 1078 3219 continuis
1098 3153 1216 3220 omnium

166 3257 183 3303 4
202 3259 355 3303 annorum
373 3240 539 3307 dilectibus
557 3243 702 3309 exhausti
721 3255 836 3310 essent.
863 3244 923 3312 sub
941 3246 1026 3312 hanc
1044 3272 1155 3315 vocem
1169 3264 1217 3312 nm

200 3333 352 3398 memoria
374 3335 475 3445 magis
498 3336 639 3421 patribus
662 3350 812 3405 renovata
828 3340 874 3405 rei
891 3362 992 3451 prope
1008 3342 1077 3409 iam
1094 3344 1219 3410 oblitera-

166 3434 251 3493 otae
273 3447 369 3510 quam
390 3429 436 3494 ira
458 3430 577 3496 irritata
598 3442 656 3498 cst.
701 3434 807 3518 itaque
825 3434 903 3498 nihil
920 3435 1010 3544 prius
1027 3438 1147 3504 referre
1161 3456 1220 3502 cou-

201 3519 285 3585 sules
303 3523 390 3606 passi
408 3522 626 3603 decreverunt,
600 3534 680 3591 tut
694 3528 839 3593 eonsules
854 3529 1062 3615 magistratus
1076 3534 1220 3616 denosque

199 3614 356 3700 principes
374 3615 508 3704 Nepet,e
529 3573 650 3698 Sutrib,
669 3618 792 3698 Ardea,
812 3620 960 3701 Calibus,
979 3623 1084 3705 Alba,
1104 3626 1221 3693 carseo

199 3706 253 3785 lis,
275 3707 373 3787 Cora,
399 3709 533 3790 Suessa,
559 3711 660 3793 Setia,
684 3713 839 3794 Cerceiis,
857 3671 990 3796 Narnia,
1008 3719 1219 3787 Interamna-

199 3800 259 3867 hae
276 3826 412 3890 namque
431 3806 597 3873 coloniae
587 3832 621 3872 ιιι
635 3831 673 3874 ea
686 3831 783 3876 causa
796 3821 919 3876 eraut·
927 3767 1070 3880 Rolnam
1084 3816 1221 3889 excucutt

166 3895 239 3963 oiis
255 3898 459 3984 imperarent,
482 3912 634 3986 qnantum
652 3925 796 3989 quaeque
815 3927 924 3971 earum
942 3907 1139 3976 coloniarum
1155 3904 1219 3973 niti-

200 3998 267 4052 tum
288 3992 469 4076 plurumum
491 3997 630 4063 dedisset
651 3999 769 4085 populo
789 3998 949 4080 Romano,
978 4023 1020 4066 ex
1043 4025 1109 4090 quo
1130 4004 1220 4070 hona
