2528 4514
143 223 208 289 474
350 229 468 285 LIBER
485 225 645 295 XXVIIII,
664 224 708 279 30.
721 224 764 279 31.
785 228 824 294 [a.
834 241 863 280 u.
873 222 972 293 asco]

142 390 337 459 Masinissae
356 408 428 453 sese
444 384 657 473 permisisset,
684 381 827 447 faunum
849 405 926 449 eum
943 382 976 448 in
993 381 1095 449 eodem
1107 381 1148 449 ho-

94 511 125 559 12
143 510 235 565 nore,
254 507 317 570 quo
336 481 421 570 apud
440 480 556 547 Galam
575 478 731 546 Oesalces
749 478 912 563 quondam
930 478 1056 558 fuisset,
1072 476 1150 563 etqui

143 578 339 646 Mazaetullo
365 585 491 663 praeter
513 573 723 661 inpunitatem
745 595 805 637 sua
826 573 936 639 omnia
958 594 1031 639 cum
1050 572 1151 638 fidere·

145 673 233 742 stitui
252 670 457 759 sponderent,
477 668 570 733 ambo
582 666 799 755 praeoptantis
814 667 909 734 exilio
923 667 1079 734 modicam
1090 664 1152 733 doni

146 772 320 843 fortunam,
347 764 453 830 omnia
478 785 520 829 ne
545 763 580 827 id
606 763 696 828 fieret
718 759 1042 850 Carthaginiensibus
1067 763 1103 828 de
1119 761 1152 826 in·

58 872 65 885 ⁹
146 862 268 928 dustria
286 859 470 946 agentibus,
490 858 531 923 ad
550 880 621 922 sese
638 857 797 943 perduxit.

113 981 127 1027 1
211 953 350 1020 XXXI.
385 951 571 1017 Hasdrubal
589 963 656 1016 tum
674 952 770 1030 forte,
790 974 864 1017 cum
882 953 965 1019 haec
981 953 1154 1040 gerebaohn,

147 1049 232 1138 apud
255 1046 437 1135 Syphacem
459 1055 540 1124 erat3
567 1045 621 1129 qui
637 1045 810 1124 Numidae,
838 1047 925 1111 haud
948 1068 1028 1113 sane
1048 1046 1156 1113 mutua

147 1144 250 1209 adse
276 1140 433 1228 pertinere
460 1139 615 1216 credenti,
650 1149 756 1204 utrum
780 1162 881 1227 penes
908 1139 1110 1207 Lacumazen
1128 1162 1157 1205 aa

113 1261 129 1308 a
147 1235 356 1302 Masinissam
372 1255 507 1320 regnum
515 1233 748 1299 Maesuliorum
766 1244 862 1313 esset,
879 1234 952 1299 falli
964 1258 1040 1302 eum
1051 1256 1158 1321 meguo-

147 1353 222 1419 pere
249 1329 306 1408 ait,
334 1329 361 1394 si
378 1328 587 1393 Masinissam
614 1327 736 1393 eisdem
762 1339 948 1395 contentum
973 1331 1045 1396 fore
1069 1331 1159 1417 quibu

147 1436 271 1511 patrem
289 1421 404 1489 Galam
422 1434 477 1487 aut
493 1433 642 1510 patruum
659 1423 727 1488 eius
747 1421 922 1491 Oesalcem
938 1425 1064 1491 credat:
1083 1423 1160 1490 multo

148 1519 299 1584 maiorem
325 1518 465 1584 indolem
490 1518 524 1582 in
548 1541 587 1584 eo
613 1518 710 1583 animi
731 1518 915 1604 ingeniique
938 1541 1014 1586 esse
1036 1518 1162 1606 quamin

113 1640 130 1686 a
148 1613 213 1680 ullo
231 1613 335 1700 gentis
354 1614 422 1679 eius
440 1635 592 1698 umquam
609 1614 734 1680 fuisset.
770 1636 866 1701 saepe
884 1615 1014 1681 eumin
1027 1614 1163 1703 Hispania

147 1732 237 1776 rarae
259 1708 340 1773 inter
362 1707 506 1774 homines
529 1708 654 1773 virtutis
677 1708 838 1795 specimen
860 1709 990 1776 dedisse
1014 1711 1105 1777 sociis
1122 1730 1165 1797 pa·

31 1831 35 1839 ·
147 1803 223 1869 riter
241 1802 458 1887 hostibusque.
503 1814 535 1867 ct
554 1800 735 1890 Syphacem
754 1813 786 1868 et
805 1801 1096 1890 Carthaginiensis,
1118 1801 1166 1869 nia?

149 1896 302 1962 orientem
315 1895 404 1959 illum
417 1895 526 1982 ignem
539 1896 783 1983 oppressissent,
801 1897 924 1983 ingenti
937 1920 1018 1963 mox
1029 1897 1166 1975 incendo,

108 2008 221 2054 tcum
246 1989 311 2053 iam
336 1989 456 2053 nullam
482 2013 577 2077 opem
603 1991 685 2056 ferre
711 2002 858 2078 possent,
893 2015 1047 2073 arsuros3
1081 1993 1168 2059 adhuc

149 2096 273 2150 teneras
300 2096 333 2149 et
358 2084 488 2171 fragiles
516 2085 600 2151 vires
627 2085 695 2151 eius
722 2109 808 2164 esse,
844 2087 978 2153 vixdum
1002 2089 1168 2155 coalescens

148 2177 285 2246 foventis
312 2201 457 2265 regnum.
502 2180 650 2245 instando
674 2181 929 2266 stimulandoque
952 2183 1121 2269 pervincit,
1142 2192 1170 2245 ut
1202 2216 1204 2263 !

113 2297 130 2344 5
149 2274 321 2340 exercitum
340 2274 470 2338 adfinis
488 2273 720 2340 Maesuliorum
739 2276 908 2341 admoveat
931 2288 1031 2360 atque
1048 2278 1081 2343 in
1098 2298 1170 2364 agro,
1202 2278 1204 2287 '

148 2370 187 2433 de
211 2391 273 2452 quo
297 2390 393 2454 saepe
417 2391 489 2432 cum
513 2366 596 2433 Gala
618 2392 683 2434 non
705 2369 809 2435 verbis
836 2371 933 2437 modo
960 2372 1171 2460 disceptatum,

148 2463 206 2527 sed
232 2462 327 2528 etiam
353 2462 449 2528 armis
477 2473 631 2527 certatum
657 2463 778 2542 ararat,
814 2475 979 2548 tamquam
1008 2466 1074 2532 hau
1099 2464 1172 2532 dubii

147 2557 223 2622 iuris
249 2557 312 2636 sui,
341 2568 446 2623 castra
466 2557 564 2622 locet:
592 2557 620 2622 si
642 2558 712 2642 quis
736 2570 854 2638 arceat,
881 2570 919 2625 ut
941 2563 1033 2644 quod
1050 2561 1172 2628 maxims

112 2673 128 2720 6
147 2675 227 2739 opus
247 2653 301 2730 sit,
321 2653 387 2718 acie
406 2653 640 2732 dimicaturum3
664 2654 713 2719 sin
730 2678 788 2741 per
805 2668 926 2722 metum
944 2681 1028 2744 agro
1047 2660 1170 2735 ashur,

146 2745 180 2809 in
197 2746 336 2810 medium
357 2771 492 2833 regnum
515 2749 668 2827 eundum;
697 2760 752 2815 aut
774 2750 842 2815 sine
861 2753 1040 2820 certamine
1058 2775 1172 2821 conces·

148 2861 238 2903 suros
256 2840 290 2902 in
308 2841 463 2906 dicionem
483 2843 550 2908 eius
568 2843 758 2922 Maesulios,
787 2857 842 2910 aut
863 2868 1074 2934 nequaquam
1093 2868 1170 2936 parat

113 2956 128 3000 7
148 2933 270 2998 futuros
290 2935 396 3001 armis.
440 2936 490 3002 his
514 2939 644 3004 vocibus
666 2939 814 3005 incitatus
834 2939 971 3026 Syphax
990 2944 1169 3010 Masinissa

146 3027 263 3092 bellum
281 3028 377 3096 infert
400 3042 431 3095 et
447 3032 550 3118 primo
569 3034 739 3099 certamine
755 3035 934 3101 Maesulios
953 3037 1066 3105 fundit
1081 3040 1168 3125 fugat

146 3143 217 3205 que.
257 3122 433 3190 Masinissa
452 3148 524 3190 cum
541 3127 651 3213 paucis
670 3128 828 3212 equitibus
846 3153 886 3195 ex
905 3129 975 3197 acie
994 3133 1031 3198 in
1048 3144 1167 3200 monam

111 3235 127 3282 8
145 3217 311 3281 —Bellum
328 3219 450 3285 incolae
468 3234 584 3286 vocant
596 3260 623 3268 —
634 3224 784 3310 perfugit.
820 3224 962 3290 familiae
978 3227 1100 3313 aliquot
1111 3246 1166 3292 cun

145 3311 322 3396 mapalibus
341 3315 572 3401 pecoribusque
592 3319 657 3383 suis
670 3357 698 3368 -
711 3342 750 3384 ea
765 3319 901 3406 pecunia
919 3320 984 3386 illis
1004 3334 1056 3390 est
1071 3361 1097 3373 -
1111 3341 1166 3408 per·

146 3405 246 3468 secuti
265 3420 338 3471 sunt
355 3431 479 3495 regem,
508 3422 613 3477 cetera
629 3413 860 3479 Maesuliorum
883 3416 1061 3483 multitudo
1080 3417 1112 3482 in
1129 3413 1165 3477 dl

111 3519 126 3567 9
146 3498 268 3564 cionem
279 3499 436 3587 Syphacis
452 3507 618 3572 concessit.
647 3530 742 3591 quem
751 3519 902 3595 ceperant
915 3511 1031 3577 exules
1044 3520 1165 3577 montem

143 3592 294 3659 herbidus
323 3619 524 3684 aquosusque
552 3612 614 3680 est;
643 3613 675 3666 et
701 3602 775 3686 quia
800 3602 908 3688 pecori
935 3603 1044 3672 bonus
1070 3601 1164 3670 alendo

144 3697 224 3764 erat,
243 3688 408 3754 hominum
426 3713 551 3778 quoque
569 3716 663 3760 carne
681 3717 719 3761 ac
735 3696 817 3761 lacte
835 3698 1040 3764 vescentium
1056 3694 1162 3764 abunde

93 3798 126 3848 lo
144 3781 321 3847 sufficiebat
339 3783 505 3853 alimentis.
537 3788 611 3854 inde
629 3790 792 3855 nocturnis
809 3790 913 3878 primo
932 3813 972 3857 ac
990 3792 1112 3859 fintivis
1125 3788 1162 3852 iu·

143 3874 355 3956 cursionibus‚
383 3880 497 3947 deinde
520 3895 629 3970 aperto
647 3883 811 3950 latrocinio
828 3884 948 3951 infesta
971 3887 1079 3953 omnia
1094 3885 1160 3949 cira

101 4054 105 4061 ,
142 3987 232 4046 ess&
268 3973 405 4040 maxime
430 3976 480 4041 uri
507 3975 780 4065 Carthaginiensis
809 4003 904 4067 agor,
941 3982 1019 4065 quia
1048 3992 1080 4047 et
1100 3977 1160 4065 plus
