2528 4514
148 241 189 306 10
386 248 505 305 aranu
521 248 609 318 xxi,
628 247 730 302 11.12.
750 246 935 318 [suasae]

112 433 129 481 5
146 420 232 477 retur
252 430 357 496 posse.
404 404 573 493 Saguntini
595 414 631 470 ut
652 429 672 470 a
693 404 819 490 procliis
843 405 981 488 quietem
1003 404 1094 470 habt

145 526 204 570 nec
216 504 408 568 lacessentes
421 523 480 566 nec
493 499 632 565 lacessiti
644 522 700 585 per
713 500 831 583 aliquot
844 499 922 576 dies,
940 499 985 564 ita
997 522 1060 565 non
1077 521 1094 561 1

135 615 211 663 ¹non
227 597 278 663 die
296 617 446 680 umquam
465 604 664 659 cessaverant
682 592 722 658 ab
741 614 844 678 opere,
863 602 900 655 ut
916 614 1035 657 novum
1051 615 1094 656 rn

146 691 187 757 ab
205 713 244 757 ea
260 699 363 777 parte,
382 711 445 773 qua
461 687 655 774 patefactum
672 688 824 772 oppidum
846 687 946 752 ruinis
964 696 1045 765 erat,
1066 709 1094 751 rr

112 795 224 856 arent.
268 783 343 849 inde
365 783 558 869 oppugnatio
577 804 631 847 eos
656 781 815 864 aliquanto
839 781 975 846 atrocior
991 803 1094 865 quam

99 914 103 920 „
147 879 257 945 adorta
274 887 336 957 est,
354 899 413 942 nec
431 898 494 960 qua
510 876 645 961 primum
664 884 718 940 aut
735 875 936 960 potissimum
953 887 1043 960 parte
1059 875 1094 939 fe

147 995 250 1059 opem,
269 994 341 1038 cum
360 970 465 1037 omnia
478 970 572 1034 variis
592 968 779 1034 clamoribus
799 977 982 1055 streperent,
1002 969 1077 1034 satis

114 1090 128 1136 7
147 1075 300 1154 poterant.
337 1068 405 1152 ipse
423 1063 594 1141 Hannibal,
614 1086 677 1146 qua
694 1063 788 1128 turris
806 1061 932 1128 mobilis
952 1063 1094 1128 omnian

145 1169 252 1226 menta
268 1159 355 1226 urbis
370 1181 522 1244 superans
541 1157 704 1221 altitudine
720 1155 882 1242 agebatur,
901 1155 1042 1221 hortator
1059 1155 1093 1220 ad

146 1276 318 1341 quaecum
336 1254 464 1320 admota
482 1251 647 1337 catapultis
666 1250 862 1335 ballistisque
883 1271 941 1335 per
960 1251 1065 1315 omnia
1083 1258 1094 1311 t

111 1371 131 1420 8*
144 1350 208 1415 lata
226 1348 387 1434 dispositis
404 1369 511 1411 muros
526 1345 744 1411 defensoribus
761 1346 924 1422 nudasset,
939 1353 1008 1408 tum
1016 1344 1094 1408 Ham

145 1443 344 1512 occasionem
359 1449 446 1506 ratus
465 1439 653 1526 quingentos
671 1438 771 1504 ferme
779 1436 879 1503 Afros
894 1460 968 1502 cum
982 1436 1094 1503 dolabri

77 1598 83 1605 .
146 1537 362 1604 subruendum
380 1535 420 1601 ab
434 1534 497 1599 imo
511 1558 636 1599 murum
654 1534 758 1598 mittit.
790 1555 850 1598 nec
863 1542 930 1598 erat
943 1533 1094 1598 difficile(

147 1631 234 1716 quod
250 1637 414 1696 caementa
430 1651 495 1695 non
512 1628 599 1694 calce
616 1627 728 1693 durata
745 1636 846 1705 erant,
873 1627 930 1692 sed
952 1627 1087 1691 interlita

109 1741 128 1794 a‘
147 1733 320 1792 structurae
338 1724 485 1808 antiquae
502 1744 627 1810 genere.
655 1722 761 1806 itaque
773 1721 868 1788 latius
881 1743 979 1806 quam
992 1744 1056 1807 qua
1069 1744 1094 1786 oa

144 1827 230 1885 retur
245 1816 366 1893 ruebat,
385 1838 504 1901 perque
521 1815 661 1901 patentia
677 1815 776 1880 ruinis
794 1817 922 1901 agmina
939 1826 1094 1881 armatoru

97 1932 130 1980 10
148 1910 259 1978 urbem
276 1908 444 1976 radebant.
480 1910 586 1975 locum
603 1931 729 1994 quoque
747 1909 866 1974 editum
884 1909 1014 1995 capiunt
1033 1909 1094 1976 con*

146 2026 208 2089 que
226 2026 263 2070 eo
286 2002 453 2088 catapultis
475 2002 687 2086 ballistisque,
712 2011 748 2067 ut
764 2001 929 2068 castellum
951 2004 986 2068 in
1008 2004 1079 2089 ipsa

145 2099 232 2164 velut
254 2120 359 2164 arcem
380 2098 585 2163 inminentem
602 2097 768 2176 haberent,
786 2120 876 2162 muro
895 2099 1094 2164 circumdant

147 2190 317 2280 Sagrmtini
334 2214 459 2256 murum
476 2192 656 2257 interiorem
669 2191 709 2257 ab
722 2192 862 2256 nondum
877 2202 969 2277 capta
986 2205 1094 2278 parter

96 2308 126 2355 11
147 2286 275 2352 ducunt
319 2286 475 2371 utrimque
494 2308 618 2352 summa
633 2286 667 2350 vi
684 2294 716 2350 et
732 2285 879 2350 muniunt
896 2296 927 2351 et
943 2297 1090 2373 pugnant

144 2381 292 2449 interiora
304 2381 421 2448 tuendo
435 2381 588 2445 minorem
605 2380 639 2443 in
652 2379 719 2444 dies
737 2378 848 2444 urbem
859 2377 1031 2466 Saguntini
1048 2381 1094 2446 fac

94 2495 125 2542 12
146 2478 239 2543 simul
253 2478 365 2543 crescit
376 2478 484 2564 inopia
497 2476 637 2542 omnium
646 2476 742 2564 longa
750 2476 913 2543 obsidione
923 2487 954 2543 et
963 2479 1094 2543 minuitu

143 2572 523 2658 pectatioextemaeopis,
543 2578 690 2634 cumtam
702 2571 813 2655 procul
820 2570 967 2650 Romani,
986 2573 1083 2638 unica

95 2680 126 2766 13
144 2666 227 2731 circa
245 2667 350 2731 omnia
367 2666 506 2731 hostium
521 2673 635 2730 essent.
663 2664 823 2750 paulisper
836 2675 942 2731 tamen
955 2667 1094 2733 adfectos

144 2781 214 2823 mos
232 2760 385 2823 recreavit
401 2759 564 2844 repentina
585 2757 738 2844 profectio
756 2758 947 2825 Hannibalis
965 2761 1000 2825 in
1018 2760 1094 2828 Oret

145 2849 414 2937 Carpetanosque,
429 2853 483 2936 qui
497 2854 559 2918 duo
576 2852 686 2938 populi
704 2851 836 2919 dilectus
854 2855 1025 2920 acerbitate
1041 2879 1094 2922 con

144 2944 210 3008 nati
226 2945 355 3010 retentis
375 2946 638 3030 conquisitoribus
657 2954 777 3011 metum
792 2945 977 3012 defectionis
996 2971 1094 3035 oum]

142 3037 300 3116 buissent,
324 3040 467 3125 oppressi
494 3041 650 3106 celeritate
671 3039 863 3106 Hannibalis
892 3042 1067 3108 omiserunt

144 3155 241 3198 arma.

110 3240 124 3286 1
202 3226 285 3291 XII.
316 3226 384 3292 Nec
401 3225 536 3314 Sagunti
553 3228 746 3314 oppugnatio
765 3228 891 3314 segnior
909 3239 976 3294 erat
989 3229 1094 3296 Maha:

143 3320 333 3385 Himilconis
350 3320 549 3387 filio-eum
566 3320 761 3406 praefecerat
768 3320 1037 3388 Hannibal—ita
1055 3325 1094 3410 in]

142 3435 209 3479 rem
228 3423 356 3500 agente,
379 3422 415 3478 ut
432 3414 546 3480 ducem
563 3413 676 3480 abesse
697 3435 757 3480 nec
774 3415 859 3480 cives
876 3438 936 3482 neo
952 3416 1064 3484 hostes
1084 3442 1094 3482 s

108 3527 124 3575 a
142 3517 221 3574 rent.
257 3507 286 3572 is
300 3516 332 3572 et
344 3508 464 3592 proelia
481 3507 600 3593 aliquot
614 3507 754 3574 secunda
766 3508 843 3573 fecit
856 3519 888 3574 et
904 3509 1007 3576 tribus
1026 3511 1093 3576 arie

143 3604 338 3687 aliquantum
356 3603 438 3667 muri
455 3603 605 3668 discussit
623 3611 782 3688 strataque
795 3604 901 3669 omnia
913 3607 1094 3672 recentibus

108 3714 125 3761 3
142 3696 191 3761 nis
211 3696 388 3762 advenienti
397 3695 571 3762 Hannibali
589 3697 734 3763 ostendit.
769 3697 875 3781 itaque
890 3699 931 3764 ad
948 3699 1054 3784 ipsam
1073 3725 1094 3765 a

143 3791 300 3875 extemplo
319 3790 432 3856 ductus
450 3791 604 3857 exercitus
623 3800 775 3874 atroxque
791 3791 947 3877 proelium
965 3815 1040 3859 oum
1063 3818 1094 3859 m

142 3904 214 3946 rum
230 3884 387 3968 utrimque
405 3884 501 3950 caede
518 3884 631 3950 initum
650 3895 681 3950 et
697 3907 771 3970 pars
789 3885 870 3951 arcis
889 3894 983 3971 capta
1000 3896 1059 3953 est.

107 3998 125 4044 4
204 3974 371 4062 Temptata
384 3978 497 4045 deinde
513 4001 571 4065 per
582 3980 662 4047 duos
677 3988 725 4046 est
743 3979 858 4066 exigua
874 3981 963 4066 pacis
982 4003 1094 4068 spear
