2528 4530
140 221 205 287 490
393 228 509 283 LIBER
526 228 624 296 XXX,
641 228 667 282 ἃ
681 229 708 282 9.
727 231 767 296 [a.
775 244 804 281 u.
814 227 913 296 adol]

138 389 307 464 intentum,
333 386 459 470 iamque
480 384 643 449 machinas
666 384 889 449 admoventem
909 383 1010 449 mnfis
1034 385 1144 451 adrerffl

104 507 121 554 2
139 484 226 548 fama
241 479 447 566 redintegrati
464 478 554 555 belli,
581 478 778 562 modicisque
798 478 956 564 praesidis
973 478 1016 543 ad
1032 479 1145 565 speciem

137 576 234 642 modo
260 573 433 640 obsidionis
460 582 544 637 terra
570 572 710 655 marique
731 571 849 637 relictis
869 571 942 658 ipse
963 593 1037 637 curn
1056 575 1145 638 robore

105 692 122 738 a
141 668 296 735 exercitus
313 668 359 732 ire
378 667 420 731 ad
436 665 538 731 hostis
556 666 669 751 pergit
712 665 815 752 primo
831 665 866 730 in
883 667 1007 731 urmnlo
1024 678 1146 751 patum

139 762 227 827 milia
252 762 352 826 ferme
378 760 516 824 distante
543 759 584 823 ab
606 759 717 823 castris
739 759 836 845 regiis
858 760 1018 838 consedit3
1042 771 1146 847 postero

140 857 190 921 die
208 877 281 920 cum
298 854 442 937 equitatu
457 853 492 918 in
508 875 644 940 magnos
661 853 749 917 -ita
766 867 882 919 vocant
896 892 925 903 -
941 877 1070 942 campos
1089 855 1145 920 sub

138 952 237 1016 iactos
256 948 285 1014 ei
304 947 425 1013 tumulo
443 947 629 1033 degressus,
657 948 857 1014 succedendo
878 949 921 1014 ad
943 950 1091 1014 stationes
1106 948 1145 1012 he

104 1044 237 1115 estium
257 1042 506 1126 lacessendoque
527 1041 651 1106 levibus
672 1042 800 1127 proeliis
823 1043 907 1107 diem
929 1043 1091 1108 absumsit
1124 1052 1145 1107 et

138 1158 196 1224 per
216 1137 389 1220 insequens
410 1135 544 1200 biduum
566 1135 767 1200 tumultuosis
789 1136 864 1201 hine
889 1149 986 1221 atque
1007 1137 1090 1201 illinc
1108 1159 1145 1200 ex-
1188 1134 1190 1143 '

139 1229 337 1296 mersionibus
363 1229 397 1293 in
423 1228 526 1294 vicem
550 1228 629 1293 nihil
651 1229 737 1294 dictu
759 1230 837 1294 satis
859 1230 995 1317 dignum
1015 1232 1144 1296 feceruut:

105 1347 122 1396 s
140 1336 251 1408 quarto
270 1324 321 1389 die
339 1324 373 1388 in
390 1323 490 1388 aciem
512 1323 669 1406 utrimque
690 1324 880 1390 descensum
902 1335 961 1390 est.
1006 1325 1144 1390 Romanus

139 1418 298 1505 principes
315 1427 390 1502 post
406 1416 602 1482 hastatorum
619 1417 722 1502 prima
740 1417 845 1503 signa,
871 1418 906 1482 in
928 1418 1077 1484 subsidiis
1093 1417 1144 1482 tria

139 1511 204 1577 rios
225 1510 401 1589 constituit3
428 1511 602 1594 equitatum
623 1511 770 1575 Italicum
792 1511 833 1576 ab
855 1511 968 1578 dextro
991 1535 1097 1590 cornu,
1116 1511 1143 1574 ab

105 1627 121 1675 6
140 1606 232 1672 laevo
253 1605 409 1671 Numidas
431 1605 703 1689 Masinissamque
725 1606 883 1691 opposuit.
929 1606 1062 1694 Syphax
1080 1609 1143 1670 Has

140 1699 314 1783 drubalqne
331 1699 508 1765 Numidicis
532 1699 685 1764 adversus
706 1699 853 1764 Italicum
875 1700 1063 1784 equitatum,
1087 1697 1143 1765 Car·

140 1792 386 1880 thaginiensium
404 1803 514 1858 contra
530 1791 737 1858 Masinissam
753 1792 879 1871 locatis,
908 1791 1084 1860 Celtiberos
1098 1813 1144 1856 me·

34 1966 37 1973 ,
140 1886 225 1951 diam
243 1886 344 1951 aciem
360 1886 394 1950 in
412 1887 547 1952 adversa
565 1886 657 1972 signa
678 1886 839 1973 legionum
856 1909 1018 1974 accepere.
1060 1889 1100 1953 ita
1111 1885 1144 1950 iu·

25 1997 34 2011 ‘
107 1980 251 2049 estrucfi
273 1991 472 2046 concurrunt.
516 1981 618 2066 primo
639 1980 760 2067 impetu
782 1980 875 2045 simul
897 1993 1032 2067 utraque
1053 2000 1145 2048 cornua

140 2085 172 2139 et
196 2073 353 2139 Numidae
379 2085 412 2139 et
438 2071 718 2161 Carthaginienses
744 2075 843 2161 pulsi:
873 2099 950 2140 nam
976 2099 1077 2161 neque
1097 2075 1146 2140 Nu·

138 2167 256 2246 midae,
283 2168 422 2234 maxima
438 2192 513 2255 pars
536 2179 693 2254 agrestes,
720 2170 901 2234 Romanum
922 2171 1094 2254 equitatum
1107 2189 1147 2232 ne-
1188 2218 1190 2237 ἰ

141 2285 202 2346 que
230 2261 527 2349 Carthaginienses,
555 2264 681 2351 etipse
706 2287 808 2330 novus
830 2264 936 2342 miles,
963 2265 1148 2330 Masinissam

102 2376 120 2424 s
139 2358 257 2422 recenti
276 2381 372 2443 super
390 2367 494 2422 cetera
509 2357 640 2422 victoria
654 2357 824 2423 terribilem
837 2358 1027 2426 sustinuere.
1053 2359 1150 2425 nudata

137 2451 295 2535 utrimque
313 2451 460 2517 cornibus
480 2449 678 2517 Celtiberum
701 2452 784 2518 acies
808 2454 925 2532 stabat,
954 2455 1042 2539 quod
1061 2474 1114 2519 nec
1127 2451 1150 2515 in

138 2546 216 2630 fuga
243 2546 328 2611 salus
355 2546 421 2610 ulla
451 2546 677 2611 ostendebatur
707 2547 784 2612 loeis
815 2547 933 2633 ignotis
964 2571 1069 2632 neque
1094 2569 1150 2634 spes

137 2639 248 2704 veniae
272 2640 312 2705 ab
336 2638 485 2727 Scipione
508 2652 589 2717 erat,
622 2662 716 2723 quem
737 2641 819 2706 bene
840 2641 988 2707 meritum
1011 2644 1052 2708 de
1078 2664 1109 2707 se
1129 2650 1153 2704 et

137 2743 232 2818 gente
260 2756 318 2798 sua
343 2733 566 2798 mercennariis
594 2734 688 2799 armis
715 2734 747 2797 in
774 2734 918 2799 Africam
950 2747 1153 2824 oppugnatum

101 2844 117 2891 9
137 2827 309 2891 venissent.
349 2827 445 2912 igitur
463 2827 662 2892 circumfusis
680 2828 819 2911 undique
837 2828 983 2895 hostibus
1003 2831 1058 2895 alii
1076 2851 1154 2916 super

138 2918 216 2983 alios
236 2919 385 2984 cadentes
404 2921 562 2986 obstinate
580 2921 806 3000 moriebantur3
835 2922 1048 3008 omnibusque
1065 2924 1154 2989 ineos

136 3011 236 3076 versis
256 3013 450 3097 aliquantum
469 3016 510 3079 ad
528 3016 638 3100 fugam
655 3015 804 3101 temporis
825 3014 960 3102 Syphax
978 3030 1012 3083 et
1024 3018 1156 3084 Hasdru·

136 3107 189 3171 bal
210 3120 449 3194 praeceperunt.
499 3110 648 3196 fatigatos
677 3110 773 3176 caede
801 3111 917 3176 diutius
942 3134 1042 3197 quam
1062 3133 1157 3201 pugna

136 3201 271 3266 victores
291 3226 355 3268 nox
374 3205 540 3290 oppressit.

103 3316 115 3361 1
200 3295 315 3363 VHH.
364 3297 500 3364 Postero
524 3298 574 3363 die
598 3296 705 3387 Scipio
727 3298 874 3365 Laelium
896 3300 1157 3386 Masinissamque

135 3409 207 3452 cum
233 3391 319 3455 omni
344 3391 490 3458 Romano
523 3403 555 3458 et
579 3393 747 3459 Numidico
778 3394 917 3478 equitatu
950 3397 1158 3484 expeditisque

135 3482 269 3547 militum
291 3485 332 3548 ad
354 3487 590 3572 persequendos
616 3485 796 3574 Syphacem
818 3499 912 3570 atque
929 3490 1159 3556 Hasdrubalem

101 3596 116 3644 2
135 3577 243 3656 mittit3
262 3578 332 3664 ipse
351 3602 424 3645 cum
441 3581 554 3646 robore
572 3581 727 3647 exercitus
741 3582 836 3646 urbes
851 3581 950 3661 circa,
969 3605 1056 3667 quae
1069 3582 1158 3651 omnis

136 3666 447 3758 Carthaginiensium
483 3675 614 3741 dicionis
651 3687 753 3754 erant,
788 3675 903 3763 partim
941 3699 1000 3763 spe
1006 3726 1016 3757 ,
1056 3677 1160 3765 partim

99 3783 115 3829 3
134 3773 234 3842 metu,
261 3767 378 3852 partim
400 3769 432 3833 vi
455 3769 578 3834 subicit.
616 3767 803 3856 Carthagini
821 3782 888 3835 erat
905 3770 1041 3855 quidem
1057 3774 1157 3860 ingens

134 3866 247 3936 terror,
274 3871 306 3926 et
324 3862 597 3930 circumferentem
619 3887 708 3930 arma
726 3863 909 3950 Scipionem
932 3868 1082 3933 omnibus
1099 3863 1158 3930 fini·

37 4006 39 4010 ,
135 3947 217 4013 timis
240 3955 355 4039 raptim
376 3956 560 4043 perdomitis
582 3958 686 4045 ipsam
708 3956 938 4044 Carthaginem
959 3972 1093 4048 repente
1113 3957 1161 4023 ad·
