2566 4538
138 222 184 292 50
380 231 500 291 LIBER
516 229 603 304 XXI,
620 228 664 287 59.
679 228 724 289 60.
739 225 928 299 [anem]

106 415 122 466 1
203 391 349 465 LVIIII.
392 390 575 478 Degressus
601 385 771 475 Apennino
800 394 883 451 retro
908 384 951 451 ad
975 381 1107 452 Placent

141 496 245 555 castra
273 485 373 552 movit
402 495 435 551 et
464 483 507 550 ad
536 483 646 549 decem
676 479 763 546 milia
796 499 984 566 progressus
1020 500 1107 547 const

139 591 266 670 postero
284 581 335 646 die
351 578 517 646 duodecim
533 575 621 642 milia
637 575 788 662 peditum,
802 573 941 659 quinque
958 572 1102 658 equitum

105 696 122 749 2
139 697 252 744 versus
269 674 394 741 bostem
411 672 506 739 ducit.
542 691 602 735 nec
620 666 825 755 Sempronius
844 666 956 734 consul
967 703 995 718 ·-
1007 667 1073 735 iam
1089 690 1107 735 e

139 769 275 837 redierat
300 767 341 834 ab
367 767 472 832 Roma
491 762 725 833 -detrectavit
746 770 917 828 certamen:
942 769 1040 848 atque
1061 783 1100 830 eo

107 888 122 936 a
141 865 201 931 tria
224 863 313 928 milia
336 864 468 947 passdm
492 859 574 925 inter
598 856 675 924 bina
701 864 805 922 eastra
828 854 927 925 fuere.
967 866 1107 943 postera.

140 955 320 1045 ingentibus
338 953 451 1020 animis
468 953 556 1019 vario
574 960 689 1018 eventu
700 958 877 1038 pugnatum
889 957 947 1016 est.
977 950 1083 1037 primo
1098 971 1107 1017 r

141 1073 236 1118 cursu
258 1049 337 1115 adeo
358 1068 409 1114 res
425 1045 572 1114 Romana
593 1044 735 1132 superior
751 1043 825 1123 fuit,
847 1053 965 1111 utnon
982 1045 1051 1113 acie
1068 1045 1107 1113 vlt

140 1153 210 1212 rent
232 1143 349 1222 solum,
377 1141 435 1206 sed
454 1140 564 1228 pulsos
585 1139 694 1204 hostes
715 1138 750 1203 in
772 1147 875 1205 castra
900 1160 1107 1225 persequerer

107 1257 218 1310 rmox
238 1245 342 1305 castra
363 1255 488 1321 quoque
511 1241 738 1321 oppugnarent
777 1231 940 1299 Hannibal
963 1233 1077 1320 paucis
1099 1255 1107 1323 1

139 1330 369 1423 pugnatoribus
389 1329 423 1396 in
444 1328 528 1394 vallo
548 1327 710 1416 portisque
731 1327 842 1413 pesida
869 1336 989 1394 ceteros
1016 1326 1107 1396 ccm‘e

140 1429 175 1494 in
191 1426 297 1493 media
313 1432 417 1491 castra
433 1422 565 1510 recepit,
588 1423 787 1506 intentosque
806 1420 933 1508 signum
949 1421 993 1487 ad
1010 1443 1107 1509 erumq

109 1545 124 1591 5
143 1523 220 1587 dum
238 1529 380 1608 spectare
396 1517 492 1585 iubet.
527 1516 592 1582 iam
609 1538 693 1582 nona
710 1516 809 1581 ferme
827 1515 890 1581 diei
906 1514 985 1582 hora
1002 1525 1107 1597 crab«

141 1615 305 1682 Romanus
322 1613 514 1699 nequiquam
531 1610 663 1698 fatigato
680 1609 798 1689 milite,
809 1619 979 1696 postquam
995 1610 1107 1679 nullar

109 1720 209 1779 cerat
233 1707 378 1795 potiundi
400 1705 524 1784 caenis,
552 1703 679 1792 signum
704 1703 843 1790 receptui
868 1703 964 1771 dedit.
1008 1705 1096 1791 quod

142 1800 305 1868 Hannibal
318 1800 438 1886 accepit
450 1800 650 1883 laxatamque
662 1821 803 1886 pugnam
816 1807 848 1864 et
859 1819 1022 1866 recessum
1034 1819 1107 1869 acar

141 1897 230 1973 vidit,
245 1894 403 1980 extemplo
411 1891 569 1979 equitibus
578 1892 689 1959 dextra
699 1892 853 1978 laevaque
865 1893 990 1962 emissis
1002 1893 1039 1961 in
1051 1893 1107 1962 hos

109 2012 123 2060 s
141 1991 211 2075 ipse
229 2010 301 2054 cum
313 1987 454 2074 peditum
465 1986 577 2054 robore
591 1987 703 2053 mediis
716 1986 827 2054 castris
840 1988 951 2075 erupit
981 2010 1107 2078 pugnat

141 2082 244 2171 magis
262 2080 327 2148 ulla
345 2103 440 2148 saeva
456 2092 511 2148 aut
527 2082 690 2167 utriusque
706 2081 805 2168 partis
818 2083 956 2169 pernicie
969 2082 1107 2152 clariori

109 2197 124 2246 a
143 2185 206 2256 set,
224 2175 253 2244 si
269 2175 397 2243 extendi
413 2198 484 2243 eam
500 2175 569 2243 dies
586 2175 621 2241 in
635 2175 766 2262 longum
784 2175 921 2263 spatium
938 2177 1076 2248 sivisset.

142 2291 311 2338 accensum
323 2269 503 2359 ingentibus
517 2269 792 2357 animisproelium
801 2269 934 2337 diremit
952 2271 1062 2359 itaque
1073 2295 1107 2340 as

142 2386 314 2433 concursus
331 2365 393 2432 fuit
410 2386 507 2450 quam
519 2364 647 2443 caedes,
666 2373 698 2429 et
711 2364 793 2430 sieut
805 2373 939 2450 aequata
951 2365 1107 2456 ferme'pu

142 2469 223 2539 erat,
239 2459 285 2525 ita
302 2457 391 2524 clade
407 2459 478 2545 pari
494 2458 671 2524 discessum
684 2467 741 2523 est.
769 2456 810 2524 ab
822 2468 933 2527 neutra
943 2469 1036 2547 parts
1049 2482 1107 2529 sest

108 2553 182 2624 atis
198 2551 272 2640 plus
289 2551 448 2640 peditibus
466 2561 498 2617 et
519 2551 683 2617 dimidium
705 2551 773 2618 eius
796 2552 937 2637 equitum
957 2553 1083 2623 cecidit.

139 2647 241 2713 maior
253 2646 407 2713 Romanis
424 2667 520 2731 quam
536 2667 594 2733 pro
612 2667 743 2715 numeru
759 2644 880 2712 iactura
896 2646 969 2726 fuit,
986 2649 1064 2735 quia
1081 2670 1107 2717 a

142 2739 216 2806 stris
233 2739 352 2806 ordinis
369 2738 489 2824 aliquot
501 2748 533 2806 et
546 2739 663 2807 tribuni
679 2738 814 2806 militum
826 2741 966 2827 quinque
979 2751 1013 2809 et
1024 2755 1107 2832 praet

142 2833 300 2899 sociorum
316 2841 380 2899 tres
399 2842 473 2898 sunt
490 2832 657 2900 interfecti.

91 2949 128 2998 ιο·
204 2925 387 2995 Secundum
401 2950 472 2996 eam
487 2951 630 3017 pugnam
638 2927 802 2997 Hannibal
814 2930 1008 3019 inLigures,
1024 2929 1107 3020 Sem]

139 3021 212 3089 nius
224 3022 349 3090 Lucam
367 3023 534 3091 concessit.
569 3023 708 3090 venienti
724 3023 758 3090 in
770 3024 910 3112 Ligures
923 3024 1104 3096 Hannibali

140 3115 272 3184 insidias
293 3117 460 3204 intercepti
475 3116 540 3184 duo
557 3127 741 3203 quaestores
758 3118 910 3201 Romani,
931 3119 981 3188 C.=
987 3121 1107 3191 Fulvia

139 3211 184 3278 L.
201 3211 387 3290 Lueretius,
414 3232 489 3279 cum
511 3211 637 3278 duobus
662 3212 797 3280 tribunis
822 3214 958 3281 militum
979 3225 1014 3283 et
1035 3216 1107 3305 quin

140 3306 294 3392 equestris
307 3305 427 3374 ordinis
442 3316 621 3376 senatorum
632 3307 733 3375 ferme
744 3307 862 3389 liberis,
876 3331 941 3396 quo
954 3311 1061 3400 magis
1072 3334 1107 3380 ra

139 3401 209 3470 fore
227 3424 300 3470 cum
314 3407 344 3470 ls
362 3423 475 3492 pacem
492 3403 736 3488 societatemque
754 3405 904 3486 crederet,
922 3405 1101 3475 traduntur.

107 3515 122 3565 ι
199 3495 280 3564 Lx.
305 3495 399 3564 Dum'
412 3495 492 3564 baec
508 3497 543 3563 in
557 3496 652 3566 Italia
667 3506 829 3586 geruntur,
845 3497 1107 3570 encomeliusl

106 3591 194 3680 spic
210 3591 244 3657 in
260 3590 453 3679 Hispaniam
475 3612 548 3658 cum
565 3591 668 3659 classe
685 3600 718 3658 et
738 3590 879 3660 exercitu
899 3592 1020 3662 missus
1041 3616 1107 3663 cum

139 3685 222 3755 catio
230 3684 378 3753 Rhodani
385 3684 547 3773 profectus
555 3684 801 3774 Pyrenaeosque
809 3696 933 3756 montes
943 3687 1107 3757 circumve

107 3801 124 3852 s
139 3780 290 3869 Emporia
308 3779 483 3868 adpulisset
499 3779 644 3861 dossum
659 3780 803 3869 exposito
819 3780 866 3848 ibi
882 3781 1025 3851 exercitu
1040 3802 1107 3852 orer

139 3875 311 3942 Lacetanis
328 3890 456 3942 omnem
472 3896 561 3941 oram
575 3895 678 3961 nsque
691 3875 734 3942 ad
746 3874 905 3944 Hiberum
921 3875 1043 3946 flamen
1058 3899 1107 3967 prr

140 3970 329 4038 renovandis
347 3968 549 4037 societatibus
561 3969 676 4057 partim
688 3971 779 4039 novis
795 3970 1107 4042 instituendisRorm
