2528 4514
138 246 203 311 420
344 253 461 309 niuea
478 252 621 322 xxvnr,
639 250 734 307 aare.
754 252 793 319 [a.
803 267 830 305 u.
841 265 867 304 e.
875 249 942 319 548]

139 415 275 482 insulam
293 435 366 477 cum
386 410 496 496 paucis
518 408 694 497 perfugerit
715 407 865 487 navibus,
892 407 1048 473 maiorem
1064 429 1146 472 curan

106 532 121 580 9
141 532 212 577 esse
230 530 326 592 qnam
333 505 521 592 Ilergetum3
541 502 658 588 quippe
675 502 740 566 illio
758 513 791 568 et
804 503 921 568 ducem
931 500 1148 590 Carthaginien·

141 627 209 670 sem
236 612 268 668 et
282 611 581 684 quantumcumque
597 597 757 663 Punicum
782 597 981 685 praesidium
1007 620 1089 676 esse,
1112 596 1149 661 hie

140 699 278 762 latrones
296 696 515 778 latronumque
529 694 626 759 duces
640 716 722 770 esse,
741 693 856 778 quibus
869 704 907 758 ut
921 694 964 758 ad
974 693 1149 781 populandos

140 791 346 857 finitimorum
364 812 458 874 agros
477 798 622 871 tectaque
640 787 762 852 urenda
779 797 810 853 et
823 788 981 873 rapienda
992 786 1150 874 pecorasli-

116 892 206 971 'qua
228 885 276 949 vis
305 884 360 961 sit,
386 883 431 947 ita
457 883 490 946 in
513 881 579 946 acie
602 903 638 945 ae
666 880 764 968 signis
789 882 924 948 conlatis
947 883 1069 948 nullam
1085 903 1148 959 essa

142 979 246 1066 magis
263 976 429 1043 velocitate
448 976 490 1041 ad
506 976 616 1062 fugam
635 996 730 1058 quam
749 976 844 1041 armis
862 977 965 1041 fretos
978 987 1149 1064 pugnatrnos

92 1093 125 1142 10
144 1096 225 1141 esse.
268 1073 375 1156 itaque
393 1094 457 1137 non
479 1072 564 1155 quod
586 1071 686 1135 ullum
707 1070 780 1136 inde
798 1070 978 1158 periculum
996 1082 1051 1137 aut
1066 1092 1149 1136 semen
1190 1157 1192 1167 Ι

142 1167 270 1234 maioris
288 1166 364 1232 belli
382 1165 501 1243 videat,
527 1165 599 1230 ideo
619 1187 666 1242 se,
693 1164 879 1251 priusquam
900 1166 1067 1252 provincia
1081 1166 1150 1231 dece·

92 1285 123 1332 11
143 1265 211 1340 dat,
239 1259 634 1348 opprimendos¹Ilergetes
653 1259 797 1337 duxisse,
825 1260 883 1324 sed
905 1260 1045 1346 primum
1060 1282 1096 1326 ne
1108 1261 1149 1324 im
1191 1252 1193 1261 ’

142 1356 253 1444 punita
278 1367 344 1419 tam
371 1354 525 1419 scelerata
551 1353 686 1418 defectio
713 1363 812 1432 esset,
840 1353 958 1419 deinde
984 1377 1026 1419 ne
1048 1353 1148 1439 quirit
1186 1442 1188 1452 y

142 1449 305 1537 provincia
332 1449 425 1514 simul
451 1449 566 1513 virtute
588 1458 677 1513 tanta
698 1458 732 1513 et
751 1447 902 1513 felicitate
924 1450 1097 1536 perdomita
1114 1468 1148 1513 re

93 1544 235 1613 relictus
258 1543 360 1610 hostis
384 1543 445 1608 dici
467 1553 587 1630 posset.
631 1542 763 1630 proinde
791 1544 858 1609 deis
885 1544 970 1610 bene
996 1543 1147 1609 iuvantibus

144 1650 349 1724 sequerentur
370 1662 435 1705 non
457 1649 521 1703 tam
545 1639 586 1702 ad
607 1637 727 1703 bellum
748 1639 938 1725 gerendum,
966 1662 1068 1724 neque
1087 1637 1147 1704 enin
1183 1631 1193 1641 ”

143 1757 215 1798 eum
237 1735 307 1820 pari
328 1735 420 1799 hoste
443 1744 601 1798 certamen
623 1755 709 1809 esse,
736 1753 832 1816 quarn
853 1733 895 1796 ad
917 1730 1147 1821 expetendasrl
1188 1778 1192 1785 -

142 1829 323 1894 hominibus
342 1828 484 1894 scelestis
502 1850 632 1915 poenas.

110 1943 122 1988 1
207 1921 380 1987 XXXIII.
421 1922 476 1986 Ab
494 1922 554 1987 hac
572 1922 712 1988 oratione
731 1922 880 1988 dimissos
900 1923 942 1987 ad
959 1923 1020 1989 iter
1038 1946 1071 1990 se
1086 1942 1147 1989 oon

142 2037 254 2101 parare
280 2015 313 2079 in
337 2015 420 2081 diem
446 2028 609 2102 posterum
634 2016 739 2094 iubet,
774 2016 1003 2103 profectusque
1035 2014 1146 2084 decumis

144 2109 254 2174 castris
272 2109 416 2195 pervenit
434 2110 476 2174 ad
492 2110 648 2175 Hiberum
665 2111 793 2176 flumen.
828 2110 903 2176 inde
922 2124 1071 2200 superato
1088 2108 1147 2178 amni
1184 2124 1193 2131 ''

108 2203 193 2269 adie
212 2214 322 2287 quarto
345 2203 379 2267 in
401 2215 572 2290 conspectu
594 2205 733 2270 hostium
754 2205 862 2294 posuit
884 2217 1000 2273 castra.
1046 2226 1146 2293 campu
1189 2228 1192 2233 ·

143 2308 209 2362 arte
226 2298 386 2363 montibus
410 2298 492 2363 circa
515 2310 643 2385 saeptus
666 2310 742 2364 erat.
786 2299 820 2362 in
842 2322 912 2365 earn
930 2301 1050 2367 vallem
1067 2299 1148 2387 sapt

142 2415 214 2457 cum
232 2415 348 2479 pecora
365 2406 456 2479 rapta
476 2394 628 2479 pleraque
651 2417 690 2459 ex
713 2395 850 2459 hostium
874 2396 961 2482 agris
983 2391 1149 2483 propellisd

141 2489 331 2553 inritandam
357 2490 516 2554 feritatem
542 2489 747 2555 barbarorum
772 2489 933 2568 iussisset,
967 2492 1078 2558 velites
1098 2488 1150 2555 sub·

108 2601 123 2647 3
143 2583 222 2648 sidio
245 2584 345 2662 misit,
373 2607 392 2648 a
414 2584 529 2668 quibus
552 2584 606 2648 ubi
628 2607 685 2671 per
707 2583 980 2670 procursationem
1007 2586 1149 2652 commun

141 2701 251 2763 pugno
268 2691 367 2756 esset,
394 2679 542 2745 Laelium
561 2701 633 2743 cum
655 2680 795 2763 equitatu
816 2679 973 2765 impetum
995 2705 1037 2748 ex
1054 2678 1148 2748 occulto

107 2770 247 2835 efacere
272 2772 370 2837 iubet.
414 2796 505 2838 mons
528 2784 703 2858 opportune
724 2773 906 2859 prominens
931 2775 1075 2859 equitum
1096 2770 1149 2839 insi·

144 2863 211 2928 dias
235 2865 326 2944 texit,
352 2888 413 2932 nec
433 2867 498 2932 ulla
519 2891 609 2932 mora
629 2890 755 2954 pugnae
774 2869 859 2931 facta
881 2879 940 2933 est.
986 2865 1148 2957 ffispanin

143 2970 312 3043 conspecta
328 2961 438 3044 procul
455 2983 584 3047 pecora,
613 2961 723 3026 velites
745 2960 779 3026 in
796 2962 964 3047 Hispanos
987 2964 1102 3051 praeda
1114 2979 1148 3026 ot·

108 3064 274 3137 ocupatos
301 3053 468 3120 incurrere.
514 3057 615 3141 primo
637 3055 810 3120 missilibus
834 3057 1034 3136 territavere‚
1062 3053 1147 3122 deinde

142 3146 266 3211 emissis
285 3146 408 3213 levibus
427 3150 508 3227 telis,
527 3171 609 3234 quae
626 3150 753 3215 inritare
772 3151 874 3236 magis
893 3172 992 3234 quam
1007 3154 1146 3218 decernere

141 3262 280 3326 pugnam
307 3253 466 3327 poterant,
494 3245 617 3330 gladios
646 3245 779 3322 nudant,
808 3257 839 3310 et
867 3247 994 3313 conlato
1020 3249 1097 3334 pede
1112 3262 1146 3309 rc!

142 3335 209 3418 geri
228 3348 341 3422 coepta
358 3349 420 3416 est,
449 3361 628 3425 ancepsque
649 3340 796 3425 pedestre
820 3351 982 3406 certamen
1005 3353 1083 3420 erat,
1105 3334 1146 3403 riri

106 3445 122 3492 c
143 3428 262 3511 equites
287 3431 553 3516 supervenissent.
598 3455 700 3517 neque
723 3457 763 3499 ex
786 3433 921 3500 adverso
945 3447 1068 3502 tanturn
1083 3426 1147 3498 inlati

141 3522 252 3587 obvios
275 3525 446 3604 obtrivere,
474 3528 531 3592 sed
552 3527 754 3592 circumvecti
776 3528 872 3593 etiam
894 3530 1027 3612 quidam
1047 3552 1100 3618 per
1115 3526 1147 3589 iss-

139 3618 215 3682 fima
238 3617 311 3682 clivi
334 3620 373 3684 ab
397 3631 486 3706 tergo
510 3644 559 3699 se,
587 3634 622 3686 ut
639 3622 807 3708 plerosque
828 3622 1087 3702 intercluderent,
1108 3619 1148 3686 ot*

139 3712 293 3790 iecerunt,
312 3714 473 3799 maiorque
492 3717 605 3782 caedes
625 3717 686 3781 fuit
703 3740 798 3801 quarn
817 3729 971 3802 quantam
984 3713 1147 3785 ederent·

106 3825 121 3870 ⁷
139 3828 196 3889 per
214 3808 417 3874 excursiones
434 3811 554 3896 proelia
573 3811 684 3876 solent.
711 3811 759 3876 ira
772 3812 874 3899 magis
889 3834 1027 3879 accensa
1039 3813 1148 3878 adven

139 3900 258 3982 proelio
285 3901 426 3968 barbaris
454 3916 503 3970 est
529 3927 624 3989 quam
654 3906 812 3970 imminuti
838 3908 945 3973 animi.
998 3908 1101 3993 itaque
1119 3921 1148 3965 nt

139 3991 223 4079 pulsi
249 3993 443 4076 viderentur,
470 4000 572 4085 prima
598 4000 668 4066 luce
694 4012 824 4088 postero
846 4003 898 4067 die
920 4002 954 4068 in
975 4004 1077 4069 aciem
1095 4016 1150 4087 pro·
