2528 4514
127 248 191 314 316
352 259 470 314 LIBER
488 258 599 329 XXVI,
617 258 659 312 45.
669 258 711 313 46.
732 260 809 329 [au.
822 256 922 321 e.544]

126 440 190 483 non
208 416 382 504 praesentis
400 414 495 480 modo
513 414 553 480 ab
571 423 658 481 tanto
677 416 846 481 certamine
864 436 904 480 ac
920 414 1024 482 labore
1038 418 1121 502 quietis

127 511 281 587 obsessis,
310 509 482 575 sedetiam
508 510 723 595 inposterum
745 510 844 588 dedit,
874 510 969 576 scalis
990 520 1021 577 et
1039 534 1123 578 corona
1164 584 1173 591 ,

128 607 200 692 capi
215 605 326 670 urbem
348 626 412 669 non
433 624 542 688 posse,
569 626 665 689 opera
686 613 718 668 et
735 603 878 669 difficilia
896 626 969 670 esse
986 614 1017 671 et
1032 614 1124 693 tempus
1166 656 1168 663 .

127 701 240 765 datura
256 700 297 764 ud
315 698 475 764 ferendam
494 719 586 783 opem
602 697 842 783 imperatoribus
861 699 940 764 suis.
1172 711 1173 718 ’

94 817 109 864 6
191 792 257 858 Vix
282 793 367 878 prior
392 791 543 857 tumultus
570 793 774 871 conticuerat,
806 815 880 858 cum
904 791 1014 880 Scipio
1038 793 1071 859 ab
1090 795 1126 859 de·
1167 845 1171 855 .

128 888 223 953 fessis
252 887 316 952 iam
346 886 580 970 vulneratisque
609 888 743 951 recentis
772 887 979 974 integrosque
1004 886 1073 955 alios
1092 910 1127 953 ac·
1165 964 1173 985 μ

96 1005 110 1051 r
130 982 232 1068 cipere
251 981 350 1046 scedas
368 980 456 1046 iubet
473 989 504 1044 et
521 981 553 1044 vi
570 981 687 1046 maiore
705 981 836 1068 adgredi
852 980 977 1048 urbem.
1019 982 1089 1069 ipse,
1105 992 1127 1047 nt

129 1077 158 1141 ei
183 1076 359 1141 nuntiatum
382 1086 430 1141 est
451 1084 573 1140 aestum
600 1076 764 1153 decedere,
791 1076 876 1159 quod
903 1098 965 1162 per
989 1075 1127 1163 piscatores

129 1169 380 1235 Tarraconenses
398 1190 482 1234 nunc
499 1168 621 1234 levibus
640 1169 777 1248 cumbis,
803 1192 902 1248 nunc,
924 1168 984 1236 ubi
1006 1192 1057 1235 eae
1071 1170 1128 1236 side·
1162 1194 1173 1261 ‘s

127 1274 209 1342 rent,
231 1265 320 1330 vadis
338 1270 525 1350 pervagatos
544 1272 704 1350 stagnum,
732 1273 916 1349 conpertum
933 1262 1128 1344 habebat‚fa·

128 1358 219 1423 cilem
236 1358 370 1443 pedibus
388 1358 429 1423 ad
446 1380 571 1421 murum
589 1358 754 1423 transitum
772 1357 852 1436 dari,
872 1379 911 1423 eo
930 1380 1040 1424 secum
1055 1380 1128 1424 arma
1162 1436 1165 1441 ¹

93 1461 176 1518 Stes
196 1448 246 1538 [u]
266 1452 364 1517 duxit.
421 1451 559 1515 medium
581 1450 680 1518 ferme
701 1452 763 1517 diei
785 1460 851 1516 erat
873 1461 906 1517 et
927 1452 971 1517 ad
992 1453 1038 1531 id,
1069 1450 1127 1537 quod
1161 1503 1164 1513 .

129 1567 188 1610 sna
209 1555 320 1631 sponte
342 1544 471 1610 cedente
493 1544 526 1609 in
547 1567 633 1609 mare
651 1555 741 1611 aestu
763 1544 947 1611 trahebatur
964 1567 1058 1631 aqua,
1079 1566 1128 1610 acu

128 1639 223 1705 etiam
249 1638 429 1724 septemtrio
454 1647 541 1704 ortus
570 1639 753 1704 inclinatum
781 1649 929 1726 stagnum
958 1641 1065 1707 eodem
1086 1659 1126 1723 quo
1162 1630 1173 1721 J

128 1743 235 1799 aestus
254 1733 375 1798 ferebat
397 1744 428 1798 et
444 1734 523 1797 adeo
544 1734 718 1798 nudaverat
739 1735 834 1812 vada,
862 1745 898 1798 ut
916 1734 994 1800 alibi
1010 1733 1126 1800 ambitio
1170 1811 1173 1815 Ι

94 1849 109 1895 9
129 1837 220 1892 tenus
239 1849 322 1912 aqua
339 1837 434 1903 esset,
454 1826 528 1892 alibi
545 1850 651 1914 genua
667 1829 721 1892 vix
739 1837 909 1914 superaret.
951 1828 1014 1895 hoc
1030 1846 1126 1894 ctu-ast
1170 1842 1173 1847 '

127 1921 247 1986 ratione
265 1930 459 2005 compertum
480 1922 513 1984 in
533 1922 711 2012 prodigium
734 1943 772 1987 ac
793 1923 869 1986 deos
893 1932 1021 1988 vertens
1040 1920 1125 2009 supa
1163 1992 1173 2003 ,

128 2015 181 2098 qui
204 2014 245 2078 ad
267 2014 432 2078 transitum
453 2013 605 2080 Romanis
627 2037 713 2080 mare
736 2025 893 2080 verterent
915 2025 948 2080 et
971 2025 1078 2103 stagna
1092 2036 1127 2080 ur
1161 2014 1173 2025 '

127 2109 245 2174 ferrent
271 2109 400 2192 viasque
430 2119 502 2173 ante
533 2131 704 2193 numquam
733 2110 826 2174 initas
857 2109 1000 2176 humano
1024 2107 1128 2196 vestigio

128 2203 300 2288 aperirent,
335 2201 517 2286 Neptunum
547 2201 675 2267 iubebat
705 2203 818 2268 ducem
848 2203 971 2268 itineris
1003 2203 1085 2288 sequi
1107 2220 1127 2265 a
1167 2214 1173 2289 j

127 2296 231 2360 medio
250 2305 361 2381 stagno
381 2297 512 2361 evadere
531 2297 571 2361 ad
589 2297 720 2361 moenia.

95 2412 107 2457 1
191 2389 399 2454 XXXXVI.
430 2389 484 2455 Ab
500 2401 580 2455 terra
593 2391 704 2476 ingens
718 2389 806 2455 labor
820 2392 1061 2458 succedentibus
1073 2398 1129 2456 ent:

127 2505 186 2548 nec
204 2482 367 2548 altitudine
385 2493 506 2548 tantum
525 2484 683 2548 moenium
705 2483 971 2569 impediebantur,
1000 2487 1055 2551 sed
1071 2480 1130 2569 quod

127 2578 229 2642 euntis
259 2579 300 2642 ad
329 2578 472 2663 ancipitis
508 2578 663 2661 utrimque
692 2579 773 2642 ictus
804 2577 965 2644 subiectos
1000 2578 1131 2645 habebant

127 2671 303 2749 Romanos,
330 2682 365 2735 ut
381 2671 479 2736 latera
500 2671 663 2736 infestiora
685 2671 891 2737 subeuntibus
910 2695 1009 2758 quam
1027 2674 1131 2739 advers

94 2785 109 2832 2
129 2785 259 2848 corpora
277 2775 391 2829 essent.
418 2776 450 2830 at
467 2775 555 2851 parte
572 2766 606 2829 in
623 2766 684 2830 alia
701 2766 879 2852 quingentis
895 2777 926 2831 et
938 2790 999 2852 per
1012 2778 1132 2854 stagnum
1170 2754 1173 2771 ¹

127 2856 228 2921 facilis
246 2858 394 2921 transitus
412 2859 492 2922 etin
510 2881 634 2923 murum
652 2881 801 2924 ascensus
819 2859 892 2924 inde
910 2860 988 2926 fuit:
1014 2884 1084 2927 nam
1096 2879 1134 2923 ne·

127 2971 188 3035 que
215 2972 308 3034 opere
335 2952 492 3016 emunitus
519 2962 598 3030 erat,
633 2963 668 3016 ut
694 2952 749 3016 ubi
774 2953 874 3037 ipsius
901 2951 966 3019 loci
992 2977 1030 3021 ac
1055 2949 1133 3039 stagni

126 3045 282 3130 praesidio
301 3045 376 3110 satis
396 3047 547 3110 creditum
564 3047 659 3124 foret,
687 3067 745 3110 nec
767 3046 831 3110 ulla
854 3057 1049 3113 armatorum
1065 3045 1133 3113 statio

127 3147 180 3203 aut
198 3140 340 3204 custodia
357 3141 501 3225 opposita
517 3142 644 3205 intentis
667 3139 811 3205 omnibus
830 3141 871 3205 ad
889 3163 986 3226 opem
1003 3165 1040 3208 eo
1057 3142 1135 3207 fereu-

94 3257 108 3303 3
128 3233 216 3311 dam,
235 3234 318 3298 unde
336 3234 509 3319 periculum
528 3234 758 3299 ostendebatur.
801 3233 857 3299 ubi
874 3234 991 3301 urbem
1008 3237 1074 3302 sine
1088 3254 1134 3300 cer

127 3328 242 3392 tamine
272 3328 445 3406 intravere,
480 3338 615 3413 pergunt
646 3329 719 3393 inde
749 3336 866 3412 quanto
897 3331 1039 3397 maximo
1064 3345 1135 3395 cursu

126 3431 269 3507 poterant
295 3423 336 3486 ad
362 3445 432 3488 eam
458 3433 594 3509 portam,
622 3424 704 3488 circa
729 3444 825 3506 quam
846 3445 941 3488 omne
965 3433 1136 3490 contractum

91 3525 284 3582 scertamen
307 3526 381 3581 erat.
425 3517 458 3580 in
479 3518 565 3600 quod
587 3518 665 3582 adeo
687 3517 798 3581 intenti
815 3518 958 3582 omnium
981 3541 1046 3584 non
1062 3512 1136 3582 anim

127 3609 229 3673 solum
242 3609 340 3687 fuere,
360 3619 407 3674 set
420 3611 513 3675 etiam
529 3611 610 3676 oculi
624 3633 777 3694 auresque
790 3612 1003 3697 pugnantium
1017 3622 1137 3698 spectas·

94 3704 268 3787 otiumque
295 3713 325 3768 et
351 3704 582 3769 adhortantium
607 3705 791 3792 pugnantis,
819 3715 855 3768 ut
881 3727 977 3770 nemo
1003 3706 1044 3772 ab
1068 3715 1137 3789 tergo

128 3807 198 3862 ante
221 3798 349 3862 sentiret
371 3807 494 3883 captam
517 3799 641 3876 urbem,
668 3821 764 3883 quam
787 3798 849 3863 tela
870 3799 905 3863 in
926 3821 1056 3865 aversos
1079 3794 1138 3862 inci
1171 3800 1173 3811 '

94 3910 109 3957 6
129 3889 248 3954 derunt.
295 3888 358 3978 [ut]
378 3893 533 3975 utrimque
552 3894 719 3979 ancipitem
737 3893 861 3958 hostem
883 3892 1057 3972 habebant,
1080 3900 1139 3955 tunc

127 3981 258 4048 turbatis
276 3985 494 4053 defensoribus
512 3998 598 4053 metu
616 3998 647 4054 et
664 3987 789 4053 moenia
807 3996 900 4075 capta
916 3996 949 4053 et
966 3997 1056 4075 porta
1071 3987 1138 4051 intus
