2528 4514
283 232 400 287 Lissa
418 233 544 302 xxvu,
564 232 604 288 17.
625 231 776 301 [acam]
980 193 1043 286 aa

95 391 212 455 mentis
236 399 387 468 cemeret‚
416 412 489 456 suas
511 387 655 454 imminui
677 410 714 453 ac
735 388 873 465 forent,
904 388 965 454 nisi
987 413 1043 454 au·

95 508 113 551 o
134 485 253 569 aliquid
270 495 422 562 moveret,
450 506 512 569 qua
530 484 706 570 coepissent
723 483 867 561 fluerent,
895 483 1043 549 dimicare

95 605 106 644 1
134 580 271 666 primum
299 579 415 644 statuit.
466 577 573 664 Scipio
599 576 719 642 avidior
745 577 839 642 etiam
865 578 1078 646 certaminis5

120 695 194 738 cum
216 697 236 737 a
258 695 328 758 spe,
356 695 451 757 quam
478 694 642 738 successus
668 694 773 736 rerum
799 671 948 758 augebat,
975 681 1043 736 tum

101 816 110 844 ,
129 767 314 852 priusquam
331 767 534 853 iungerentur
550 765 688 830 hostium
706 765 871 844 exercitus,
890 788 962 831 cum
980 788 1043 831 uno

95 884 163 926 aare
181 862 261 926 duce
279 862 478 944 exercituque
496 882 590 944 quam
609 859 702 926 simul
720 881 793 924 cum
809 860 964 926 universis
977 883 1044 925 ma·

96 1005 104 1019 .
139 964 293 1032 ceterum,
312 954 433 1019 etiamsi
451 977 524 1019 cum
541 953 682 1041 pluribus
699 953 815 1040 pariter
831 954 1043 1020 dimicandum
1062 973 1078 1021 6

97 1097 106 1126 ,
136 1060 202 1114 arte
228 1049 365 1132 quadam
391 1049 497 1134 copias
524 1058 661 1113 auxerat.
714 1070 789 1112 nam
815 1069 888 1113 cum
913 1048 1042 1127 videret,

95 1166 135 1206 rm
159 1163 228 1206 esse
250 1141 378 1206 navium
401 1165 508 1221 usum,
536 1143 609 1228 quia
631 1165 731 1206 vacua
747 1140 849 1206 omnis
867 1141 1041 1227 Hispaniae

95 1236 255 1314 classibus,
275 1236 438 1302 subductis
456 1237 589 1303 navibus
604 1237 783 1302 Tarracone
800 1236 921 1302 navalis
940 1237 1041 1302 socios

95 1330 211 1395 stribus
231 1331 329 1415 copiis
347 1330 475 1395 addidit
512 1342 543 1396 et
561 1354 718 1396 armorum
736 1330 866 1395 adfatim
885 1339 959 1408 erat,
979 1327 1039 1417 [et]
1061 1349 1077 1396 t

95 1422 392 1510 ›rumCarthagine
419 1433 450 1489 et
475 1446 556 1508 quae
582 1433 654 1510 post
680 1434 803 1510 captam
830 1447 900 1489 eam
925 1423 1043 1488 fecerat

115 1517 263 1602 opificum
275 1540 405 1582 numero
422 1518 552 1584 incluso.
579 1540 652 1583 cum
669 1519 707 1582 iis
726 1517 823 1603 copiis
835 1515 943 1602 Scipio
959 1518 1042 1582 veris
1060 1535 1079 1584 8

95 1610 167 1696 :ipio
194 1612 234 1676 ab
254 1611 430 1677 Tarracone
457 1634 604 1699 egressus
620 1648 648 1658 -
664 1612 728 1676 iam
755 1612 838 1676 enim
864 1620 895 1676 et
911 1611 1042 1676 Laelius

95 1714 148 1769 rat
165 1705 205 1770 ab
218 1706 335 1783 Roma,
355 1707 421 1771 sine
439 1728 502 1789 quo
520 1706 596 1769 nihil
614 1705 740 1770 maioris
757 1706 803 1770 rei
821 1714 940 1769 motum
957 1704 1043 1769 vole-

95 1799 241 1864 -ducere
259 1800 300 1863 ad
317 1799 440 1864 hostem
457 1799 569 1886 pergit
612 1820 670 1884 per
691 1799 796 1864 omnia
816 1807 929 1885 pacata
946 1799 1041 1876 eunti,
1061 1817 1078 1864 9

95 1893 225 1976 uiusque
251 1893 359 1978 populi
385 1893 456 1958 finis
483 1893 641 1970 transiret,
673 1893 934 1978 prosequentibus
960 1891 1044 1957 exci-

95 1986 234 2070 :ibusque
261 1988 368 2064 sociis,
395 1987 539 2052 Indibilis
566 1997 598 2052 et
614 1987 807 2052 Mandonius
833 1996 1042 2052 occurrerunt.

95 2081 157 2144 iilis
180 2102 237 2166 pro
259 2091 391 2164 utroque
413 2081 551 2158 locutus,
582 2081 826 2166 haudquaquam
851 2078 1040 2167 [tamquam]
1062 2100 1097 2149 ιο

95 2197 165 2239 arus
193 2174 305 2241 stolide
330 2175 508 2252 incauteve,
545 2174 601 2240 sed
627 2175 731 2259 potius
758 2196 830 2238 cum
856 2173 1044 2239 verecundia

99 2268 254 2354 gravitate
271 2269 459 2353 propiorque
472 2268 635 2333 excusanti
652 2267 866 2332 transitionem
884 2275 919 2330 ut
935 2288 1044 2330 neces-

96 2384 129 2424 m
159 2382 254 2446 quam
285 2362 432 2447 glorianti
462 2384 532 2426 eam
561 2361 648 2426 velut
677 2361 811 2446 primam
845 2359 1042 2424 occasionem

95 2479 150 2519 rm:
175 2456 253 2519 scire
272 2455 355 2519 enim
378 2477 412 2520 se
430 2454 611 2541 transfugae
633 2476 748 2519 nomen
766 2450 940 2518 execrabile
956 2461 1042 2517 vete·
1062 2475 1092 2522 11

95 2572 99 2611 ι
120 2548 226 2624 sociis,
253 2548 343 2612 novis
363 2558 544 2635 suspectum
562 2569 647 2624 esse3
673 2568 775 2628 neque
793 2568 865 2611 eum
887 2568 922 2611 se
939 2568 1044 2632 repre·

95 2663 150 2706 ere
176 2663 295 2705 morem
322 2641 499 2719 hominum,
527 2641 555 2705 si
579 2642 642 2705 iam
665 2661 780 2724 anceps
808 2639 915 2703 odium
936 2660 1041 2717 causa,

94 2757 211 2800 nomen
228 2735 332 2800 faciat.
359 2737 470 2800 merita
486 2735 559 2800 inde
577 2758 635 2800 sua
650 2735 685 2799 in
697 2735 794 2799 duces
805 2731 1044 2820 Carthaginien·
1063 2756 1097 2804 12

95 2831 345 2907 cmmemoravit,
373 2830 535 2895 avaritiam
553 2839 661 2894 contra
678 2850 787 2893 eorum
804 2827 1044 2914 superbiamque

95 2924 174 2988 mnis
200 2924 325 3010 generis
347 2923 476 2989 iniurias
497 2924 532 2987 in
555 2944 589 2988 se
611 2931 705 3006 atque
726 2921 896 3008 popularis.
939 2923 1044 3006 itaque
1064 2945 1097 2992 13

95 3041 130 3082 us
157 3019 321 3082 dumtaxat
349 3040 441 3082 suum
467 3018 508 3083 ad
533 3017 567 3080 id
593 3026 717 3102 tempus
744 3016 829 3101 apud
855 3037 909 3081 eos
935 3016 1044 3092 fuisse,

95 3134 154 3176 tum
181 3113 245 3176 iam
270 3112 391 3197 pridem
416 3111 461 3176 ibi
487 3133 571 3189 esse,
603 3109 658 3175 ubi
681 3111 732 3175 ius
755 3131 792 3174 ac
814 3109 863 3174 fas
886 3108 1045 3173 crederent

132 3207 173 3271 ad
190 3207 267 3271 deos
285 3227 410 3290 quoque
428 3205 596 3292 confugere
620 3204 791 3290 supplices,
818 3202 872 3287 qui
889 3211 1045 3285 nequeant

95 3302 179 3365 'mum
198 3301 262 3365 vim
280 3313 373 3384 atque
390 3300 518 3365 iniurias
537 3298 616 3386 pati3
644 3321 678 3364 se
695 3298 728 3362 id
747 3294 927 3382 Scipionem
946 3317 1043 3372 orare,
1064 3316 1098 3364 14

95 3396 221 3461 ransitio
249 3395 308 3460 sibi
338 3417 397 3460 nec
423 3394 526 3459 fraudi
556 3394 640 3480 apud
666 3414 739 3456 eum
769 3413 828 3457 nec
857 3389 968 3455 honori
995 3390 1044 3455 sit.

95 3490 118 3553 is
146 3512 185 3554 ex
213 3490 272 3554 hac
298 3490 348 3553 die
376 3489 566 3574 experiundo
592 3486 748 3572 cognorit,
778 3483 907 3570 perinde
932 3505 1045 3568 operae

95 3606 126 3646 m
153 3583 287 3667 pretium
313 3584 439 3648 faceret.
488 3583 532 3646 ita
558 3603 670 3667 prosus
696 3579 863 3664 respondet
888 3576 1044 3642 facturum
1065 3598 1099 3644 15

95 3700 180 3741 tanus
198 3699 258 3742 nec
275 3699 331 3762 pro
350 3676 521 3762 transfugis
544 3675 724 3740 habiturum
741 3673 796 3756 qui
816 3692 880 3736 non
901 3669 1046 3734 duxerint

95 3780 202 3836 etatem
226 3781 340 3849 ratam,
367 3769 423 3836 ubi
447 3792 505 3835 nec
531 3769 628 3833 divini
650 3768 818 3852 quicquam
838 3786 896 3831 nec
917 3763 1046 3827 humani

95 3876 162 3930 tum
186 3876 278 3931 esset.
322 3866 491 3951 productae
512 3864 624 3928 deinde
645 3863 679 3926 in
700 3868 902 3946 conspectum
921 3860 949 3922 ts
971 3878 1098 3926 con-16

94 3984 109 4026 s
136 3959 288 4043 liberique
314 3957 558 4025 lacrumantibus
585 3957 701 4043 gaudio
726 3955 907 4020 redduntur.
952 3963 1045 4035 atque
1065 3972 1097 4018 1⁷
