2528 4530
332 111 450 167 aruns
467 111 567 185 xxv,
585 113 628 169 ιι.
649 115 687 184 [a.
698 111 802 185 cam]
1019 102 1083 170 245

10 308 13 313 ·
78 280 158 338 casta
177 279 283 337 vetera
304 269 521 336 Romanorum
544 270 671 336 adortus
694 280 756 350 est,
783 269 897 357 quibus
917 270 1084 359 Crispinus

76 374 207 453 praeerat,
243 373 275 449 et
291 364 452 451 Epicydes
484 364 679 452 eruptionem
709 364 743 430 in
773 365 923 432 stationes
941 365 1086 433 Marcelli

75 460 176 527 feritet
193 457 305 526 classis
322 458 446 524 Punica
462 457 560 539 litori,
587 458 673 544 qnod
694 458 775 525 inter
795 459 907 527 urbem
930 471 961 527 et
983 471 1086 527 castra

72 555 196 621 Romana
223 564 303 632 erat,
340 553 473 639 adpulsa
498 562 560 632 est,
595 575 637 619 ne
667 553 743 638 quid
773 555 911 641 praesidi
938 554 1086 643 Crispino

70 649 194 715 submitti
219 672 239 714 a
263 647 417 713 Marcello
442 658 560 734 posset.
609 647 778 713 tumultum
804 658 911 715 tamen
936 649 1120 722 maioremo

68 743 157 809 bootes
183 741 396 830 praebuerunt
422 764 518 827 quam
544 750 711 808 certamen.
759 766 834 808 nam
861 753 892 808 et
919 743 1085 832 Crispinus

68 836 269 924 Hippocraten
289 860 354 903 non
375 836 512 923 reppulit
533 845 654 902 tantum
676 836 892 916 munimentis,
926 839 982 903 sed
1003 839 1087 905 inse-

69 942 143 998 cutus
161 932 257 998 etiam
275 941 323 997 est
340 931 461 1017 trepide
477 929 666 1017 fugientem,
686 941 717 997 et
734 931 900 1018 Epicyden
913 931 1086 1000 Marcellus

68 1025 213 1093 inurbem
235 1025 394 1111 compulit.
440 1026 579 1110 satisque
599 1026 664 1091 iam
687 1026 780 1091 etiam
802 1026 836 1091 in
856 1035 1017 1113 posterum
1039 1027 1119 1099 vie

69 1120 185 1187 debatur
210 1121 387 1207 provisum,
414 1143 454 1185 ne
481 1121 558 1205 quid
584 1118 625 1186 ab
651 1121 822 1207 repentinis
845 1143 954 1187 eorum
976 1143 1087 1186 excur-

72 1214 192 1281 sionibus
218 1215 349 1302 periouli
374 1214 465 1281 foret.
515 1215 647 1281 accessit
674 1225 705 1281 et
731 1213 771 1281 ab
796 1215 975 1302 pestilentia
1001 1238 1119 1286 com-s

24 1330 28 1337 ·
66 1330 147 1375 some
163 1308 296 1388 malum,
319 1309 405 1394 quod
422 1308 515 1374 facile
534 1318 737 1395 utrommque
755 1306 876 1376 animos
895 1319 1086 1377 avertereta

76 1398 132 1467 beli
144 1403 293 1468 consiliis.
332 1425 407 1468 nam
424 1413 564 1488 tempore
582 1404 725 1469 autumni
742 1414 773 1470 et
789 1404 868 1470 locis
885 1414 998 1470 natura
1013 1403 1086 1492 gra-

33 1512 41 1556 ·.
77 1494 159 1576 obss,
186 1496 287 1562 multo
313 1506 419 1562 tamen
445 1497 547 1584 magis
574 1508 662 1564 extra
687 1496 799 1564 urbem
821 1521 916 1585 quam
937 1500 971 1564 in
997 1498 1084 1577 urbe,

75 1588 246 1657 intoleranda
271 1593 320 1658 vis
343 1602 448 1658 aestus
470 1614 528 1679 per
548 1601 680 1678 utraque
703 1603 806 1660 castra
827 1593 968 1659 omnium
986 1593 1086 1659 lerme

74 1702 183 1771 corpora
200 1685 308 1751 movit.
354 1707 391 1751 ac
412 1686 514 1772 primo
536 1686 686 1773 temporis
709 1709 747 1752 ac
767 1686 829 1752 loci
850 1687 927 1754 vitio
945 1697 977 1754 et
999 1687 1119 1776 aegris

75 1788 198 1845 santet
222 1778 450 1858 moriebantur3
485 1790 596 1865 postea
623 1781 742 1848 curatio
768 1780 838 1867 ipsa
864 1790 895 1847 et
922 1791 1084 1848 contactus

75 1892 220 1960 aegrorum
246 1871 395 1961 volgabat
422 1874 566 1953 morbos,
602 1885 637 1940 ιιι
667 1885 721 1941 aut
747 1876 882 1963 neglecti
907 1877 1086 1962 desertique

74 1966 114 2049 qui
136 1966 319 2034 incidissent
349 1978 560 2047 morerentur,
597 1979 651 2035 aut
681 1970 853 2036 adsidentis
885 1970 1086 2055 curantisque

38 2138 42 2147 ¹
73 2058 163 2126 atam
189 2061 222 2126 vi
248 2060 349 2126 morbi
374 2062 510 2147 repletos
542 2085 650 2128 secum
680 2063 838 2129 traherent
868 2064 1118 2149 cotidianaques

41 2220 44 2225 .
71 2150 213 2221 lmeraet
230 2178 315 2222 mors
333 2156 374 2222 ob
393 2157 500 2223 oculos
519 2167 642 2224 essete
625 2158 811 2243 etundique
829 2159 896 2223 dies
914 2168 1085 2243 noctesque

33 2312 38 2327 ,
69 2245 192 2333 ploratus
210 2250 402 2316 audirentur.
422 2262 582 2337 postremo
599 2252 643 2316 ita
611 2252 868 2318 tadsuetudine
885 2251 960 2316 mali
974 2251 1084 2315 effera
1103 2273 1136 2321 ιι)

33 2358 42 2365 ··
28 2353 162 2431 serant
180 2344 361 2422 animos,u
362 2354 455 2411 ιιιοιι
472 2347 566 2412 modo
583 2345 747 2411 lacrimis'
738 2355 801 2410 rust
802 2368 883 2431 oque
901 2344 1085 2430 conploratu

10 2478 17 2527 :³
65 2447 315 2523 prosequerentur
332 2449 486 2518 mortuos,
514 2440 571 2505 sed
592 2462 631 2505 ne
650 2439 795 2505 efferrent
817 2439 944 2525 quidem
963 2447 1017 2503 aut
1035 2460 1085 2504 se-

10 2532 230 2616 pelirent,
220 2544 420 2620 moerensque
438 2545 535 2600 strata
552 2534 697 2601 exanima
715 2557 846 2622 corpora
862 2535 895 2600 in
914 2542 1085 2620 conspectu

63 2626 187 2697 similem
214 2637 346 2695 mortem
369 2630 613 2716 expectantium,
640 2630 817 2715 mortuique
843 2652 970 2720 aegros,
997 2629 1085 2717 aegri
1104 2650 1134 2700 11

10 2722 173 2789 {validos
196 2745 269 2789 oum
292 2733 387 2802 metu,
400 2733 466 2788 tum
484 2724 557 2790 tabe
574 2746 611 2790 ac
632 2724 782 2812 pestifero
804 2725 901 2792 odore
919 2746 1085 2812 corporum

10 2796 28 2881 i·
58 2816 251 2883 conficerent.
296 2827 327 2884 et
352 2828 388 2882 nt
413 2817 496 2883 ferro
521 2819 625 2928 potius
652 2829 808 2885 monerent
808 2843 860 2899 ur,
888 2820 1046 2906 quidam
1037 2843 1084 2884 m·

10 2928 12 2935 ·
10 2909 212 2997 ¹vsdebant
230 2910 289 2977 soli
305 2909 387 2978 host
365 2920 443 2976 trum
466 2913 626 2978 stationes.
669 2913 768 2979 multo
791 2923 896 2979 tamen
917 2914 965 2978 vis
984 2913 1084 2977 maior
1103 2932 1135 2981 ιι

10 3056 17 3069 ,
55 3003 152 3091 pestis
182 3002 363 3072 Poenorum
398 3016 501 3072 castra
536 3029 630 3091 quam
658 3007 846 3073 Romana-
864 3008 918 3072 din
952 3007 1084 3071 circum-

10 3178 12 3183 Ι
58 3097 194 3165 sedendo
204 3096 379 3187 Syracusas
392 3101 478 3166 caelo
496 3101 648 3187 aquisque
665 3102 833 3167 adsuerant
850 3138 877 3149 -
896 3097 1081 3188 [adfecerat]
1118 3118 1122 3125 ·

10 3210 12 3229 ¹
56 3192 165 3281 magis.
206 3215 247 3259 ex
264 3193 402 3260 hostium
421 3195 558 3261 exercitu
577 3193 690 3274 Siculi,
714 3205 749 3261 ιιι
765 3195 900 3282 primum
918 3195 1024 3259 videre
1043 3216 1083 3260 ex
1102 3216 1134 3265 ιι

54 3286 209 3375 gravitate
225 3286 287 3353 loci
304 3288 425 3375 volgari
443 3287 579 3367 morbos,
597 3289 630 3354 in
648 3312 722 3355 suas
740 3289 873 3375 quisque
890 3288 1081 3375 propinquas

50 3380 149 3447 urbes
171 3380 286 3467 dilapsi
309 3391 395 3461 sunt3
422 3391 453 3447 et
472 3380 763 3470 Carthaginienses,
790 3382 905 3469 quibus
927 3405 1084 3469 nusquam
1102 3404 1135 3452 14

50 3484 199 3563 receptus
217 3485 297 3554 erat,
317 3499 388 3541 oum
405 3476 483 3562 ipsis
501 3475 634 3543 ducibus
648 3477 843 3565 Hippocrate
861 3488 954 3563 atque
967 3477 1084 3544 Himil-

51 3590 133 3636 cone
158 3569 201 3635 nd
222 3569 463 3636 internecionem
486 3592 594 3637 omnes
616 3572 782 3657 perierunt.
834 3570 1020 3650 Marcellus,
1048 3580 1083 3635 ut
1102 3590 1134 3642 ιι

50 3672 142 3731 tanta
157 3663 208 3730 vis
226 3663 391 3752 ingruebat
407 3663 495 3743 mali,
524 3665 702 3731 maduxerat
722 3665 755 3729 in
776 3664 887 3731 urbem
906 3687 980 3732 suos
998 3664 1084 3730 infir-

49 3778 171 3843 maqne
188 3779 318 3844 corpora
335 3768 417 3825 tecta
434 3769 465 3823 et
482 3759 611 3825 umbrae
624 3770 848 3826 recreaverunt.
875 3759 965 3825 multi
978 3768 1083 3826 tamen

50 3875 93 3919 ex
110 3852 259 3921 Romano
276 3855 414 3920 exercitu
432 3854 542 3921 eadem
559 3865 648 3940 peste
666 3854 824 3942 absumpti
843 3863 923 3922 sunt.
