2528 4514
121 240 187 307 380
344 247 463 304 LIBER
479 245 595 302 XXVII
601 285 609 316 ,
627 244 721 299 teto.
742 246 781 313 [a.
793 261 822 299 u.
832 261 856 299 c.
866 242 926 313 ott]

123 406 281 484 accendit,
316 405 370 470 ifle
397 401 547 491 fingientis
578 401 740 467 revocavit
769 400 975 484 omissamque
996 420 1083 486 pugnes
1121 402 1133 463 i

89 503 244 588 taliquot
269 500 349 566 locis
375 498 527 576 restituit3
554 507 730 584 postremo,
757 516 832 561 cum
857 495 942 561 haud
962 494 1033 560 dubie
1047 493 1086 558 iu·
1128 498 1130 503 '

125 609 201 662 tuna
225 593 365 660 hostium
391 603 490 669 esset,
517 614 558 657 ne
585 600 746 677 superstes
773 600 862 657 tanto
887 588 1086 655 exercitium
1130 590 1133 599 '

123 711 240 756 nomen
259 698 367 754 secuto
386 696 486 763 esset,
514 684 670 750 concitato
693 706 775 767 equo
797 706 834 749 se
854 683 889 748 in
911 678 1090 749 cohorunlle·

123 806 251 850 menam
276 781 405 847 inmisit.
449 780 508 858 ibi,
535 790 571 845 ut
596 789 686 866 patre
708 778 894 844 Hamilcare
919 788 950 844 et
967 772 1092 842 timue

125 880 222 945 fraue
241 877 372 964 dignum
391 886 473 953 erat,
492 897 640 962 pugnans
659 873 782 938 cecidit

91 994 107 1040 s
188 971 369 1056 Numquam
395 991 432 1035 eo
459 968 544 1034 bello
569 990 634 1032 una
660 967 728 1033 acie
748 977 873 1032 tantum
895 966 1018 1032 hostium
1034 963 1093 1027 intr«
1130 968 1133 977 “

125 1065 330 1142 factumest,
356 1063 542 1146 redditaque
564 1084 666 1146 aequa
689 1058 854 1128 Cannensi
871 1060 973 1126 clades
989 1052 1095 1124 adusi

92 1181 107 1229 e
125 1159 177 1224 vel
194 1159 349 1225 exercitus
367 1157 494 1223 interitu
517 1157 692 1223 videbatur.
737 1157 967 1245 quinquaginta
984 1177 1028 1221 sex

125 1253 264 1320 hostium
295 1253 419 1330 occisa,
456 1262 550 1338 capta
580 1250 718 1336 quinque
744 1250 833 1316 milia
862 1263 897 1316 et
921 1242 1133 1335 quadringenta:

125 1369 243 1433 magna
266 1347 386 1435 praeda
409 1345 470 1410 alia
492 1368 565 1410 oum
587 1345 690 1411 omnis
709 1345 850 1432 generis,
877 1357 943 1410 turn
964 1343 1021 1408 auri
1058 1338 1063 1354 ’

93 1463 107 1508 7
128 1440 321 1531 argentique.
366 1439 483 1504 civium
509 1439 604 1505 etiam
628 1440 862 1517 Romanorum,
890 1439 944 1524 qui
968 1434 1036 1525 capti

126 1535 235 1600 hostes
258 1544 361 1612 erant,
389 1556 485 1620 supra
507 1533 567 1598 tria
588 1532 677 1597 milia
701 1534 841 1619 capitum
865 1542 997 1620 recepta
1028 1527 1053 1593 id
1125 1531 1130 1553 ¹

126 1626 198 1692 laoii
223 1627 285 1693 fuit
309 1650 367 1714 pro
394 1626 520 1692 amissis
547 1649 585 1692 eo
611 1627 732 1714 proelio
753 1627 917 1694 militibus.
959 1648 1023 1691 nam

127 1742 285 1806 quaquam
310 1723 475 1787 incruenta
500 1721 632 1787 victoria
656 1721 730 1788 fuit:
757 1732 830 1788 octo
856 1723 956 1788 ferme
979 1718 1048 1785 milit

93 1834 292 1882 smanorum
320 1816 539 1900 sociorumque
566 1816 681 1881 occisa.
730 1817 873 1900 adeoque
901 1811 1037 1882 etiamvi

129 1909 291 1995 sanguinis
310 1910 478 1994 caedisque
496 1921 623 1996 ceperat
640 1910 784 1988 satietas,
802 1921 839 1975 nt
854 1922 981 1998 postero
997 1906 1046 1985 die,

128 2013 214 2067 esset
238 2002 416 2068 nuntiatum
441 2004 538 2070 Livio
568 2003 710 2082 consuli,
746 2002 858 2071 Gallos
892 2002 1051 2091 Cisalpinos
1066 1990 1104 2061 ill

128 2095 297 2183 genisque,
342 2098 396 2181 qui
431 2109 486 2162 aut
518 2098 638 2184 proelio
673 2121 738 2163 non
773 2098 951 2164 adfuissent
983 2106 1029 2162 aut
1053 2090 1102 2156 int!

129 2191 258 2256 caedem
284 2191 484 2278 effugissent,
517 2215 580 2257 uno
608 2192 733 2277 agmine
760 2192 846 2257 abire
870 2193 938 2258 sine
959 2201 1032 2256 certo
1047 2185 1103 2257 (lde

129 2285 197 2350 sine
215 2285 330 2371 signis,
358 2286 426 2350 sine
449 2286 558 2350 ordine
580 2284 645 2351 ullo
664 2296 718 2350 aut
734 2284 882 2372 imperio,
908 2308 1013 2372 posse,
1033 2280 1105 2346 om

94 2378 268 2462 aequitum
290 2379 342 2443 ala
362 2378 518 2455 mittatur,
550 2401 660 2444 omnes
687 2379 852 2444 deleri-r
889 2379 978 2464 ‘quin
997 2368 1104 2462 superni*

129 2472 225 2558 aliqui
242 2473 344 2538 nuntii
362 2484 394 2538 et
411 2473 550 2538 hostium
568 2473 667 2538 cladis
685 2484 717 2538 et
733 2484 862 2539 nostrae
879 2472 1018 2539 virtutis?
1099 2504 1104 2517 ·

95 2589 108 2636 1
192 2568 233 2633 L.
277 2567 362 2634 Nero
386 2590 424 2632 ea
444 2577 552 2644 nocte,
580 2589 660 2650 quae
684 2578 794 2633 secuta
818 2579 869 2633 est
894 2589 1037 2655 pugnam,
1058 2558 1103 2624 tl*

128 2661 206 2727 tiore
224 2683 320 2745 quam
337 2661 411 2726 inde
429 2672 558 2726 venerat
577 2661 702 2748 agmine
725 2662 776 2727 die
794 2673 885 2728 sexto
910 2664 951 2727 ad
968 2659 1102 2728 statium

94 2765 222 2838 ratque
257 2754 381 2820 hostem
416 2755 569 2841 pervenit.
617 2755 676 2819 iter
711 2756 779 2821 eius
814 2755 991 2841 frequentia
1018 2749 1101 2817 mium

129 2849 203 2932 quia
219 2870 311 2914 nemo
333 2860 549 2935 praecesserat
571 2850 713 2927 nuntius,
740 2850 861 2914 laetitia
882 2874 958 2917 vero
974 2857 1055 2921 unus
1071 2852 1100 2901 Ἐ

127 2952 164 3006 ut
189 2952 350 3027 compotes
377 2943 530 3008 mentium
556 2966 632 3028 prae
659 2944 776 3029 gaudio
803 2955 930 3022 essent,
966 2940 1099 3008 calebat·

94 3056 109 3103 3
128 3047 186 3101 est.
230 3058 304 3100 nam
325 3037 448 3102 Romae
474 3048 585 3101 neuter
612 3036 708 3101 animi
729 3036 856 3102 habitus
880 3037 957 3103 satis
978 3032 1029 3101 dici
1046 3042 1098 3094 Μ·

127 3129 251 3214 rarique
269 3140 388 3217 potest,
415 3151 475 3196 nec
497 3152 559 3214 quo
581 3132 701 3195 incerta
723 3131 942 3216 expectatione
962 3132 1097 3196 evenus*

93 3247 109 3292 t
128 3225 209 3291 vitas
218 3225 322 3290 fuerat
330 3247 389 3290 nec
399 3246 462 3309 quo
476 3225 626 3290 victoriae
636 3225 755 3289 famam
768 3225 900 3312 accepit.
918 3222 1095 3306 numquam?
1126 3228 1127 3237 ’

128 3319 230 3384 omnis
248 3319 331 3397 dies,
358 3341 398 3384 ex
420 3340 484 3403 quo
503 3317 673 3384 Claudium
697 3318 860 3384 consulem
877 3307 1095 3409 profecturi?
1122 3360 1133 3390 ς

128 3413 249 3491 attulit,
286 3415 326 3479 ab
353 3424 421 3479 orto
449 3413 516 3478 sole
544 3413 584 3478 ad
610 3412 807 3479 occidentem
837 3426 893 3479 aut
920 3421 1029 3478 senator
1045 3410 1093 3483 φῖ*

127 3527 223 3589 quam
245 3530 265 3571 a
285 3509 373 3572 curia
400 3518 493 3591 atque
520 3508 561 3572 ab
588 3507 825 3594 magistratibus
848 3505 997 3572 abscessit
1013 3502 1092 3573 tull*
1128 3539 1133 3576 ε

93 3601 221 3686 opulus
249 3623 266 3665 e
294 3601 373 3667 foro.
418 3597 594 3679 matronae,
621 3601 696 3684 quia
722 3600 801 3665 nihil
826 3601 861 3665 in
886 3600 963 3688 ipsis
984 3592 1035 3682 opit
1048 3584 1090 3648 θ’

125 3696 159 3758 in
183 3716 295 3781 preces
322 3696 611 3779 obtestationesque
638 3718 769 3773 versae,
809 3719 867 3782 per
893 3694 992 3762 omnia
1012 3675 1090 3750 dtlll‘
1127 3704 1133 3741 ’-

126 3811 226 3875 vagae
246 3791 406 3877 supplices
425 3791 570 3875 votisque
588 3789 722 3876 fatigare
741 3791 829 3856 deos.
1076 3824 1082 3833 ·

93 3901 108 3949 6
190 3882 273 3946 Tam
309 3884 461 3949 sollicitae
497 3906 534 3948 ac
566 3906 741 3970 suspensae
773 3884 893 3950 civitati
922 3884 997 3949 famo
1017 3866 1088 3936 iffi
1130 3938 1133 3947 .

124 3973 226 4059 primo
253 3979 378 4057 accidit,
406 3981 486 4045 duos
504 3979 697 4044 Narnienses
725 3979 847 4064 equites
870 3978 902 4044 in
928 3984 1023 4046 catut,
1040 3964 1088 4042 ll*
1130 3980 1133 4037 ἶ
