2528 4514
138 218 206 289 204
390 228 508 291 LIBER
525 228 658 300 XXIIII,
676 226 720 285 40.
739 226 933 298 [auem]

71 394 74 399 ’
102 413 121 463 4
139 411 324 478 oppressam
342 410 422 455 esse.
458 386 538 454 haec
554 386 734 452 nuntiantes
753 383 899 463 orabant,
918 394 954 451 ut
973 406 1069 471 opem

137 486 324 569 hostemque
345 482 433 549 haud
454 480 585 549 dubium
602 480 755 549 Romanis
777 481 857 546 mari
879 503 918 546 ac
940 488 1027 547 tarra
1049 503 1069 546 a

138 580 223 647 timis
241 576 373 645 urbibus
391 586 524 654 arceret,
551 597 633 661 quae
657 575 698 641 ob
715 575 835 641 nullam
857 575 952 641 aliam
971 597 1071 641 causa

104 698 121 746 5
139 674 224 759 quod
241 672 440 739 imminerent
456 670 567 737 Italiae
584 679 773 757 potarentur.
809 668 1029 748 MValerius,
1048 671 1069 735 d

138 767 261 837 milium
277 765 435 853 praesidio
454 762 577 852 [relicto
594 761 854 851 praeposito]que
871 764 918 830 eis
935 763 976 831 P.
990 763 1070 830 Vale

138 872 228 949 gato,
264 883 338 929 oum
364 860 466 927 classe
487 860 645 935 ‚mouera
670 868 843 945 parataque
869 868 919 936 et,
955 857 1070 943 quod]

138 978 237 1025 naves
255 955 390 1023 militum
408 976 520 1040 capere
537 976 601 1019 non
618 963 778 1040 poterant,
804 953 840 1018 in
856 952 1017 1021 onerarias
1034 953 1070 1040 inq

105 1074 121 1122 s
140 1051 237 1119 altero
259 1050 311 1119 die
330 1047 463 1119 Oricum
484 1048 640 1134 pervenit,
670 1048 846 1132 urbemque
867 1071 938 1113 eam
966 1046 1030 1113 levi
1053 1057 1070 1112 t<

140 1145 310 1232 praesidia,
325 1141 440 1231 quod[
494 1141 509 1230 ]
524 1144 675 1213 recedens
688 1143 762 1209 inde
774 1144 958 1228 reliquerat,
973 1143 1070 1209 hautr

106 1262 121 1311 t
140 1239 309 1305 certamine
326 1229 453 1325 recepit.
488 1237 585 1324 legati
604 1259 642 1305 eo
659 1237 700 1303 ab
717 1236 889 1323 Apollonia
907 1246 1070 1315 venerunt,

141 1334 254 1398 tiantes
289 1331 323 1396 in
358 1331 521 1397 obsidione
556 1354 641 1410 sese,
677 1333 763 1415 quod
793 1332 927 1397 deficere
958 1332 1000 1398 ab
1026 1332 1070 1398 Ro

140 1428 273 1505 nollent,
288 1449 359 1492 esse
376 1447 479 1510 neque
498 1425 653 1492 sustinere
669 1426 751 1492 ultra
767 1425 1070 1512 vimMaoedonumj

106 1522 202 1593 anisi
227 1520 420 1608 praesidium
445 1519 586 1586 mittatur
610 1519 801 1587 Romanum.
850 1520 1011 1586 facturum
1036 1543 1067 1586 se

140 1615 257 1682 vedent
282 1614 459 1702 pollicitus,
495 1615 558 1680 duo
583 1614 672 1680 milia
702 1614 899 1705 delectorum·
925 1614 1057 1680 militum

140 1710 202 1776 bus
227 1710 331 1797 longis
357 1709 452 1775 mittit
478 1709 520 1775 ad
546 1709 662 1775 ostium
688 1709 826 1775 fluminis
849 1731 923 1774 eum
944 1709 1070 1795 praefert

142 1805 227 1870 cium
254 1803 295 1887 Q.
317 1802 439 1870 Naevio
463 1801 582 1881 Crista,
609 1803 677 1869 viro
702 1803 828 1890 inpigro
855 1812 886 1868 et
911 1803 1013 1890 perito
1038 1802 1070 1867 nn*

108 1920 124 1970 a
142 1898 170 1963 is
189 1897 340 1982 expositis
358 1897 392 1961 in
409 1906 525 1965 terram
542 1897 695 1963 militibus
717 1897 916 1981 navibusque
935 1895 1064 1964 Oricum

144 1991 229 2056 unde
246 2001 389 2069 venerat,
407 1991 449 2056 ad
466 2000 602 2061 ceteram
621 1991 754 2059 classem
767 1991 923 2070 remissis,
942 1993 1054 2058 milites
1063 2014 1070 2077 1

142 2083 311 2151 aflumina
333 2085 495 2171 perviam
517 2085 646 2155 minime
669 2084 709 2151 ab
732 2080 827 2172 regiis
851 2085 1018 2152 obsessam
1038 2086 1070 2151 dn

142 2189 248 2258 nocte,
266 2179 311 2245 ita
328 2189 363 2244 ut
381 2202 474 2245 nemo
491 2181 631 2246 hostium
649 2181 792 2258 sentiret,
811 2180 923 2246 urbem
941 2191 991 2246 est
1008 2183 1070 2268 ingr

92 2296 125 2346 10
142 2275 227 2341 diem
253 2275 471 2358 insequentem
497 2276 658 2361 quievere,
686 2276 763 2340 dum
784 2275 963 2362 praefectus
987 2276 1070 2342 iuven

142 2369 392 2457 Apolloniatium
415 2392 564 2454 armaque
588 2380 619 2435 et
636 2369 725 2436 urbis
748 2370 830 2436 vires
848 2371 1026 2456 inspiceret.
1065 2392 1070 2432 ι

142 2465 212 2530 visa
232 2465 437 2550 inspectaque
460 2464 537 2530 satis
555 2464 736 2549 ¹animorum
758 2464 862 2530 fecere
884 2466 1040 2550 simulque
1060 2487 1070 2529 a

142 2558 350 2645 ploratoribus
369 2558 519 2644 conperit,
539 2567 656 2643 quanta
674 2559 818 2625 socordia
835 2581 873 2624 ac
887 2558 1070 2646 neglegenti

93 2676 124 2723 11
143 2653 251 2717 hostes
278 2662 376 2730 esset,
409 2652 533 2719 silentio
559 2653 661 2719 noctis
688 2651 729 2718 ab
754 2652 832 2718 urbe
859 2652 928 2718 sine
955 2654 1020 2719 ullo
1045 2663 1070 2717 to

145 2767 308 2831 egressus,
336 2754 438 2812 castra
460 2746 600 2813 bostium
621 2747 701 2813 adeo
722 2747 867 2833 neglecta
889 2756 985 2832 atque
1007 2769 1070 2833 aper

145 2838 253 2917 travit,
271 2850 307 2903 ut
325 2839 401 2905 satis
419 2851 590 2921 constaret,
608 2842 696 2929 prius
714 2842 800 2906 mille
817 2842 982 2906 hominurn
1000 2841 1070 2907 vallr

146 2942 246 2999 trasse
264 2954 360 3016 quam
377 2934 546 3019 quisquam
564 2936 693 3002 sentiret
710 2958 761 3013 ac,
786 2935 814 3001 si
831 2937 928 3002 caede
947 2937 1070 3002 abstinu

95 3043 127 3091 12
144 3027 308 3113 pervenire
326 3027 368 3092 ad
386 3028 621 3095 tabernaculum
642 3030 765 3117 regium
782 3031 934 3116 potuisse.
982 3031 1070 3096 caede

145 3123 303 3189 ximorum
320 3133 429 3209 portae
447 3124 595 3190 excitavit
612 3125 734 3204 hostes3
753 3126 826 3190 inde
839 3135 945 3190 tantus
960 3136 1059 3190 terror

145 3238 207 3301 que
224 3218 326 3283 omnis
350 3221 528 3305 occupavit,
556 3229 591 3284 ut
612 3243 676 3285 non
693 3221 787 3286 modo
806 3220 886 3285 alius
909 3221 1070 3306 quisquan

96 3323 128 3377 13
147 3322 272 3396 caperet
294 3322 348 3379 aut
371 3314 481 3379 castris
503 3314 618 3399 pellere
640 3314 764 3380 hostem
787 3326 966 3393 conaretur,
996 3318 1070 3381 etiar

146 3426 217 3481 rex,
245 3405 326 3471 sieut
348 3429 459 3473 somno
482 3408 603 3473 excitus
627 3420 706 3487 erat,
733 3432 831 3495 prope
853 3410 1070 3476 seminudust

147 3499 239 3563 militi
256 3522 395 3584 quoque,
422 3502 538 3567 nedum
556 3503 625 3589 regi
642 3504 697 3568 vix
719 3505 833 3569 decoro
855 3504 982 3582 habitu,
1010 3504 1070 3570 ad:

97 3611 129 3659 14
146 3594 300 3679 navisque
317 3595 500 3682 perfugerit.
527 3598 639 3663 eodem
657 3608 688 3663 et
705 3598 766 3663 alia
783 3598 875 3665 turba
889 3600 993 3665 effusa
1007 3609 1064 3665 est.

146 3690 251 3756 minus
274 3691 333 3757 tria
354 3691 441 3757 milia
463 3692 597 3758 militum
619 3693 653 3758 in
675 3695 784 3760 castris
807 3704 862 3760 aut
883 3710 978 3782 capta
995 3706 1070 3761 aut«

147 3784 218 3869 plus
238 3794 343 3850 tamen
360 3786 523 3851 hominum
541 3788 700 3872 aliquanto
719 3800 846 3874 captum
864 3812 961 3875 quam
980 3812 1070 3855 oaesu

97 3896 131 3944 15
148 3879 258 3943 eastris
277 3879 406 3965 direptis
424 3880 646 3966 Apolloniatae
668 3883 856 3969 catapultas,
884 3883 1028 3950 ballistas
1050 3894 1070 3948 tr

148 3978 242 4055 taque
265 3973 340 4051 alia,
367 3997 448 4059 quae
470 3978 699 4064 oppugnandae
721 3978 792 4044 urbi
820 3989 994 4066 conparata
1015 4000 1070 4046 era·
