2528 4530
321 262 588 335 nmaaxxrur,
605 264 705 321 aaa.
725 265 879 336 [scau]
1053 254 1118 321 195

82 426 174 501 bant,
208 421 292 510 capti
318 421 361 486 ad
386 420 629 487 Trasimennum
653 422 736 488 inter
760 422 976 489 Romanorum
1002 424 1119 491 auxilia

83 516 279 602 dimissique.
325 537 404 599 quos
426 514 483 581 ubi
504 536 545 581 ex
567 514 666 602 signis
687 537 909 600 armorumque
929 515 1040 582 habitu
1065 541 1119 584 co·
1136 539 1170 587 14

84 633 238 701 gravere,
260 609 472 697 Hippocrates
490 615 585 693 atque
601 608 763 696 Epicydes
780 632 886 675 ramos
905 610 992 676 oleae
1009 633 1047 676 ac
1064 633 1119 677 ve·

84 705 221 772 lamenta
242 703 305 770 alia
326 702 515 791 supplicium
537 703 732 790 porrigentes
755 725 857 783 orare,
885 717 920 769 ut
946 706 1120 792 reciperent
1184 744 1193 763 .

90 823 167 879 sese,
187 810 224 864 ut
240 809 383 885 receptos
402 805 576 862 tutarentur
593 818 655 861 neu
672 797 839 884 proderent
859 794 1081 884 Syracusanis,
1100 823 1120 866 a

93 894 199 979 quibus
217 892 280 978 ipsi
297 913 373 957 mox
390 888 567 957 trucidandi
584 890 702 977 populo
719 888 864 956 Romano
882 892 1080 960 dederentur.

147 984 286 1053 XXXI.
339 984 512 1049 Enimvero
538 984 750 1062 conclamant,
782 983 901 1050 bonum
922 995 958 1051 ut
979 987 1151 1054 animuml

97 1080 249 1147 haberent:
277 1101 402 1145 omnem
421 1100 456 1143 se
474 1099 546 1143 cum
563 1077 625 1143 illis
644 1078 802 1143 fortunam
825 1077 994 1146 subituros.
1037 1081 1152 1148 intera

82 1172 148 1251 ¹,loe
163 1173 364 1258 conloquium
382 1172 475 1259 signa
497 1172 713 1249 constiterant,
741 1172 966 1258 tenebaturque
989 1196 1119 1261 agmen3

81 1262 219 1335 ⁴necdum
245 1289 329 1353 quae
359 1288 466 1333 morae
495 1287 592 1332 eausa
622 1265 704 1332 foret
729 1276 914 1353 pervenerat
944 1269 1118 1335 adduces.

105 1373 251 1449 postquem
277 1361 496 1449 Hippocraten
522 1371 616 1446 atque
642 1360 810 1447 Epicyden
839 1361 978 1448 pervasit
1002 1385 1118 1441 rumor,

108 1456 291 1542 fremitusque
316 1465 382 1521 toto
408 1454 534 1542 agmine
561 1463 627 1520 erat
652 1453 731 1519 haut
756 1454 852 1521 dubie
878 1455 1118 1542 adprobantium

114 1550 255 1617 adventum
287 1572 410 1628 eorum,
446 1549 605 1635 extemplo
635 1559 795 1636 praetores
826 1549 928 1615 citatis
960 1550 1048 1635 equis
1078 1550 1119 1615 ad

109 1643 186 1729 prim
202 1646 296 1733 signa
311 1652 524 1731 perrexerunt.
560 1643 615 1727 qui
632 1665 701 1709 mos
719 1643 786 1722 ille,
803 1666 886 1729 quae
902 1642 1028 1710 licentia
1041 1642 1153 1710 Cro-e

89 1738 219 1821 ‘tunium
237 1748 324 1805 esset
339 1738 513 1825 rogitantes
535 1734 703 1822 conloquia
724 1738 848 1805 serendi
870 1760 942 1803 cum
964 1737 1056 1804 hoste
1072 1739 1121 1804 in·

94 1827 235 1918 ,usuque
248 1842 429 1920 praetorum
442 1831 596 1896 miscendi
610 1854 664 1897 eos
679 1831 799 1920 agmini
816 1854 887 1911 suo,
907 1831 1118 1919 conprehendi
1136 1851 1153 1898 4

109 1922 218 2012 'sieque
245 1936 372 1992 catenas
399 1925 557 1991 iusserunt
578 1925 777 2012 Hippocrati.
822 1927 985 2011 adquam
1007 1948 1119 1993 vocem

110 2028 190 2087 utus
209 2019 367 2105 extemplo
386 2018 523 2104 primum
545 2042 565 2084 a
583 2018 788 2086 Cretensibus
813 2020 931 2086 clamor
956 2030 1004 2086 est
1022 2034 1119 2099 unus,

109 2110 198 2180 deinde
211 2123 362 2200 exceptus
377 2111 417 2178 ab
427 2111 510 2191 aliis,
528 2122 564 2177 ut
577 2112 683 2189 facile,
703 2114 729 2178 si
738 2114 820 2178 ultra
828 2114 1003 2191 tenderent,
1022 2136 1121 2200 appa·

108 2219 168 2275 reat
180 2209 225 2276 eis
239 2209 414 2274 timendum
428 2229 508 2273 esse.
545 2207 669 2273 solliciti
681 2208 854 2292 incertique
871 2230 976 2272 rerum
991 2230 1119 2274 suarum
1137 2226 1153 2274 5

108 2294 266 2391 Negarem,
293 2303 377 2368 unde
393 2300 527 2389 profecti
544 2311 646 2379 crant,
672 2300 782 2367 referri
804 2302 896 2388 signa
912 2301 1022 2367 iubent
1039 2325 1120 2365 nun-

108 2392 210 2483 taque
237 2397 277 2463 de
305 2405 389 2461 statu
409 2395 568 2482 praesenti
592 2393 768 2481 Syracusas
794 2394 930 2459 mittunt.
975 2392 1153 2461 sraudemfi

107 2508 210 2577 quoque
236 2490 450 2577 Hippocrates
481 2489 567 2554 addit
597 2488 753 2553 inclinatis
784 2488 825 2553 ad
860 2510 986 2553 omnem
1017 2488 1121 2574 suspi-

107 2580 206 2651 t‘uuem
228 2584 344 2650 animis
366 2592 398 2650 et
420 2582 621 2650 Cretensium
643 2582 832 2667 quibusdam
855 2582 895 2647 ad
916 2581 1027 2648 itinera
1044 2580 1120 2647 insi-

107 2674 190 2747 denda
204 2677 312 2745 missis
330 2677 418 2743 velut
433 2677 622 2762 interceptas
639 2677 772 2755 litteras,
799 2698 878 2760 quas
901 2676 970 2763 ipse
993 2698 1121 2763 compo-

107 2782 205 2853 uest,
221 2772 347 2839 recitat:
371 2776 544 2858 ‘praetores
565 2769 758 2857 Syracusani
775 2793 840 2836 cos.
859 2769 1034 2837 Marcello?
1069 2791 1152 2837 se·r

108 2866 226 2933 tandum
244 2867 393 2944 salutem,
415 2876 451 2932 ut
468 2865 604 2944 adsolet,
628 2866 779 2953 scriptum
797 2874 864 2930 erat
880 2873 964 2932 recte
982 2886 1055 2932 eum
1073 2875 1121 2931 at-

109 2974 153 3041 que
171 2961 279 3027 ordine
301 2960 432 3039 fecisse,
459 2960 545 3043 quod
566 2960 599 3023 in
620 2960 788 3025 Leontinis
810 2958 888 3024 nulli
913 2958 1120 3046 pepercisset3

110 3054 289 3121 nomnium
302 3053 587 3119 mercennariorum
604 3054 738 3118 militum
755 3054 888 3119 eandem
902 3075 973 3118 esse
991 3074 1119 3117 causam
1138 3073 1154 3122 8

110 3162 155 3213 ute
172 3170 323 3234 nmquam
346 3145 522 3234 Syracusas
545 3148 719 3232 quieturas,
746 3147 847 3212 donec
872 3148 1041 3231 quicquam
1067 3166 1121 3209 ex-

79 3290 89 3307 ..
114 3244 247 3311 imum
265 3242 453 3309 auxiliorum
471 3252 525 3307 aut
542 3242 576 3306 in
592 3242 671 3308 urbe
688 3252 743 3307 aut
755 3242 789 3306 in
802 3243 941 3307 exercitu
955 3263 1012 3306 suo
1026 3249 1120 3304 esset.

78 3318 200 3427 llhquu
217 3339 310 3403 daret
297 3346 479 3422 t,operam
506 3345 542 3401 ut
564 3358 633 3414 cos,
660 3336 716 3420 qui
741 3358 814 3401 cum
837 3334 902 3400 suis
924 3332 1153 3420 praetoribuse

111 3438 195 3499 m
207 3434 250 3499 ad
266 3431 403 3520 Megara
419 3430 611 3509 haberents
601 3454 635 3496 m
653 3453 744 3497 suam
760 3439 949 3517 potestatem
965 3429 1122 3515 redigeret

108 3540 137 3589 te
149 3526 299 3615 supplicio
317 3549 425 3593 eorum
442 3525 588 3591 liberaret
605 3525 732 3590 tandem
743 3523 928 3611 Syracusas.
956 3522 1034 3587 haec
1048 3544 1121 3587 cum
1140 3540 1173 3588 10

94 3616 219 3687 'adua
231 3629 352 3700 essent,
372 3642 444 3685 cum
462 3629 548 3684 tanto
562 3619 696 3685 clamore
710 3620 750 3685 ad
768 3642 855 3684 arma
868 3619 1046 3682 discursum
1063 3624 1120 3692 est,

104 3720 132 3777 ut
149 3724 310 3802 praetores
335 3714 417 3779 inter
437 3714 606 3778 tumultum
626 3713 734 3799 pavidi
755 3708 1002 3797 abequitaverint
1025 3707 1122 3796 Syra·

100 3826 193 3877 mas.
236 3820 269 3875 et
289 3833 330 3875 ne
356 3809 434 3896 fuga
456 3808 583 3894 quidem
605 3829 713 3873 eorum
735 3807 847 3873 seditio
868 3827 1037 3892 conpressa
1062 3812 1119 3881 est,
1140 3822 1171 3871 11

78 3898 278 3991 inpetnsque
303 3904 338 3968 in
361 3901 578 3990 Syracusanos
604 3902 719 3968 milites
744 3900 876 3979 fiebant3
910 3921 969 3964 nec
995 3896 1036 3963 ab
1057 3898 1122 3963 ullo

94 4002 299 4087 temperatum
324 3997 419 4078 foret,
454 3997 487 4062 ni
513 3996 673 4083 Epicydes
700 4005 794 4080 atque
820 3994 1031 4082 Hippocrates
1056 3992 1122 4058 irae

896 4096 948 4149 13·
