2528 4514
142 214 189 291 44-
388 236 506 292 amau
523 236 611 307 xxr,
629 235 671 291 sa
684 235 726 291 su
747 239 821 305 [aa.
833 253 856 290 ο.
866 218 930 307 5361

143 392 184 464 ob
211 396 339 461 nimiam
367 396 521 460 cultorum
543 395 639 459 fidem
659 393 694 458 in
715 393 879 460 Romanos
895 392 1054 461 laboranti
1076 418 1101 461 o:

110 515 124 560 t
145 486 293 557 Cornelio
315 511 374 554 nec
397 511 494 554 causa
515 510 579 554 nee
596 498 720 573 tempus
740 489 883 575 agendae
898 489 944 554 rei
961 489 1101 575 placebat

144 597 313 671 spectnque
333 584 362 648 ei
379 593 543 669 genuerat
561 604 632 647 cum
651 580 691 647 ob
704 582 805 647 infida·
815 582 914 648 multu
926 582 1076 663 facinora,
1092 593 1101 647 t

142 679 254 744 utilia
275 686 431 743 vetustate
450 675 677 755 obuenissent,
702 675 923 743 edissertem
936 677 1101 761 Boiorum-3

109 795 124 844 8
142 774 265 852 fidiam3
285 769 493 857 Sempronius
506 780 614 836 contra
628 771 829 836 continendis
837 771 872 835 in
884 771 947 837 lide
966 773 1101 838 sociis-m

141 889 233 933 mum
253 853 413 932 vinculum
435 887 505 931 esse
526 865 648 951 primos
672 866 728 950 qui
754 866 915 953 eguissent
943 886 1010 954 ope
1028 865 1101 932 delet

103 985 124 1048 *a
144 963 301 1029 censebat.
338 970 405 1025 tum
432 960 564 1047 conlega
592 969 757 1026 cunctante
779 962 958 1046 equitatum
977 973 1101 1027 suumn

142 1058 283 1144 peditum
314 1054 537 1121 iaculatoribus
568 1054 673 1119 ferme·
699 1055 846 1121 admixtis
873 1056 915 1120 ad
942 1050 1101 1121 defenderd

93 1173 124 1220 10
144 1150 303 1218 Gallicum
324 1168 437 1238 agrum
459 1159 546 1215 trans
565 1148 713 1214 Trebiam
732 1150 836 1214 mittit.
873 1166 1001 1236 sparsos
1019 1159 1049 1216 et
1062 1150 1101 1214 inc

141 1247 262 1332 positos
289 1246 331 1310 sd
356 1245 417 1309 hoc
442 1244 549 1331 gravis
575 1244 693 1329 praeda
714 1244 882 1330 plerosque
904 1266 977 1310 cum
998 1244 1101 1331 inopine

141 1340 345 1417 invasissent,
372 1339 533 1426 ingentem
556 1346 705 1404 terrorem
728 1338 920 1423 caedemque
939 1338 1094 1427 eclogam

141 1456 203 1519 que
231 1434 277 1500 ad
299 1445 404 1499 castra
426 1433 638 1518 stationesque
659 1432 798 1498 hostium
820 1433 938 1500 fecere:
965 1436 1048 1499 unde
1067 1454 1101 1498 m

142 1529 249 1594 tudine
268 1528 370 1594 effusa
384 1526 471 1614 pulsi
487 1548 596 1593 rursus
616 1527 757 1593 subsidio
776 1549 904 1594 suorum
918 1528 1101 1616 proeliumrt

93 1629 131 1690 11'
142 1632 239 1689 tuere.
274 1623 362 1690 varia
378 1623 453 1687 inde
469 1644 578 1709 pugna
596 1631 763 1706 sequentes
783 1619 1030 1709 [cedentes]que
1044 1642 1101 1688 cun

142 1729 316 1785 extremum
343 1726 532 1801 aequassent
563 1727 734 1795 certamen,
770 1717 871 1782 maior
900 1728 1006 1782 tamen
1036 1718 1101 1784 host

141 1812 298 1878 Romanis·
312 1811 397 1876 fama
414 1811 562 1876 victoriae
579 1811 649 1875 fuit.

109 1925 121 1970 1
205 1904 301 1970 LIII.
332 1904 482 1970 Ceterum
496 1905 612 1970 nemini
626 1905 767 1970 omnium
779 1905 879 1970 maior
891 1905 1066 1990 iustiorque
1078 1926 1101 1990 q

140 2000 202 2086 ipsi
230 1999 350 2066 consuli
377 1998 490 2080 videri3
521 2001 638 2086 gaudio
665 1999 783 2078 efferri,
810 2020 876 2083 qua
897 2009 988 2085 parte
1015 2001 1101 2087 copia

108 2112 123 2159 2
143 2095 221 2159 alter
243 2093 353 2159 consul
375 2093 476 2160 victus
499 2094 594 2173 foret,
619 2117 657 2159 ea
675 2116 709 2159 se
727 2093 855 2159 vicisse:
883 2094 1047 2161 restitutos
1069 2117 1101 2162 ac

140 2189 241 2255 sectos
259 2188 409 2255 militibus
429 2190 564 2267 animos,
587 2210 646 2254 nec
663 2209 853 2273 quemquam
872 2209 942 2254 esse
960 2200 1086 2275 praeter

140 2284 258 2370 legam,
278 2285 332 2370 qui
350 2284 477 2349 dilatam
492 2284 724 2349 dimicationem
737 2283 845 2361 vellet3
864 2304 936 2348 eum
952 2285 1101 2350 animem

141 2401 235 2463 quam
262 2401 391 2466 corpore
418 2401 548 2466 aegrum
575 2378 727 2443 memoria
752 2378 890 2444 uulneris
918 2380 1022 2444 aciem
1050 2403 1088 2446 ac

109 2489 124 2535 3
141 2472 282 2551 horrere3
302 2475 358 2538 sed
376 2496 439 2538 non
453 2495 524 2538 esse
538 2495 610 2537 cum
624 2493 719 2558 aegro
734 2473 971 2538 senescendum.
1001 2476 1080 2558 quid
1093 2497 1101 2540 t

138 2568 220 2632 ultra
247 2567 365 2632 differri
392 2576 445 2632 aut
471 2566 529 2630 teri
555 2567 699 2652 tempus?
729 2589 824 2652 quem
846 2568 972 2632 tertium
1001 2591 1101 2635 consu

104 2653 121 2726 l
140 2683 234 2744 quem
253 2662 349 2726 alium
367 2661 538 2726 exercitum
552 2660 728 2746 expectari?
745 2671 849 2727 castra
863 2659 1101 2748 Carthaginiens

140 2756 173 2819 in
190 2755 284 2819 Italia
306 2776 343 2818 ac
365 2776 463 2839 prope
480 2755 513 2818 in
532 2765 702 2840 conspectu
720 2755 807 2821 urbis
826 2778 906 2821 esse.
947 2778 1014 2821 non
1035 2756 1100 2825 Sici

140 2869 176 2913 ac
192 2847 370 2914 Sardiniam
383 2849 474 2914 victis
492 2848 654 2935 ademptas
673 2872 732 2915 nec
750 2852 795 2915 cis
809 2846 968 2916 Hiberum
981 2851 1101 2939 Hispar

139 2943 217 3028 peti,
242 2952 289 3006 set
308 2941 375 3007 solo
392 2943 494 3028 patrio
512 2952 670 3028 terraque,
697 2944 816 3028 inqua
837 2946 936 3032 geniti
958 2945 1077 3026 forent,

106 3034 310 3102 5R0manos.
357 3042 523 3120 ‘quantum
548 3038 771 3125 ingemiscant’
797 3038 899 3124 inquit
926 3045 1049 3126 ‘patres
1076 3066 1101 3106 n«

139 3130 222 3196 circa
246 3131 371 3195 moenia
394 3128 595 3218 Carthaginis
622 3131 738 3197 bellare
767 3132 862 3211 soliti,
896 3134 922 3198 si
948 3135 1080 3200 videant

136 3223 320 3312 progeniem
343 3247 447 3304 suam,
475 3227 555 3291 duos
577 3226 723 3292 consules
742 3226 986 3313 consularesque
1006 3251 1101 3295 exerc

137 3319 171 3382 in
192 3319 297 3384 media
314 3319 407 3384 Italia
422 3320 566 3405 paventis
585 3321 665 3385 intra
684 3331 800 3399 castra,
824 3320 970 3387 Poenum
988 3323 1101 3407 quodi

104 3431 118 3478 e
137 3411 232 3498 Alpis
241 3409 512 3498 Apenninumque·
521 3415 589 3501 agri
603 3415 657 3493 sit,
677 3418 753 3480 suae
767 3415 899 3481 dicionis
914 3416 1064 3482 fecissei’
1094 3417 1101 3482 l

136 3507 287 3572 adsidens
308 3529 402 3594 aegro
425 3508 588 3596 conlegae,
612 3511 691 3574 haec
707 3510 742 3574 in
758 3511 914 3595 practorio
931 3532 1033 3598 prope
1055 3533 1101 3578 coi

136 3601 303 3668 nabendus
327 3624 430 3689 agere.
468 3603 648 3669 stimulabat
671 3613 701 3669 et
724 3613 847 3691 tempus
870 3606 1059 3692 propincum
1077 3630 1101 3673 ct

136 3697 265 3776 tiorum,
284 3719 325 3762 ne
342 3697 375 3762 in
392 3719 491 3763 novos
505 3699 649 3764 consules
663 3698 781 3765 bellum
795 3699 983 3780 differretur,
1002 3712 1036 3767 et
1049 3724 1101 3768 oce

135 3791 170 3854 in
196 3814 230 3857 se
251 3814 355 3857 unum
373 3793 540 3872 vertendae
562 3793 694 3881 gloriae,
722 3795 798 3860 dum
821 3818 917 3883 aeger
938 3796 1074 3886 conlega
1097 3825 1101 3859 t

103 3904 118 3952 t
136 3884 241 3969 itaque
264 3887 455 3972 nequiquam
473 3887 844 3957 dissentiente-Cornelio
862 3891 967 3977 parari
984 3894 1028 3958 ad
1045 3916 1101 3981 pro

136 3999 208 4044 cum
228 3989 387 4047 certamen
403 3982 517 4048 milites
535 3982 631 4048 iubet.
