2528 4530
337 250 573 321 ursusxxv,
590 250 658 308 ar.
679 248 832 323 [0000]
1036 242 1099 309 221

80 408 244 497 periculum
268 408 420 493 petimus,
447 419 482 471 ut
508 408 660 486 virorum,
686 419 722 474 ut
748 410 882 474 militum
904 410 1103 477 0111010100-

80 527 189 592 gamur.
234 501 353 568 bellum
370 502 405 566 10
422 499 531 567 Sicilia
548 503 611 567 iam
629 503 761 568 alterum
783 527 900 569 annum
917 505 1038 592 ingenti
1055 506 1101 570 di·
1120 527 1154 575 2ο

80 599 235 664 miratione
253 595 385 683 geritur,
408 595 503 661 urbes
521 596 598 662 alias
617 596 759 677 Poenus,
778 599 855 664 alias
869 599 1031 665 Romanus
1049 622 1103 664 ex-

81 704 198 779 pugnat,
217 690 369 776 peditum,
389 690 529 773 equitum
546 691 630 756 acies
648 703 845 769 concurrunt,
869 694 910 757 ad
924 690 1100 778 Syracusas

84 798 149 852 terra
160 785 305 867 marique
318 784 436 870 geritur
449 806 510 863 res,
529 784 698 850 clamorem
710 786 919 872 pugnantium
933 787 1101 872 crepitum·
1119 809 1151 856 ‘21

87 902 131 963 que
147 900 306 944 armorum
324 878 525 956 exaudimus,
543 879 662 944 resides
680 879 742 965 ipsi
755 900 792 944 00
808 902 922 967 segnes
940 892 1102 964 tamquam

88 997 129 1040 rec
142 997 257 1039 manus
275 994 334 1037 nec
352 996 439 1038 arma
459 972 643 1039 habeamus.
680 996 842 1039 servorum
858 975 1036 1061 legionibus
1051 974 1101 1040 Ti.

90 1066 276 1155 Sempronius
286 1068 396 1133 consul
409 1067 522 1133 totiens
532 1068 596 1132 iam
609 1090 682 1133 cum
694 1067 786 1134 hoste
795 1069 894 1156 signis
903 1069 1034 1134 conlatis
1043 1092 1103 1155 pu-

90 1164 190 1249 gnavit,
210 1184 325 1248 operae
342 1162 477 1247 pretium
496 1160 613 1226 habent
629 1161 803 1227 libertatem
818 1162 1101 1245 0101010000ος-

88 1277 129 1341 pro
144 1257 242 1323 servis
262 1256 373 1321 saltem
391 1256 432 1321 ad
450 1256 509 1321 hoc
528 1255 644 1320 bellum
663 1256 776 1342 emptis
790 1256 881 1321 vobis
896 1256 1009 1334 simus,
1028 1278 1103 1321 con-
1120 1279 1152 1326 22

89 1351 253 1434 gradicum
274 1350 366 1416 hoste
387 1350 480 1416 110001
502 1361 535 1415 01
554 1351 726 1436 pugnando
748 1372 897 1434 quaerere
915 1349 1100 1415 libertatem.

89 1449 126 1511 vis
139 1456 169 1511 tu
185 1446 280 1523 mari,
308 1445 356 1510 vis
375 1454 469 1522 terra,
493 1445 541 1509 vis
560 1446 640 1522 acie,
665 1446 712 1509 uis
731 1444 861 1511 urbibus
880 1445 1100 1531 oppugnandis

90 1541 201 1625 erpuini
227 1539 394 1604 virtutem?
434 1539 606 1624 asperrima
632 1561 774 1622 quaeque
797 1540 838 1605 ad
859 1538 999 1603 laborem
1020 1538 1102 1625 peri-
1120 1559 1153 1605 aa

88 1633 236 1719 adunque
264 1633 483 1718 deposcimus,
519 1642 555 1697 ut
580 1633 665 1716 quod
694 1634 735 1697 ad
763 1632 890 1697 Cannas
917 1633 1101 1698 faciundum

82 1725 143 1806 brit,
160 1750 256 1813 quam
270 1729 407 1812 primum
419 1727 484 1804 fiat,
503 1727 651 1810 quoniam
666 1727 818 1812 quidquid
830 1737 941 1813 postea
953 1726 1101 1804 viximus,

81 1817 212 1888 idomne
230 1823 420 1887 destinatum
438 1823 629 1908 ignominiae
648 1822 718 1888 est'.

133 1915 209 1982 VH.
247 1913 316 1982 Sub
334 1916 412 1981 haec
431 1917 514 1981 dieta
531 1917 572 1982 ad
589 1940 693 2003 genua
702 1915 846 1982 Marcelli
858 1918 1100 2003 procubuerunt.
1121 1937 1133 1983 1

80 2002 238 2078 Marcellus
265 2011 298 2075 id
325 2033 383 2075 uec
408 2011 484 2076 iuris
509 2008 596 2098 [neo]
621 2012 785 2098 potestatis
813 2034 889 2077 suae
911 2035 981 2078 esse
1008 2011 1102 2076 dixit:

80 2105 190 2170 senatui
227 2105 416 2190 scripturum
452 2128 486 2170 se
521 2106 688 2189 omniaque
723 2107 763 2170 dc
794 2108 948 2171 sententia
976 2117 1101 2192 patrum

80 2194 225 2263 facturum
244 2221 323 2264 esse.
369 2222 425 2264 eae
446 2199 567 2265 litterae
589 2200 630 2264 ad
651 2222 751 2264 novos
770 2200 915 2265 eonsules
934 2200 1045 2264 allatae
1063 2221 1101 2263 ac
1120 2219 1134 2264 a

80 2307 127 2374 per
136 2316 190 2359 eos
204 2293 237 2357 in
252 2303 363 2358 senatu
380 2294 527 2358 recitatae
541 2303 627 2370 sunt,
647 2293 871 2375 consultusque
886 2292 924 2356 de
938 2292 977 2357 iis
990 2292 1100 2356 litteris

80 2381 259 2454 itadecrevit
268 2398 409 2465 senatus,
428 2387 593 2465 militibus,
613 2387 668 2472 qui
680 2387 721 2452 ad
732 2384 859 2451 Cannas
873 2384 1100 2450 commilitones
1119 2406 1134 2450 0

80 2498 145 2548 suos
161 2483 332 2569 pugnantis
350 2482 577 2560 deseruissent,
597 2491 740 2549 senatum
758 2480 835 2545 nihil
854 2480 959 2545 videre
977 2501 1033 2545 cur
1049 2501 1100 2543 res

80 2574 193 2657 publica
229 2576 453 2642 committenda
483 2586 576 2642 esset.
631 2577 658 2640 si
683 2574 731 2640 M.
761 2574 895 2640 Claudio
922 2573 1136 2659 proconsuli4

80 2668 159 2735 aliter
181 2671 354 2749 videretur,
382 2671 500 2736 faceret
526 2670 611 2755 quod
638 2692 655 2735 0
682 2692 716 2735 00
741 2668 867 2755 publica
892 2668 1017 2753 fideque
1043 2688 1102 2733 000

80 2760 209 2844 ducent,
238 2766 314 2831 dum
340 2789 380 2830 00
406 2767 476 2850 quis
503 2788 613 2830 eorum
635 2786 763 2831 munere
786 2774 910 2829 vacaret
933 2785 996 2828 neu
1016 2762 1100 2829 dono

80 2856 193 2925 militari
214 2859 339 2925 virtutis
363 2882 437 2947 ergo
460 2862 628 2926 donaretur
648 2883 711 2925 neu
732 2860 765 2924 in
786 2858 911 2923 Italiam
928 2867 1102 2945 reportare-

83 2956 136 3029 tur,
152 2954 252 3019 donec
269 2953 368 3020 hostis
386 2954 420 3018 in
437 2964 519 3019 10000
535 2954 628 3018 Ι10110
646 2963 738 3019 00001.

137 3045 272 3113 Comitia
289 3048 402 3112 deinde
420 3071 439 3112 a
455 3059 597 3134 praetore
614 3048 734 3114 urbano
753 3047 791 3112 de
806 3056 933 3112 senatus
947 3047 1102 3111 sententia
1119 3068 1134 3112 a

89 3137 215 3226 plebique
235 3141 316 3208 scitu
335 3151 408 3207 0001
424 3142 545 3221 habita,
566 3143 680 3226 quibus
699 3142 794 3207 creati
813 3149 886 3205 sunt
902 3139 1101 3223 quinqueviri

93 3234 180 3314 nnis,
208 3235 345 3300 turribus
372 3235 547 3301 reficiendis
574 3248 605 3300 et
631 3236 784 3301 triumviri
809 3234 888 3309 bini,
921 3233 976 3296 uni
1002 3233 1099 3297 sacris

99 3330 289 3411 sumendis
308 3329 461 3413 donisque
483 3330 717 3416 persignandis,
745 3329 833 3394 alteri
853 3326 1030 3393 reficiendis
1048 3347 1134 3394 rae-o

95 3412 165 3487 (11100
175 3423 335 3489 Fortunae
354 3433 385 3488 et
402 3424 510 3488 matris
526 3421 698 3510 [Matutae]
717 3424 799 3489 intra
815 3431 938 3509 portam
948 3418 1100 3487 Carmen-

93 3510 179 3594 11100,
206 3517 263 3583 sed
290 3528 322 3582 et
340 3515 418 3603 Spei
443 3527 531 3582 extra
556 3527 692 3604 portam,
720 3540 801 3604 quae
823 3516 926 3603 priore
949 3517 1101 3583 000010-

94 3608 183 3675 audio
199 3621 404 3697 consumptae
422 3612 555 3677 fuerant.

142 3701 352 3792 Tempestates
375 3705 486 3771 foedae
509 3706 611 3785 fuere,
637 3707 670 3771 in
693 3704 819 3772 Albano
841 3716 947 3773 monte
969 3705 1133 3773 biduum?

95 3796 263 3893 9011000100
279 3799 437 3886 lapidibus
458 3800 568 3886 pluvit.
613 3810 697 3866 10010
718 3800 758 3865 de
776 3801 862 3867 caelo
879 3800 992 3879 multa,
1019 3801 1100 3866 duae

96 3887 278 3977 ucapitolio
304 3895 412 3972 aedes,
440 3894 558 3960 vallum
583 3895 616 3959 in
642 3893 752 3959 castris
775 3895 882 3962 multis
903 3895 982 3961 locis
1005 3917 1101 3981 supra

100 3968 271 4068 Suessulam,
298 3998 331 4056 et
355 3989 418 4054 duo
444 3989 555 4076 vigiles
583 3988 760 4056 exanimati.
805 4012 912 4055 murus
936 3999 1134 4075 turresques
