2528 4514
131 210 193 276 rto
345 219 464 276 arnna
482 185 613 290 xrrru,
632 220 745 275 11-13
764 220 949 292 [assem]

129 381 168 448 T.
193 378 350 448 Otacilius
378 402 415 444 eo
442 402 515 443 cum
541 378 642 443 classe
669 377 825 464 proficisci
852 378 958 445 iussus
980 390 1033 447 est.

129 477 276 542 deessent
293 484 421 551 nautae,
450 473 594 538 eonsules
619 494 659 537 ex
681 481 809 538 senatus
829 473 973 540 consulto
990 475 1109 541 edixen

129 583 164 636 ut
185 571 240 655 qui
261 570 303 634 L.
322 567 473 646 Aemilio,
503 567 540 634 C.
558 568 714 634 Flaminio
732 568 917 636 censoribus
940 569 1061 637 milibus
1074 580 1109 637 al

129 664 357 751 quinquaginta
378 664 447 748 ipse
470 672 524 728 aut
545 672 634 748 pater
656 663 723 728 eius
742 684 857 728 census
875 663 990 731 fuisset
1004 658 1109 749 usqmtl

130 769 256 827 centum
274 758 361 824 milia
378 767 432 824 aut
450 759 501 824 cui
518 767 629 842 postea
651 767 738 822 tanta
758 780 809 824 res
832 768 919 825 esset
936 759 1019 827 facta

95 871 228 920 sunum
251 876 323 919 cum
346 875 403 918 sex
425 874 571 918 mensum
594 852 749 937 stipendio
772 852 876 933 daret3
904 853 961 938 qui
981 876 1061 940 supra

129 959 197 1013 tum
224 947 311 1013 milia
336 969 437 1031 usque
464 947 506 1011 ad
532 955 670 1012 trecenta
697 946 752 1013 tris
777 956 892 1023 nautas
917 970 990 1015 cum
1011 949 1044 1015 sti

130 1065 249 1122 annu03
276 1043 331 1126 qui
350 1064 445 1127 supra
462 1050 600 1106 trecenta
622 1063 722 1125 usque
741 1041 782 1106 ad
804 1041 933 1107 deciens
952 1042 1042 1120 aeris,

95 1157 110 1205 9
130 1161 192 1225 que
212 1147 339 1216 nautas3
374 1137 429 1220 qui
452 1157 547 1220 supra
569 1136 711 1214 deciens,
739 1146 875 1220 septem3
913 1148 1062 1205 senatores

129 1242 242 1298 nautas
265 1253 337 1296 cum
359 1252 463 1294 annuo
487 1229 641 1316 stipendio
664 1230 805 1295 darent.‘
829 1253 870 1295 ex
892 1231 956 1297 hoc
978 1233 1067 1297 edicto

128 1337 242 1392 nautae
261 1324 373 1390 armati
390 1324 595 1407 instructique
609 1323 649 1390 ab
663 1323 797 1389 dominis
817 1346 890 1389 cum
904 1325 1068 1414 trigintadi

130 1421 226 1487 coctis
237 1419 361 1485 cibariis
372 1440 468 1482 naves
479 1419 737 1484 conscenderunt.
757 1427 823 1483 tum
832 1421 1050 1504 primumests

129 1526 164 1581 ut
182 1513 448 1580 classisRomana
466 1513 558 1578 sociis
577 1514 741 1578 navalibus
760 1514 882 1598 privata
899 1516 1032 1601 inpensa

130 1610 336 1694 conpleretur.

97 1724 110 1770 1
194 1702 275 1768 XH.
312 1702 377 1767 Hic
394 1703 493 1767 maior
512 1701 602 1766 solito
621 1700 789 1786 adparatus
807 1704 979 1788 praecipue
997 1726 1052 1789 con
1092 1770 1095 1775 ,

130 1797 327 1882 Campanos,
364 1819 403 1860 ne
431 1796 470 1861 ab
502 1795 666 1861 obsidione
694 1795 824 1882 Capuae
852 1797 972 1863 bellum
998 1799 1085 1871 eius¹

94 1910 109 1957 2
129 1891 264 1956 Romani
281 1890 463 1975 inciperent.
498 1892 604 1974 itaque
621 1890 742 1976 legatos
757 1892 797 1955 ad
811 1890 1024 1958 Hannibalem
1040 1915 1057 1958 o
1086 1960 1090 1965 ,

128 1985 294 2063 miserunt,
321 1995 357 2049 ut
376 1984 520 2070 Capuam
544 1986 715 2050 exercitum
738 1986 934 2052 admoveret:
963 1989 1005 2054 ad
1019 2010 1086 2055 esur.

127 2080 329 2166 pugnandam
348 2102 446 2145 novos
465 2080 621 2146 exercitus
639 2080 734 2146 scribi
746 2081 877 2158 Romae,
897 2104 958 2147 nec
971 2083 1057 2149 ullius

94 2174 297 2240 edefectioni
323 2175 425 2261 magis
448 2174 589 2240 infensos
618 2197 725 2240 eorum
752 2176 873 2241 animos
898 2199 980 2243 esse.
1031 2176 1058 2241 id
1098 2242 1101 2247 .

129 2279 194 2333 tam
212 2269 331 2355 trepide
348 2269 547 2347 nuntiabant,
576 2270 796 2335 maturandum
814 2270 980 2337 Hannibal
996 2281 1082 2349 ratur,
1093 2274 1109 2366 q

127 2363 347 2447 praevenirent
363 2364 513 2441 Romani,
540 2362 700 2448 profectus
719 2363 817 2450 Arpis
839 2365 880 2430 ad
900 2365 1009 2432 Tifata
1027 2366 1109 2441 invtl

94 2457 214 2522 aribus
246 2459 357 2524 castris
389 2480 484 2543 super
511 2456 655 2542 Capuam
687 2459 836 2525 consedit.
890 2460 983 2538 inde,
1017 2446 1109 2525 Nunti

127 2552 344 2638 Hispanisque
371 2555 411 2618 ad
437 2553 629 2638 praesidium
657 2553 750 2618 simul
772 2565 960 2634 castrorum,
990 2536 1109 2625 simuld

127 2670 209 2732 puae
232 2649 361 2725 relictis,
389 2671 462 2712 cum
485 2657 587 2712 cetero
611 2649 748 2713 exercitu
775 2650 816 2713 ad
837 2649 943 2714 lacum
965 2646 1109 2747 Averni]

128 2741 266 2824 speciem
285 2741 493 2819 sacrificandi,
512 2743 648 2827 reipsa,
667 2752 702 2806 ut
719 2751 885 2828 temptaret
893 2742 1044 2810 Puteolos
1059 2744 1109 2827 qud

93 2850 109 2896 5
128 2856 190 2917 que
207 2834 251 2900 ibi
269 2835 460 2921 praesidium
478 2847 557 2915 erat,
577 2838 748 2903 descendit.
789 2837 969 2919 Maximus,
996 2840 1109 2926 postqul

129 2928 344 2996 Hannibalem
365 2929 463 3018 Arpis
486 2932 664 3018 profectum
690 2944 721 2998 et
746 2935 871 3020 regredi
897 2935 931 2999 in
955 2918 1109 3021 campet

128 3025 267 3089 adlatum
286 3036 347 3104 est,
375 3050 433 3092 nec
455 3028 506 3093 die
528 3051 588 3095 nec
609 3039 700 3094 nocte
718 3030 898 3096 intermisso
919 3032 1032 3098 itinere
1048 3016 1109 3097 adt

92 3133 109 3180 6
128 3119 258 3184 ercitum
275 3121 356 3185 redit
375 3132 406 3186 et
414 3122 464 3188 Ti.
476 3120 657 3188 Gracchum
675 3123 715 3189 ab
724 3125 862 3190 Luceria
871 3124 1109 3192 Beneventumt

126 3214 195 3299 pias
215 3216 396 3295 admovere,
425 3214 465 3298 Q.
484 3216 620 3283 Fabium
637 3228 813 3302 praetorem
831 3220 902 3284 -is
921 3219 1007 3287 filius
1025 3214 1109 3287 consu

128 3319 236 3373 erat-
255 3307 325 3396 [ad]
344 3311 513 3375 Luceriam
533 3309 678 3378 Graccho
697 3314 865 3379 succedere
882 3314 981 3381 iubet

95 3419 108 3464 r
192 3401 231 3465 In
251 3401 391 3470 Siciliam
409 3405 519 3471 eodem
538 3416 676 3492 tempore
695 3409 758 3474 duo
774 3419 936 3494 praetores
954 3410 1098 3496 profecti,

129 3492 294 3562 Cornelius
314 3500 556 3577 mexercitum,
585 3501 623 3566 T.
644 3500 799 3568 Otacilius
823 3504 877 3587 qui
895 3507 1073 3572 maritimae
1087 3526 1109 3569 or

90 3589 233 3673 sreique
260 3592 365 3657 navali
390 3605 558 3678 praeesset.
604 3606 635 3661 et
661 3597 756 3662 ceteri
777 3598 811 3663 in
832 3621 908 3664 suas
931 3601 1067 3685 quisque
1087 3620 1109 3685 p

127 3684 245 3750 vincias
272 3686 419 3771 profecti3
464 3699 495 3754 et
526 3689 639 3773 quibus
666 3703 869 3778 prorogatum
900 3694 1109 3780 imperiume

127 3779 256 3843 easdem
273 3801 352 3863 quas
369 3781 464 3868 priori
483 3807 564 3849 anuo
583 3785 726 3871 regiones
745 3786 958 3855 obtinuerunt.

95 3889 109 3935 1
192 3872 291 3939 XIII.
327 3875 382 3941 Ad
400 3876 625 3957 Hannibalem,
654 3902 726 3944 cum
743 3881 784 3946 ad
801 3881 907 3948 lacum
925 3883 1053 3952 Averni
1071 3908 1109 3953 est

93 4012 96 4017 .
128 3963 264 4050 quinque
282 3968 402 4037 nobiles
421 3972 550 4038 iuvenes
574 3973 613 4039 ab
632 3973 769 4041 Tarento
795 3987 964 4064 venerunt,
993 3981 1107 4068 parfim
