2528 4514
145 249 208 316 328
397 257 515 315 LIBER
532 258 661 331 XXVII,
678 259 703 314 5.
724 262 762 328 [a.
771 277 799 315 ιι.
810 276 834 315 c.
843 258 909 331 544]

144 444 216 489 cum
233 440 380 507 prospere
397 418 605 506 pervenisset,
633 427 777 483 senatum
795 411 955 504 extemplo
972 419 1084 499 habuit,

111 514 183 587 ede
211 516 276 581 suis
301 513 395 580 rebus
422 513 520 601 gestis
547 512 820 579 commemoravit:
856 534 931 578 cum
954 536 1051 581 annos
1071 538 1093 602 pr

146 609 310 696 sexaginta
331 609 364 672 in
384 605 493 674 Sicilia
510 616 592 672 terra
612 605 753 690 marique
776 607 902 695 magnis
922 630 1019 695 saepe
1035 608 1093 674 clad

111 703 295 772 ebellatum
313 709 410 780 esset,
439 722 473 766 se
496 700 779 786 comprovinciam
802 701 996 780 confecisse3
1022 704 1094 768 nemi

146 795 440 883 Carthaginiensem
461 795 494 860 in
513 793 622 860 Sicilia
644 816 728 874 esse,
753 795 915 862 neminem
933 794 1085 876 Siculum,

144 890 246 978 fugati
267 899 354 957 metu
374 888 448 955 inde
469 886 618 967 afuerint,
642 910 705 955 non
728 911 812 969 esse3
839 891 944 956 omnis
962 892 999 956 in
1016 891 1093 957 nrbes

111 1009 126 1055 5
145 1000 238 1073 agros
258 1007 332 1050 suos
349 984 496 1050 reductos
510 1005 598 1049 arare
603 1008 613 1063 ς
632 983 787 1049 desertam
799 982 897 1050 recoli
910 993 1030 1051 terram
1042 985 1093 1050 tau¹

142 1079 328 1167 frugiferam
344 1079 427 1164 'ipsis
451 1077 636 1156 cultoribus,
663 1077 842 1165 populoque
863 1078 1014 1145 Romano
1038 1100 1093 1166 pao

111 1198 125 1244 c
145 1172 226 1240 bello
244 1174 432 1239 fidissimum
450 1192 592 1240 annonae
610 1172 795 1239 subsidium.
841 1173 927 1237 exim
945 1172 1080 1238 Muttine

144 1289 277 1355 quorum
295 1266 427 1333 aliorum
445 1268 555 1332 merita
573 1288 648 1354 erga
670 1266 823 1352 populum
839 1265 1024 1333 Romanum
1041 1288 1093 1332 erar

144 1370 288 1427 senatum
312 1360 515 1439 introductio,
551 1361 686 1429 honores
713 1359 857 1426 omnibus
885 1361 927 1426 ad
955 1362 1093 1427 exsolveu

112 1456 238 1524 rfidem
260 1481 280 1522 a
302 1456 430 1522 consule
455 1455 564 1522 habiti.
608 1455 762 1529 Muttines
788 1456 886 1520 etiam
912 1456 994 1522 civis
1016 1457 1093 1522 Rom

143 1551 246 1617 factus
267 1552 430 1639 rogatione
453 1550 493 1616 ab
515 1549 640 1618 tribuno
661 1549 764 1636 plebis
787 1571 833 1615 ex,
849 1552 1036 1617 auctoritate
1051 1558 1093 1637 pat

145 1646 185 1710 ad
202 1645 329 1731 plebem
346 1645 420 1711 lata.

110 1760 125 1808 8
208 1740 298 1806 Dum
323 1740 402 1806 haec
424 1738 546 1806 Romae
573 1747 742 1827 geruntur,
780 1737 829 1805 M.
847 1737 999 1806 Valerius
1024 1739 1093 1824 quin

144 1834 232 1921 ginta
248 1835 383 1900 navibus
402 1852 475 1901 cum
492 1842 564 1900 ante
581 1834 684 1899 lucem
703 1833 743 1898 ad
751 1831 896 1899 Africam
915 1834 1093 1908 accessisset

110 1947 124 1994 9
143 1928 269 2015 proviso
291 1929 325 1993 in
347 1946 458 2015 agrum
479 1928 665 1997 Uticensem
687 1929 903 1994 escensionem
925 1929 1015 2006 fecit,
1040 1946 1093 1992 eun

143 2022 206 2087 late
223 2022 430 2108 depopulatus
448 2021 555 2087 multis
573 2020 757 2087 mortalibus
771 2044 844 2086 cum
861 2022 924 2087 alia
937 2023 1037 2088 omnis
1048 2040 1093 2107 gen

143 2115 261 2202 praeda
288 2116 387 2202 captis
415 2117 455 2181 ad
481 2139 578 2181 naves
605 2116 686 2182 redit
712 2125 743 2180 et
765 2114 842 2200 (ad)
868 2113 1011 2181 Siciliam
1031 2111 1093 2179 haul

143 2211 234 2275 tertio
261 2210 392 2276 decumo
419 2210 470 2274 die
496 2232 591 2295 quam
620 2208 780 2295 profectus
811 2210 885 2274 inde
910 2209 1083 2296 Lilybaeon

95 2325 125 2372 10
144 2313 262 2370 vectus.
299 2327 339 2368 ex
357 2304 488 2389 captivis
505 2305 688 2387 quaestione
707 2303 814 2368 habita
831 2304 910 2368 haec
924 2312 1093 2390 compertae

145 2399 266 2484 sulique
283 2399 427 2463 Laevino
450 2396 554 2464 omnia
576 2398 683 2463 ordine
704 2399 890 2484 perscripta,
918 2408 955 2463 ut
977 2400 1093 2472 sciret,t

94 2515 123 2561 11
143 2492 176 2557 in
203 2503 287 2559 statu
303 2493 432 2558 Africae
459 2513 510 2559 res
538 2502 657 2557 essent:
692 2493 830 2577 quinque
856 2492 945 2558 milia
970 2489 1093 2559 Numida·

144 2609 217 2652 cum
233 2586 407 2653 Masinissa
426 2583 527 2652 Galae
547 2584 626 2664 filio,
653 2586 803 2651 acerrimo
825 2585 955 2665 iuvene,
984 2583 1093 2652 Cartha

144 2702 228 2758 esse,
248 2689 279 2745 et
296 2681 374 2746 alios
392 2702 448 2766 per
465 2690 563 2746 totam
576 2678 720 2745 Africam
738 2680 852 2745 milites
870 2681 1014 2746 mercede
1029 2697 1093 2744 eon

94 2797 125 2845 12
144 2775 200 2857 qui
224 2774 257 2839 in
281 2773 472 2861 Hispaniam
499 2775 540 2839 ad
569 2770 805 2840 Hasdrubalem
829 2774 1048 2851 traicerentur,

144 2888 240 2950 quam
257 2866 394 2933 maximo
412 2869 550 2934 exercitu
572 2869 673 2955 primo
695 2890 820 2953 quoque
842 2879 984 2955 tempore
1000 2869 1032 2932 in
1046 2865 1093 2930 u:

144 2969 359 3047 transgressus
379 2962 522 3049 iungeret
544 2984 578 3028 se
595 2961 784 3040 Hannibali3
811 2962 845 3026 in
863 2985 901 3028 eo
920 2963 1051 3049 positam

94 3077 124 3124 13
143 3055 222 3120 riam
245 3056 370 3121 credere
388 3055 677 3143 Carthaginienses.
726 3054 861 3122 classem
882 3067 1042 3142 praeterea
1059 3049 1093 3117 ἰ

143 3160 207 3216 tem
225 3151 370 3236 apparari
387 3153 428 3216 ad
447 3149 588 3217 Siciliam
605 3151 821 3237 repetendam,
845 3172 979 3237 eamque
997 3172 1030 3216 se
1046 3168 1093 3214 ct

143 3243 231 3312 brevi
250 3245 459 3310 traiecturum.

95 3361 126 3406 14
208 3337 300 3403 Haec
322 3338 449 3403 recitata
466 3362 486 3403 a
503 3338 631 3404 consule
653 3337 697 3404 ita
719 3360 846 3404 morere
869 3349 1027 3417 senatum,
1051 3353 1093 3400 ru

145 3426 339 3519 expectanda
373 3433 499 3498 comitia
534 3434 656 3499 consuli
691 3444 867 3511 censerent,
905 3434 964 3500 sed
993 3434 1093 3498 dictas

145 3527 340 3592 comitiorum
362 3526 577 3595 habendorum
600 3550 696 3592 causa
718 3529 793 3606 dici,
820 3537 852 3593 et
875 3529 1032 3614 extemplo
1051 3525 1093 3588 ir!

94 3644 126 3690 15
144 3622 280 3687 vinciam
296 3620 500 3686 redeundum.
536 3621 590 3686 illa
608 3622 793 3707 disceptatio
807 3621 949 3700 tenebat,
965 3620 1048 3706 quod
1058 3638 1093 3681 ο

144 3716 177 3781 in
193 3715 301 3783 Sicilia
319 3736 353 3781 se
362 3714 410 3780 M.
420 3715 583 3781 Valerium
597 3715 796 3795 Messallam,
815 3717 871 3801 qui
888 3724 957 3781 tum
974 3713 1062 3780 classi
1084 3738 1093 3770 ι

145 3819 241 3888 esset,
269 3809 453 3875 dictatorem
470 3808 626 3875 dicturum
644 3832 715 3876 esse
732 3810 850 3888 aiebat,
880 3818 987 3896 patres
1005 3816 1093 3874 extr]

144 3922 270 3968 manum
290 3926 400 3991 agrum
413 3941 440 3951 -
453 3926 526 3969 eum
543 3913 647 3970 autem
660 3904 693 3968 in
701 3904 795 3970 Italia
807 3905 966 3970 terminari
977 3938 1005 3952 -υ
1015 3917 1093 3984 neg

94 4015 127 4064 16
145 3994 327 4062 dictatorem
344 3998 406 4064 dici
423 4020 527 4085 posse.
567 3997 615 4064 M.
634 3999 803 4066 Lucretius
822 3999 964 4066 tribunus
980 3987 1093 4085 plebia3⁴
