2528 4514
147 236 213 302 440
416 241 534 301 LIBER
552 240 706 300 XXVIIII.
725 244 801 311 [au.
813 259 837 298 c.
847 241 915 313 549]

388 773 608 856 [ramosus
629 773 737 834 amru
758 773 938 854 uxum]

222 911 281 980 [Ex
292 906 389 964 Sicilia
399 907 427 962 C.
437 906 556 962 Laelius
569 906 599 960 in
608 903 736 962 Africam
749 904 911 978 aScipione
924 908 1028 964 missus
1037 909 1144 981 ingenten

150 989 287 1061 praedam
308 985 465 1056 reportavit
488 989 517 1039 et
538 983 674 1039 mandata
700 982 872 1040 Masinissae
895 984 1025 1058 Scipioni
1049 984 1145 1057 exposit

152 1065 311 1137 querentis,
330 1062 407 1134 quod
417 1059 880 1118 nondumexercituminAfricam
889 1063 1055 1119 traiecisset
1071 1062 1145 1119 belm

151 1146 181 1199 in
194 1140 335 1212 Hispania
347 1139 459 1194 linitum
471 1138 579 1193 victore
588 1138 731 1206 Romano,
750 1140 829 1210 quod
842 1141 984 1196 Indebilis
997 1140 1146 1205 excitarent

150 1222 213 1292 ipse
231 1220 261 1273 in
278 1218 340 1274 acie
359 1217 484 1285 occisus,
503 1215 677 1271 Mandonius
695 1218 918 1288 exposcentibus
937 1218 1070 1275 Romanis
1081 1236 1097 1273 a
1110 1216 1146 1271 suis

152 1297 274 1353 deditus.
309 1293 442 1365 Magoni,
461 1292 511 1363 qui
523 1290 701 1363 Albingauni
718 1293 748 1348 in
761 1293 918 1365 Liguribus
937 1303 1015 1366 erat,
1033 1313 1066 1351 ex
1078 1293 1147 1350 hina

152 1384 182 1429 et
198 1372 318 1428 militum
335 1370 430 1443 ampla
447 1387 547 1425 manus
560 1369 647 1425 missa
661 1376 690 1425 et
703 1371 857 1442 pecuniae,
878 1372 984 1444 quibus
998 1372 1096 1429 auxilia
1105 1386 1146 1426 cor

152 1451 282 1517 duceret,
299 1451 553 1518 praeceptumque,
571 1452 605 1501 ut
623 1464 653 1502 se
672 1446 827 1504 Hannibali
846 1449 1046 1522 coniungeret
1082 1446 1147 1519 Sdp't

152 1526 327 1597 aSyracusis
340 1525 370 1579 in
382 1523 509 1579 Bruttios
522 1525 636 1580 traiecit
648 1530 678 1580 et
689 1526 800 1581 Locros
815 1528 899 1597 pulso
913 1529 1025 1584 Punico
1039 1524 1147 1600 praeci&

151 1603 309 1674 fugatoque
318 1601 483 1657 Hannibale
492 1601 610 1672 recepit.
640 1619 697 1674 pax
706 1620 770 1657 cum
778 1603 914 1677 Philippo
925 1605 1007 1663 facta
1016 1613 1066 1663 est.
1089 1606 1149 1661 nst!

150 1685 241 1740 Idaea
255 1685 406 1754 deportata
420 1688 464 1737 est
476 1681 596 1737 Romam
610 1699 627 1737 a
640 1682 811 1738 Pessinunte
825 1683 933 1755 oppido
949 1683 1099 1757 Phrygiae,
1111 1696 1148 1737 eu·

152 1762 228 1818 mine
242 1760 271 1815 in
285 1759 366 1815 libris
380 1758 528 1830 Sibyllinis
542 1757 673 1828 invento,
692 1760 761 1830 pelli
772 1760 858 1816 Italia
872 1760 1149 1835 alienigenamhom

152 1855 252 1911 posse,
271 1837 295 1892 si
304 1843 393 1892 mater
401 1836 490 1891 Idaea
500 1837 651 1907 deportata
659 1838 780 1893 Romam
794 1843 879 1894 esset
914 1839 1024 1895 tradita
1036 1840 1149 1895 edam
1183 1856 1187 1863 ·

150 1914 288 1972 Romanis
305 1932 358 1987 per
374 1913 501 1970 Attalum
523 1932 620 1986 regem
641 1915 737 1971 Asiae.
781 1916 856 1988 lapis
877 1923 944 1973 eret
961 1934 1046 1990 quem
1065 1922 1149 1973 nst·

152 1991 236 2050 defim
245 1994 357 2048 incolae
368 1993 511 2050 dicebant.
548 1995 662 2065 excepit
669 1996 701 2050 P.
712 1994 809 2066 Scipio
818 1996 942 2066 Nasica,
960 1995 1013 2052 Cn.
1024 1996 1094 2051 filius
1102 1994 1148 2057 eit,

152 2071 201 2142 qui
215 2071 245 2126 in
257 2071 397 2141 Hispania
410 2073 547 2142 perierat,
565 2072 609 2126 uir
623 2072 745 2144 optimus
759 2090 777 2128 a
791 2081 893 2130 senatu
909 2073 1068 2144 iudicatus,
1083 2069 1149 2129 adult

153 2166 235 2204 scens
248 2150 373 2203 nondum
387 2149 580 2220 quaestorius,
605 2150 737 2221 quoniam
750 2149 792 2206 ita
808 2167 980 2221 responsum
998 2151 1116 2216 iubebat,
1130 2149 1151 2199 ui

151 2226 181 2281 id
191 2244 293 2282 numen
304 2227 340 2281 ab
352 2227 457 2297 optimo
468 2227 527 2282 viro
537 2227 711 2297 reciperetur
722 2234 1006 2301 consecrareturque.
1024 2228 1151 2285 Locroe

152 2306 264 2376 legatos
277 2305 395 2359 Romam
413 2304 563 2372 miserunt,
582 2305 631 2374 qui
650 2306 685 2359 de
698 2304 865 2377 inpudentia
874 2305 1001 2361 Plemini
1016 2305 1097 2379 legati
1106 2316 1151 2373 qut

151 2388 293 2449 rerentur,
313 2382 362 2452 qui
379 2382 528 2452 pecuniam
538 2382 728 2452 Proserpinae
747 2383 902 2437 sustulerat
920 2389 951 2438 et
967 2385 1073 2440 liberos
1085 2392 1152 2439 aar!

151 2476 186 2514 ac
196 2458 333 2529 coniuges
348 2465 534 2528 stupraverat.
569 2459 599 2512 in
609 2459 718 2514 catenis
728 2460 847 2514 Romam
860 2460 1021 2530 perductus
1031 2462 1160 2541 mauu!-

151 2542 196 2590 est
209 2542 343 2590 mortuus
381 2552 444 2590 cum
458 2535 547 2590 falsus
566 2552 663 2590 rumor
677 2536 712 2591 de
725 2536 759 2591 P.
773 2534 907 2606 Scipione
926 2538 1107 2608 proconsule,
1120 2546 1151 2603 q!

150 2612 180 2666 in
199 2611 296 2667 Sicilia
314 2618 387 2682 erat,
410 2613 439 2666 in
457 2613 556 2667 urbem
573 2612 700 2682 perlatus
719 2618 808 2682 esset,
834 2618 984 2684 tamquam
1002 2615 1044 2670 ibi
1060 2608 1151 2668 lurni*

149 2695 240 2758 retur,
268 2690 361 2744 missis
381 2691 418 2744 ob
437 2689 493 2744 hoc
513 2688 617 2759 legatis
635 2707 653 2745 a
671 2697 785 2758 senatu,
813 2690 862 2762 qui
883 2692 1072 2762 explorarent
1089 2698 1152 2744 sat·

149 2773 344 2834 seruassent,
371 2772 511 2838 purgatus
529 2765 646 2822 infamia
664 2765 760 2838 Scipio
781 2768 812 2822 in
829 2767 960 2823 Africam
983 2769 1152 2840 permisere

149 2848 235 2897 natus
254 2844 372 2899 traiecit.
427 2845 542 2915 Syphax
561 2851 680 2915 accepta
697 2846 727 2899 in
745 2845 956 2901 matrimonium
977 2847 1041 2903 filia
1056 2842 1152 2901 Haris

149 2921 223 2976 baiis
239 2920 373 2990 Gisgonis
392 2922 556 2991 amicitiam,
575 2940 660 2992 quam
678 2940 741 2978 cum
759 2921 894 2994 Scipione
914 2925 1061 2994 iunxerat,
1080 2934 1152 2979 unt*

148 2997 239 3054 tiavit.
274 2998 426 3054 Masinissa
443 3017 492 3055 rex
506 3000 719 3071 Massyliorum,
743 3001 809 3056 dum
827 3019 878 3072 pro
895 2998 1152 3076 Carthaginiensi&

49 3136 52 3143 .
148 3077 178 3131 in
191 3076 333 3147 Hispania
345 3077 460 3148 militat,
479 3078 583 3133 amisso
596 3083 678 3150 patre
688 3078 763 3135 Gala
778 3080 813 3136 de
827 3097 919 3150 regno
935 3081 1086 3138 exciderat
1113 3086 1152 3148 q*

147 3171 200 3225 per
218 3155 324 3210 bellum
343 3172 428 3226 saepe
446 3156 568 3225 repetito
586 3157 698 3226 aliquot
714 3157 831 3227 proeliis
849 3174 867 3213 a
885 3157 1024 3230 Syphace
1042 3152 1151 3231 regali!-

147 3232 286 3287 midarum
304 3233 396 3287 victus
413 3234 443 3287 in
461 3239 552 3287 totum
566 3234 692 3304 privatus
708 3239 794 3292 estet
809 3252 872 3290 cum
886 3237 1025 3293 ducentis
1038 3231 1151 3309 equitii·

50 3364 52 3367 .
149 3311 229 3365 exsul
244 3309 370 3381 Scipioni
386 3311 519 3366 seiunxit
533 3319 562 3366 et
576 3330 638 3367 eum
653 3330 686 3367 eo
700 3313 791 3382 primo
806 3313 901 3368 stetim
916 3316 998 3371 bello
1011 3317 1150 3371 Hennam

148 3386 318 3442 Hamilcaris
336 3387 424 3441 filium
443 3405 506 3442 eum
525 3389 620 3459 ampla
637 3407 723 3444 manu
742 3390 893 3446 interemit.
940 3391 1041 3465 Scipio
1057 3391 1152 3447 stratu

50 3528 53 3533 Ι
147 3463 337 3519 Hasdrubalis
360 3471 390 3520 et
408 3465 561 3537 Syphacis,
591 3467 638 3538 qui
660 3485 751 3540 prope
775 3485 838 3523 oum
860 3475 979 3526 centum
1000 3471 1106 3526 milibus
1121 3480 1151 3520 u·

146 3546 286 3594 matorum
304 3548 454 3611 venerant,
474 3543 510 3597 ab
530 3543 679 3599 obsidione
694 3544 797 3601 Uticae
817 3546 956 3616 depulsus
970 3548 1152 3604 hibernam·

146 3617 273 3672 munivit.
318 3617 501 3689 Sempronius
520 3621 619 3675 consul
638 3623 667 3676 in
685 3639 754 3692 agro
773 3621 955 3680 Crotoniensi
974 3640 1105 3697 prospero
1117 3616 1151 3675 *θ’

146 3711 245 3750 versus
272 3695 463 3751 Hannibalem
489 3699 637 3769 pugnavit.
690 3701 765 3755 inter
791 3717 926 3756 censores
952 3702 994 3758 M.
1013 3700 1152 3759 Liviana

147 3769 295 3826 claudium
312 3774 454 3829 Neronem
477 3775 612 3830 notabilis
634 3776 779 3832 discordia
800 3778 872 3833 suit:
909 3773 1151 3835 ramesciensis·

146 3848 228 3903 Livio
244 3849 373 3920 collegae
391 3868 471 3907 ecum
486 3853 605 3922 ademit,
625 3856 702 3925 quod
715 3871 734 3911 a
745 3856 853 3925 populo
872 3855 1027 3912 damnatus
1041 3861 1153 3923 sensu·

145 3923 294 3980 inexilium
311 3927 418 3998 fuerat,
451 3935 479 3984 et
495 3928 594 3985 Livius
613 3929 749 4002 Claudio,
778 3932 981 4004 quodfalsum
999 3934 1030 3989 in
1052 3950 1080 3989 sc
1095 3924 1153 3985 est

146 4001 269 4055 monium
279 4003 396 4060 dixisset
410 4011 438 4061 et
448 4009 525 4078 quod
539 4025 597 4064 non
611 4008 756 4066 bonafide
767 4011 900 4066 secumin
914 4011 1038 4082 gratiam
1047 4006 1155 4067 redium
