2528 4530
144 255 211 322 434
387 263 508 320 LIBER
523 259 933 332 111111111,13.[ιιιι.519]

146 435 229 503 sent,
264 445 337 490 oum
361 422 497 488 amissae
521 419 710 505 Hispaniae,
746 440 818 483 cnm
845 426 995 501 quattuor
1019 439 1084 482 exer

144 517 324 584 Poenorum
341 526 550 601 quattuorque
566 514 665 577 duces
682 512 788 576 omnia
803 521 892 576 metu
914 511 1069 596 armisque

96 635 125 682 11
145 621 232 690 rent,
267 632 340 676 oum
364 608 526 694 quaesitus
552 607 594 671 ad
618 606 652 670 id
676 605 794 670 bellum
823 604 996 690 imperator
1019 628 1084 670 nem

145 704 323 772 ostenderet
343 712 467 787 praeter
486 723 551 778 me,
577 721 671 764 nemo
692 698 831 784 profiteri
851 721 950 764 ausus
977 709 1072 776 esset,

145 799 224 865 mihi
244 806 392 883 quattuor
415 806 448 861 et
468 796 580 881 viginti
601 817 700 860 annos
721 804 797 858 nato
818 793 986 860 detulisset
1009 795 1084 880 impe

96 914 128 963 12
146 891 282 979 populus
304 890 466 955 Romanus
485 889 620 972 -qnid
641 888 687 952 ita
707 897 774 951 tum
793 909 887 953 nemo
904 898 1039 967 aetatem
1060 912 1084 952 m

147 987 211 1051 vim
228 985 379 1061 hostium,
406 982 623 1047 difficultatem
647 980 734 1058 belli,
760 981 858 1066 patris
880 982 1047 1067 patruique
1067 1006 1084 1046 n

146 1090 211 1146 tem
228 1078 349 1144 cladem
367 1074 650 1143 commemorabat?
674 1085 779 1139 utrum
797 1075 898 1140 maior
914 1076 1021 1160 aliqua
1041 1101 1084 1141 nn

146 1173 259 1240 Africa
275 1172 436 1238 calamitas
454 1181 583 1256 accepta
600 1180 648 1235 est
665 1192 761 1254 quam
778 1180 854 1236 tunc
870 1171 904 1235 in
916 1170 1074 1257 Hispania

98 1289 128 1338 rs
146 1291 188 1334 an
205 1266 338 1332 maiores
355 1287 439 1330 nunc
456 1274 529 1331 sunt
546 1265 700 1330 exercitus
718 1265 752 1328 in
767 1263 881 1331 Aliios
901 1277 934 1330 et
951 1266 1049 1331 duces
1069 1290 1084 1353 p

146 1361 353 1445 melioresque
378 1380 473 1443 quam
498 1368 574 1424 tuno
598 1358 632 1423 in
656 1357 815 1444 Hispania
840 1359 987 1424 suemnt?
1022 1383 1063 1425 an

98 1476 131 1524 14
148 1477 218 1521 mea
236 1466 311 1519 tunc
328 1453 478 1518 maturior
493 1450 578 1518 bello
595 1451 733 1539 gerendo
750 1452 811 1517 fuit
828 1475 924 1536 quam
940 1476 1027 1519 nunc
1045 1466 1084 1519 est

148 1572 220 1614 cum
247 1546 500 1634 Carthaginiensi
525 1546 616 1612 hoste
642 1547 676 1610 in
701 1546 859 1632 Hispania
884 1570 981 1631 quam
1007 1548 1084 1614 inl

146 1643 264 1710 bellum
289 1642 357 1729 geri
382 1641 485 1726 aptius
512 1641 579 1707 est?
607 1641 744 1719 facilest,
770 1652 843 1728 post
868 1642 959 1709 fusos
986 1644 1084 1730 fugat(

148 1747 295 1823 quattuor
311 1736 465 1802 exercitus
482 1734 635 1814 Punicos,
663 1745 736 1822 post
756 1745 803 1801 tot
823 1736 918 1803 urbes
941 1737 974 1802 vi
997 1749 1084 1824 capta

147 1840 234 1895 metu
251 1828 397 1895 subactas
414 1829 448 1894 in
469 1829 636 1908 dicionem,
664 1839 736 1916 post
756 1831 932 1916 perdomita
953 1834 1084 1898 omnias

98 1941 129 1991 15
148 1924 189 1990 ad
213 1946 379 2000 oceanum,
415 1933 460 1988 tot
485 1924 627 2010 regulos,
658 1933 705 1989 tot
731 1946 841 1990 saevas
868 1934 994 2012 gentes,
1031 1950 1084 2013 pos

148 2028 271 2104 ceptam
293 2026 389 2095 totam
411 2015 601 2103 Hispaniam
621 2018 679 2097 ita,
707 2027 742 2084 ut
763 2019 932 2106 vestigium
954 2018 1031 2086 belli
1055 2045 1084 2086 m

98 2130 128 2179 16
147 2111 301 2196 reliquum
319 2111 373 2189 sit,
393 2111 514 2177 elevare
528 2135 614 2178 meas
628 2135 678 2178 res
693 2122 814 2200 gestas,
833 2124 896 2178 tam
910 2113 1052 2193 hercule,
1070 2137 1084 2199 q

148 2204 175 2270 si
192 2205 291 2271 victor
310 2227 350 2271 ex
366 2204 478 2270 Africa
494 2207 653 2285 redierim,
682 2230 719 2273 ea
735 2207 805 2293 ipsa
823 2206 960 2286 elevare,
989 2231 1070 2293 quae

146 2299 298 2364 retinendi
316 2298 378 2364 mei
396 2321 504 2377 causa,
523 2310 559 2364 ut
576 2300 724 2366 terribilia
742 2302 851 2366 eadem
868 2302 1049 2380 videantur,
1071 2327 1084 2368 r

98 2414 127 2460 11
148 2392 345 2458 extolluntur.
389 2402 484 2478 negat
506 2394 626 2459 aditum
649 2417 719 2460 esse
740 2395 774 2458 in
791 2393 949 2473 Africam,
979 2407 1074 2484 negat

146 2497 252 2573 patere
269 2497 393 2572 portus:
412 2486 607 2552 M.·Atilium
626 2498 753 2575 captum
769 2488 923 2555 inAfrioa
941 2511 1084 2556 commen

147 2591 305 2665 tamquam
331 2579 378 2646 M.
406 2579 524 2647 Atilius
550 2583 651 2666 primo
682 2604 812 2648 accessu
839 2583 879 2648 ad
904 2582 1052 2650 Africam
1078 2608 1084 2648 t

147 2674 239 2753 derit3
275 2696 377 2758 neque
402 2675 583 2740 recordatur
607 2677 652 2741 illi
677 2676 739 2762 ipsi
764 2687 828 2742 tam
853 2677 973 2743 infelici
999 2680 1084 2766 impe

146 2768 285 2853 patuisse
303 2778 407 2833 tamen
424 2779 532 2854 portus
546 2769 675 2835 Africae
693 2780 724 2836 et
740 2794 791 2837 res
810 2772 954 2857 egregias
973 2773 1076 2858 primo

146 2860 284 2946 gessisse
302 2870 333 2926 et
350 2874 501 2945 quantum
520 2864 560 2928 ad
579 2862 856 2951 Carthaginienses
874 2866 973 2930 duces
993 2868 1084 2932 adtim

97 2953 262 3021 revictum
289 2955 330 3019 ad
360 2955 503 3022 ultimum
534 2959 753 3042 permansisse.
807 2959 884 3024 nihil
913 2960 1013 3046 igitur
1038 2984 1084 3026 me

147 3048 462 3134 exemploterrueris.
508 3052 535 3116 si
552 3052 612 3117 hoc
630 3052 726 3130 bello,
752 3076 815 3118 nou
831 3053 948 3138 priore,
979 3055 1007 3120 si
1028 3078 1084 3140 nup

146 3162 209 3207 non
227 3142 316 3208 annis
334 3153 406 3209 ante
424 3144 630 3232 quadraginta
646 3146 707 3212 ista
725 3147 829 3213 clades
851 3158 984 3233 accepta
1000 3149 1081 3214 foret

146 3257 206 3323 ego
232 3237 335 3303 minus
361 3239 395 3302 in
415 3237 559 3304 Africam
580 3239 705 3327 Regulo
731 3251 822 3326 capto
848 3264 944 3325 quam
972 3241 1084 3329 Scipio:

97 3348 127 3396 19
146 3329 257 3396 occisis
275 3332 308 3396 iu
324 3331 513 3417 Hispaniam
531 3334 712 3399 traicerem?
737 3357 796 3400 nec
813 3335 936 3401 felicius
950 3337 1084 3423 Xanthi]

145 3424 433 3491 Lacedaemonium
453 3425 637 3514 Carthagini
658 3450 753 3513 quam
774 3451 825 3494 me
842 3430 963 3515 patriae
985 3455 1076 3498 meae

145 3539 211 3582 rem
228 3528 336 3584 natum
355 3540 425 3586 esse
443 3535 656 3606 cresceretque
670 3523 746 3587 mihi
759 3547 799 3589 ex
812 3546 849 3588 eo
861 3524 932 3608 ipso
945 3525 1072 3604 fiducia,

95 3630 128 3678 20
144 3612 245 3698 possit
262 3613 294 3678 in
311 3614 446 3681 hominis
464 3616 557 3682 unius
574 3617 688 3683 virtute
709 3627 829 3682 tantum
847 3620 1001 3684 momenti
1018 3643 1084 3686 esse

146 3706 239 3772 etiam
264 3707 476 3776 Athenienses
510 3712 656 3776 audiendi
692 3722 777 3791 sunt,
813 3722 930 3778 temere
966 3716 1001 3780 iu
1033 3713 1084 3781 Sic

94 3819 125 3866 21
146 3801 263 3867 omisso
289 3802 373 3867 domi
398 3802 481 3870 bello
511 3807 714 3893 transgressi;
740 3844 783 3855 -
812 3829 868 3872 cur
894 3830 992 3894 ergo,
1027 3831 1084 3894 qno

147 3890 285 3962 Graecas
307 3896 431 3963 fabulas
453 3921 596 3965 enarrare
617 3911 722 3977 vacat,
748 3923 813 3966 nou
833 3899 1050 3987 Agathoclem
1069 3925 1084 3988 p

147 3983 381 4071 Syracusanum
398 4015 505 4078 regem
510 4041 520 4072 ,
539 4016 610 4060 cum
628 3994 683 4059 din
702 3992 810 4060 Sicilia
826 3993 952 4062 Punico
970 3996 1084 4063 bellun
