2528 4530
252 251 368 309 arnna
386 254 514 325 xxvn,
533 255 557 309 5.
572 254 598 309 s.
619 258 657 324 [a.
669 253 698 309 o.
708 255 772 326 210]
964 244 1029 311 329

78 434 144 477 are
162 410 352 489 consideret,
370 412 415 476 ita
428 411 564 477 decrevit
578 423 718 491 senatus,
736 422 771 477 ut
784 413 907 491 consul,
925 415 1029 500 prius-

76 530 93 569 n
110 505 150 570 ab
169 505 247 571 urbe
265 505 452 583 discederet,
479 505 631 593 populum
651 517 791 594 rogaret,
818 528 912 592 quem
928 509 1029 575 diota-

76 624 97 664 u
114 599 177 664 dici
194 599 331 686 placeret
348 621 484 683 eumque
497 621 591 684 quem
604 602 740 687 populus
753 601 899 668 iussisset
910 603 1027 668 diceret

76 704 194 758 torem:
218 694 246 758 si
262 693 374 758 consul
390 693 556 772 noluisset,
575 704 700 779 praetor
715 696 867 782 populum
888 707 1026 782 rogaret3

76 811 91 853 e
117 787 144 852 is
171 787 300 872 quidem
326 787 433 865 vellet,
461 797 528 852 turn
554 787 670 853 tribuni
691 789 733 853 ad
754 789 879 876 plebem
901 790 1026 859 ferrent.

88 883 199 948 consul
222 905 256 948 se
279 883 430 969 populum
451 892 634 969 rogaturum
655 895 817 970 negasset,
844 885 930 969 quod
952 908 1027 951 suae
1046 908 1078 954 rr

76 978 163 1042 statis
191 987 289 1054 esset,
315 986 552 1063 praetoremque
578 976 729 1042 vetuisset
754 999 878 1064 rogare,
910 980 1027 1046 tribuni

76 1072 98 1136 is
116 1081 267 1157 rogarunt
284 1070 455 1156 plebesque
474 1071 578 1149 scivit,
605 1081 640 1136 ut
658 1070 699 1154 Q.
716 1070 866 1150 Fulvius,
888 1074 943 1156 qui
959 1083 1027 1138 tum

79 1187 195 1250 apuam
214 1173 293 1243 erat,
312 1164 444 1231 dictator
461 1165 624 1231 diceretur.
652 1165 709 1231 sed
726 1187 789 1250 quo
807 1166 857 1230 die
875 1166 907 1230 id
924 1166 1025 1252 plebis
1046 1189 1079 1238 18

76 1259 164 1322 ilium
191 1258 331 1323 futurum
359 1268 438 1336 erat,
465 1259 575 1324 consul
602 1259 683 1324 clam
708 1269 799 1324 nocte
825 1259 858 1323 in
886 1256 1027 1326 Siciliam

76 1402 82 1431 ‚
102 1353 305 1436 destitutique
318 1363 423 1439 patres
437 1353 555 1419 litteras
570 1353 666 1419 adM.
677 1352 846 1420 Claudium
858 1354 1026 1420 mittendas

76 1457 201 1524 uerunt,
221 1457 255 1511 ut
272 1448 413 1512 desertae
432 1448 472 1513 ab
486 1448 617 1535 conlega
632 1447 834 1535 reipublicae
848 1449 1027 1514 subveniret

76 1553 177 1626 etque
199 1563 293 1625 quem
315 1542 450 1627 populus
472 1542 618 1608 iussisset
640 1543 832 1609 dictatorem.
875 1543 920 1608 ita
941 1543 1024 1609 aM.
1047 1567 1080 1615 ts

76 1637 135 1702 [dio
154 1636 282 1702 consule
301 1636 342 1719 Ω.
360 1635 493 1702 Fulvius
511 1636 644 1702 dictator
661 1637 777 1716 dictus,
805 1647 836 1702 et
857 1660 898 1703 ex
915 1639 1026 1703 eodem

76 1736 80 1797 i
100 1732 179 1797 scito
202 1742 232 1796 et
250 1730 289 1796 ab
309 1728 350 1814 Ω.
368 1730 481 1796 Fulvio
503 1730 653 1797 dictatore
670 1730 709 1797 P.
727 1732 870 1798 Licinius
890 1730 1026 1798 Crassus

76 1827 140 1892 ifex
158 1826 313 1890 maximus
331 1826 482 1911 magister
499 1826 640 1910 equitum
657 1827 770 1892 dictus.

76 1921 121 1986 ῙΙ.
157 1919 303 1984 Dictator
315 1929 482 2006 postquam
490 1921 627 1986 Romam
639 1922 738 2000 venit,
754 1920 792 1988 C.
804 1919 1026 2008 Sempronium
1047 1945 1059 1990 1

76 2040 149 2082 sum
166 2015 320 2102 legatum,
348 2036 442 2099 quem
464 2016 504 2080 ad
523 2015 667 2103 Capuam
689 2017 854 2096 habuerat,
880 2018 914 2082 in
931 2016 1027 2083 Etru-

91 2110 287 2197 provinciam
305 2110 345 2175 ad
364 2110 533 2176 exercitum
551 2111 635 2175 misit
652 2112 685 2175 in
702 2112 807 2177 locum
820 2110 859 2177 C.
874 2109 1027 2198 Calpurni

76 2205 164 2282 toris,
195 2225 303 2288 quem,
330 2215 365 2268 ut
383 2203 513 2290 Capuae
536 2204 746 2288 exercituique
773 2226 831 2270 suo
856 2217 1025 2290 praeesset,

76 2301 107 2365 is
127 2299 250 2364 excivit.
285 2299 354 2385 ipse
372 2299 497 2364 comitia
514 2300 547 2365 in
563 2321 658 2383 quem
676 2299 759 2364 diem
776 2299 912 2386 primum
925 2299 1027 2384 potuit
1045 2321 1062 2366 s

76 2397 109 2472 t3
141 2415 221 2478 quae
248 2395 416 2460 certamine
436 2395 517 2460 inter
543 2395 683 2460 tribunos
710 2393 953 2478 dictatoremque
979 2393 1027 2457 in·

94 2489 204 2575 perfici
221 2511 285 2553 non
302 2498 454 2575 poterant.
501 2486 629 2557 Galeria
645 2489 815 2566 iuniorum,
843 2509 925 2572 quae
943 2497 1026 2555 sorte
1044 2511 1061 2558 3

76 2581 216 2668 rogativa
246 2596 326 2660 erat,
358 2582 398 2665 Ω.
421 2583 571 2648 Fulvium
597 2592 628 2648 et
655 2581 695 2665 Ω.
718 2580 855 2649 Fabium
881 2581 1026 2647 consules

76 2687 155 2754 rant,
183 2676 355 2762 eodemque
376 2677 443 2742 iure
464 2686 595 2742 vocatae
616 2676 833 2755 inclinassent,
860 2676 894 2743 ni
916 2697 950 2742 se
972 2677 1027 2741 trl-

92 2772 193 2859 plebis
213 2771 251 2838 C.
270 2783 301 2838 et
317 2774 359 2838 L.
378 2769 534 2859 Arri(an)i
555 2772 827 2861 interposuissent,
853 2771 908 2857 qui
924 2793 1064 2857 nequet

76 2871 216 2936 istratum
234 2869 408 2935 continuari
429 2869 505 2935 satis
528 2868 619 2935 civile
641 2886 712 2936 esse
734 2866 859 2935 aiebant
880 2879 912 2934 et
929 2868 1027 2933 multo

76 2963 146 3028 ioris
165 2962 301 3049 exempli
318 2984 391 3028 eum
407 2963 512 3050 ipsum
530 2962 642 3042 creari,
670 2963 724 3049 qui
742 2963 869 3031 comitia
885 2962 1026 3029 haberet:

76 3079 103 3121 re
122 3057 149 3121 si
167 3078 260 3147 suum
277 3078 392 3121 nomen
406 3057 538 3123 dictator
551 3057 720 3145 acciperet,
739 3078 773 3123 se
787 3057 919 3122 comitiis
933 3056 1028 3123 inter·
1046 3077 1064 3124 5

76 3172 159 3230 aros3
191 3151 218 3216 si
240 3150 371 3216 aliorum
392 3161 611 3239 praeterquam
632 3152 732 3239 ipsius
749 3151 828 3216 ratio
850 3149 1026 3225 haberetur,
1070 3232 1073 3237 ψ

76 3246 133 3311 itiis
153 3268 187 3311 se
205 3266 324 3310 moram
342 3246 538 3311 nonfacere.
583 3246 716 3311 dictator
737 3262 865 3310 oausam
887 3242 1063 3312 comitio-6

88 3340 270 3406 auctoritate
288 3350 429 3419 senatus,
447 3338 549 3427 plebis
568 3339 660 3418 scito,
683 3337 835 3424 exemplis
854 3336 1025 3402 tutabatur:

76 3457 135 3518 que
163 3434 222 3500 Cn.
251 3431 385 3500 Servilio
410 3433 553 3512 consule,
584 3454 656 3500 cum
684 3430 723 3498 C.
748 3430 923 3498 Flaminius
950 3428 1063 3498 alters

76 3528 109 3593 ul
127 3529 167 3593 ad
180 3527 433 3594 Trasumennum
450 3529 629 3606 cecidisset,
647 3549 687 3593 ex
705 3525 886 3592 auctoritate
903 3534 1028 3611 patrum

76 3622 184 3691 lehem
199 3622 299 3689 latum
315 3622 502 3712 plebemque
520 3622 665 3700 scivisse,
686 3631 722 3686 ut
739 3620 844 3709 quoad
860 3618 978 3685 bellum
994 3618 1028 3681 in

76 3738 92 3783 a
110 3727 207 3796 esset,
226 3740 266 3784 ex
283 3720 326 3795 ls,
344 3718 399 3802 qui
417 3718 561 3785 eonsules
579 3717 727 3795 fuissent,
747 3736 826 3803 quos
840 3724 871 3780 et
884 3713 1027 3801 quotiens
1110 3785 1112 3789 ¹

76 3821 93 3876 tl
109 3811 268 3879 reficiendi
286 3811 431 3878 consules
453 3811 571 3899 populo
592 3812 642 3876 ius
661 3819 759 3890 esset3
785 3808 1027 3896 exemplumque
1045 3824 1064 3873 8

76 3930 120 3972 am
137 3928 204 3972 rem
222 3928 256 3972 se
273 3905 388 3972 habere
405 3917 497 3972 vetus
515 3907 556 3972 L.
575 3904 721 3973 Postumi
737 3900 883 3991 Megelli,
909 3901 964 3989 qui
980 3900 1029 3965 in-

76 4027 103 4066 =x
124 4003 162 4069 iis
185 4002 332 4080 comitiis,
360 4024 440 4087 quae
462 4002 530 4087 ipse
552 4000 728 4079 habuisset,
759 3999 870 4066 consul
891 4020 963 4064 curn
987 3993 1026 4061 C.
