2528 4530
345 241 465 305 mun
480 240 626 314 xxn,1.
645 241 867 314 [acueris]
1079 232 1128 307 us.

88 400 255 463 dsarsmrne
264 399 404 457 liberatus
413 403 466 455 est.
489 414 547 470 quc
556 396 697 455 beneficio
707 398 799 454 victus
809 404 904 455 castra
913 417 977 456 oum
987 400 1123 457 coruunt

90 486 119 555 at
128 485 244 553 panem
257 493 325 535 eum
339 475 475 532 mutavit
487 475 620 548 idemque
633 474 731 532 iacere
739 475 844 533 milites
857 475 948 533 iussit.
974 477 1123 538 Hannibal

91 562 201 616 mtata
209 552 393 628 Campania
383 559 458 610 mter
468 554 624 611 Casilinum
634 553 768 627 oppidum
778 559 808 610 et
817 552 985 611 Calliculam
997 560 1123 612 montem

92 628 218 693 a'i'rbio
239 633 339 689 elneus
358 631 508 688 sumentis
525 632 563 687 ad
581 646 688 687 cornua
706 631 792 686 boum
809 630 935 703 alligatis
953 632 1007 688 et
997 631 1123 689 incensis

93 709 265 785 pssddium
272 710 468 766 Romanorum
469 709 566 782 quod
575 707 744 765 Oalhculam
757 708 903 765 insidebat
904 708 1034 781 fugavit
1042 716 1073 767 et
1081 727 1123 766 s1c

95 795 290 861 immersus
304 791 350 844 eet
362 787 475 844 saltum.
509 786 643 857 idemque
657 786 732 842 Fabi
745 785 861 841 Maximi
876 787 1039 858 dictatoris,
1057 804 1123 845 cum

96 865 296 941 circumposita
302 871 408 937 ureret,
422 881 493 937 agro
502 864 641 938 pepercit,
656 869 689 919 ut
701 863 781 918 illum
794 869 938 936 tamquam
948 866 1123 936 proditorem

98 950 254 1019 mpsetum
272 942 393 1000 iaceret
427 941 550 998 Aemilio
570 941 673 998 deiude
692 941 783 997 Paulo
798 946 829 997 et
841 941 977 999 Terentio
991 942 1122 1000 Varrone

98 1018 257 1079 oonsulibus
267 1024 299 1076 et
308 1019 430 1076 ducibus
440 1035 504 1074 eum
512 1018 634 1075 maxima
643 1018 725 1074 clade
735 1017 873 1074 adversus
882 1017 1075 1077 Hannibalem
1084 1021 1122 1076 ad

98 1098 201 1156 damas
214 1102 381 1170 pugnatum
393 1101 439 1153 est
455 1112 597 1167 measque
612 1112 647 1152 eo
660 1095 771 1166 proelio
786 1093 980 1152 Romanorum
999 1099 1121 1168 quadra-

100 1176 167 1249 ῥιι
175 1173 396 1249 quinquemilia
410 1189 474 1230 eum
487 1173 580 1230 Paulo
594 1173 713 1229 consule
726 1177 757 1228 et
770 1173 951 1230 senatoribus
964 1174 1123 1246 nonaginta

100 1252 335 1311 annularibus
351 1257 403 1308 aut
419 1250 570 1322 praetoriis
588 1255 639 1308 aut
651 1249 790 1307 aediliciis
803 1249 930 1322 triginta.
964 1256 1033 1323 post
1047 1267 1121 1322 quae

100 1329 340 1395 munobilibus
350 1328 585 1386 adulescentibus
597 1333 716 1401 propter
730 1328 957 1401 desperationem
971 1328 1121 1385 consilium

101 1406 333 1481 ismlinquenda
345 1405 433 1462 Italis
444 1405 572 1473 iniretur,
587 1406 620 1463 P.
630 1403 779 1462 Cornelius
794 1404 890 1477 Scipio
904 1404 1036 1462 tribunus
1050 1405 1121 1460 mili·

100 1488 156 1555 ιω,
165 1482 385 1558 quiAfiicanns
397 1488 501 1554 postea
509 1487 628 1540 vocatus
639 1487 694 1552 est
705 1481 803 1539 stricto
814 1499 900 1554 super
909 1482 1006 1554 capita
1015 1483 1120 1539 delibe-

102 1562 210 1622 mtium
222 1561 304 1620 ferro
318 1561 432 1633 iurarit,
451 1577 483 1618 sc
495 1578 549 1634 pro
562 1561 647 1617 hoste
660 1560 825 1617 habiturum
838 1577 911 1631 aum,
927 1560 976 1633 qui
989 1560 1019 1616 in
1032 1560 1121 1617 verba

103 1639 354 1711 asnoninrasset,
363 1637 525 1711 effecitque,
539 1644 573 1695 ut
582 1654 680 1696 omnes
690 1655 749 1695 non
758 1638 889 1695 relictum
897 1638 932 1693 iri
940 1656 959 1696 a
968 1655 999 1695 se
1008 1638 1121 1694 Italiam

104 1716 286 1779 hstmmdo
300 1716 557 1790 adstringerentur.
592 1721 711 1790 propter
728 1715 903 1789 paucitatem
921 1715 1040 1773 militum
1054 1719 1119 1772 octo

104 1794 166 1869 qia
182 1808 334 1855 servotum
352 1799 463 1852 armata
481 1800 556 1851 sunt
593 1793 713 1865 captivi,
733 1811 797 1850 cum
814 1797 944 1864 potestus
958 1798 1035 1850 esset
1047 1793 1121 1849 redi-

99 1875 198 1948 ·lsudi,
215 1874 362 1946 redempti
385 1890 445 1932 non
465 1879 540 1932 sunt.
579 1879 730 1945 praeterea
751 1873 971 1944 trepidationem
992 1873 1072 1928 urbis
1091 1879 1121 1928 et

105 1950 196 2009 fletum
205 1951 482 2024 etresinilispania
491 1951 607 2009 meliore
617 1958 723 2008 eventu
737 1955 833 2024 gestas
844 1951 980 2008 continet
1008 1949 1121 2021 Opimia

107 2028 286 2088 currentis
299 2030 435 2089 Vestales
454 2030 581 2102 virgines
597 2030 701 2086 incesti
719 2030 869 2086 damnatae
889 2035 962 2085 sunt.
996 2028 1121 2086 Varroni

109 2106 282 2165 tisiamitum
291 2113 323 2165 ct
330 2109 441 2179 gratiae
451 2109 626 2181 actae,qu0d
636 2109 672 2163 de
681 2124 712 2163 re
721 2107 839 2178 publica
848 2123 906 2164 non
915 2107 1118 2178 desperasset]

520 2258 685 2270 ———

471 2367 589 2451 ΤΙΤΙ
614 2367 739 2450 LIVI

332 2525 400 2587 AB
435 2525 578 2588 veen
615 2523 876 2588 cosmus

473 2714 604 2776 LIBER
624 2714 731 2774 XXII.

106 2908 128 2929 ,.
156 2845 183 2913 Ι.
219 2847 292 2914 Iam
318 2869 374 2914 ver
399 2847 580 2934 adpetebat,
607 2856 702 2932 atque
727 2845 890 2913 Hannibal
917 2867 957 2912 ex
983 2843 1154 2910 hibemis1

101 2942 202 3022 ¹nouit,
224 2951 258 3008 et
277 2941 469 3028 nequiquam
491 2952 563 3009 ante
586 2950 716 3008 conatus
739 2939 959 3007 transcendere
979 2937 1124 3025 Apenni-

112 3050 169 3105 ω
186 3035 391 3103 intolerandis
413 3035 584 3123 frigoribus
607 3044 729 3102 etcum
750 3034 871 3123 ingenti
893 3033 1033 3120 periculo
1055 3055 1131 3099 mo-

111 3136 179 3217 dius
205 3153 246 3197 ac
276 3138 373 3197 metu.
418 3127 518 3209 Galli,
544 3152 626 3216 quos
655 3128 792 3217 praedae
821 3127 1155 3216 populationumque2

111 3223 269 3292 undserat
286 3245 376 3311 spes,
397 3235 567 3310 postquam
585 3246 643 3311 pro
661 3245 713 3304 ec,
736 3233 772 3290 ut
788 3223 850 3311 ipsi
868 3245 909 3288 ex
926 3221 1027 3289 alieno
1046 3242 1122 3307 egro

109 3328 236 3404 ment
257 3327 464 3407 agerentque,
488 3341 563 3386 suas
581 3328 680 3386 terras
700 3318 809 3386 sedem
827 3317 902 3384 belli
919 3339 991 3383 esse
1007 3316 1124 3404 premi-

108 3428 156 3499 que
168 3412 447 3523 utriusquepartis
466 3413 659 3480 exercituum
681 3412 821 3480 hibernis
837 3411 994 3490 viderent,
1020 3419 1155 3478 verte-³

106 3515 166 3581 Μ
186 3516 272 3575 retro
292 3507 328 3572 in
349 3507 564 3575 Hannibalem
590 3506 630 3576 sb
653 3507 806 3575 Romanis
830 3506 917 3574 odia.
943 3504 1122 3593 petitusque

105 3616 186 3688 nepe
200 3601 382 3690 principum
398 3601 694 3690 msidus,1psorum
710 3602 792 3670 inter
810 3623 844 3669 se
862 3600 987 3679 fraude,
1010 3599 1122 3666 ecdem

102 3686 227 3776 britan,
245 3717 310 3782 qua
328 3706 566 3777 consenserant,
584 3719 774 3765 consensum
791 3695 997 3764 iudicantium
1016 3716 1124 3761 serva-

101 3792 144 3877 hs
157 3799 227 3857 erat
243 3799 276 3856 et
293 3791 443 3858 mutando
459 3813 544 3858 nunc
559 3802 691 3871 vestem,
709 3813 793 3858 nunc
811 3800 993 3880 tegumenta
1010 3787 1124 3875 eapitis

99 3900 194 3958 mre
210 3883 309 3951 etism
326 3903 397 3953 sese
413 3885 455 3953 ab
471 3887 595 3953 insidiis
612 3886 777 3954 munierat.
819 3896 957 3955 ceterum
973 3884 1026 3951 hio
1043 3900 1157 3970 quc-t

97 3994 150 4063 quo
167 3978 199 4047 ei
216 3977 313 4045 timor
329 4000 426 4055 rause
442 3979 503 4047 fuit
520 3981 673 4049 maturius
690 3980 839 4048 movendi
856 3979 1063 4048 exhibernis.
1125 4060 1128 4064 μ
