2528 4530
300 253 421 310 amne
438 254 554 325 xxm,
572 256 615 312 aa
628 253 672 313 ee.
691 253 843 326 [scau]
1031 244 1094 311 149
1120 297 1124 307 .

80 413 227 481 amitibus
245 435 355 478 eorum
373 411 510 477 seductis
529 433 567 476 ac
585 421 672 477 metu
692 411 808 478 territis
829 411 949 479 litterae
968 437 1094 500 quoque

80 507 296 576 bHannibcle
314 506 355 571 ad
368 505 551 592 Philippum
568 506 714 573 inventae
732 516 764 572 et
780 517 873 593 pacta
889 509 971 575 inter
987 533 1095 597 regem

80 605 274 668 llacedouum
300 600 508 685 Poenumque
539 601 662 667 ducem.
715 601 831 687 quibus
858 603 934 668 satis
962 606 1129 692 cognitise

80 699 215 785 ›ptimum
240 696 346 761 visum
372 707 421 760 est
448 696 590 782 captivos
617 696 811 783 comitesque
833 719 942 763 eorum
959 697 1095 765 Romam

80 794 258 857 tdsenatum
272 800 325 855 aut
339 789 495 868 eonsules,
512 789 703 874 ubicumque
717 802 832 870 essent,
851 793 1095 880 quamprimum

80 887 234 972 deportare.
271 885 313 949 ad
328 884 363 949 id
380 883 560 950 celerrimae
577 885 715 970 quinque
732 907 830 952 naves
849 886 988 953 delectae
1006 910 1043 953 ac
1051 889 1093 953 L.
1113 908 1128 957 9

80 979 205 1045 Valerius
219 978 336 1046 Antias
354 980 409 1063 qui
425 990 586 1065 praeesset
603 978 720 1045 missus
740 981 830 1064 eique
848 982 1041 1061 mandatum,
1061 992 1095 1047 ut

80 1074 219 1140 'momnis
244 1073 335 1139 navis
357 1071 479 1159 legatos
502 1073 671 1158 separatim
693 1073 914 1139 custodiendos
942 1075 1095 1141 divideret

80 1168 208 1253 daretque
230 1189 373 1254 operam,
400 1188 440 1231 ne
462 1166 548 1251 quod
569 1166 609 1231 iis
631 1167 833 1251 conloquium
854 1169 935 1232 inter
957 1191 991 1232 se
1013 1191 1094 1235 neve

80 1284 141 1346 quae
158 1260 401 1328 communicatio
419 1260 531 1326 consili
549 1271 643 1326 esset.

127 1358 185 1423 Per
202 1358 287 1422 idem
306 1366 430 1441 tempus
448 1355 570 1421 Romae
589 1377 660 1420 cum
678 1354 720 1420 A.
737 1354 903 1421 Cornelius
917 1355 1094 1423 Mammula
1113 1375 1145 1423 10

83 1449 256 1518 uSardinia
268 1450 430 1536 provincia
440 1449 595 1515 decedens
609 1448 795 1529 rettulisset,
815 1451 870 1534 qui
879 1459 979 1516 status
988 1472 1092 1516 rerum

82 1544 220 1611 ininsula
247 1554 345 1610 essetr
377 1544 495 1611 bellum
517 1566 555 1610 ac
577 1544 784 1611 deiectionem
811 1545 912 1611 omnis
940 1555 1090 1632 spectare,
1112 1563 1143 1611 11

84 1636 109 1721 Q.
115 1639 264 1718 Mucium,
283 1638 339 1724 qui
354 1639 560 1704 successisset
574 1637 644 1717 sibi,
664 1640 818 1726 gravitate
833 1639 912 1705 caeli
925 1662 1093 1724 aquarum-

82 1750 123 1814 que
137 1735 355 1799 advenientem
374 1742 549 1819 exceptum,
568 1755 633 1798 non
650 1742 714 1798 tam
727 1733 761 1797 in
773 1733 984 1820 periculosum
997 1755 1093 1818 quam

81 1822 186 1914 longum
205 1827 349 1893 morbum
367 1826 554 1913 inplicitum,
575 1828 628 1892 diu
643 1828 683 1893 ad
696 1827 771 1893 belli
785 1828 892 1893 munia
910 1828 1094 1894 sustinenda

80 1917 198 1988 inutilem
220 1922 303 2000 fore,
331 1922 564 2006 exercitumque
591 1921 635 1988 ibi
657 1932 693 1988 ut
715 1922 791 1989 satis
814 1922 939 1988 firmum
961 1932 1092 2009 pacatae
1112 1939 1143 1987 12

80 2018 235 2096 provinciae
253 2017 432 2102 praesidem
449 2038 534 2096 esse,
557 2017 601 2082 ita
618 2040 731 2102 parum
748 2016 845 2096 bello,
869 2017 953 2101 quod
972 2026 1092 2083 motum

80 2106 336 2190 livideretur-,
355 2112 560 2177 decreverunt
576 2121 696 2198 patres,
714 2120 750 2176 ut
759 2108 800 2194 Q.
810 2111 943 2176 Fulvius
955 2111 1090 2178 Flaccus
1111 2129 1142 2176 13

80 2204 195 2290 quinque
221 2205 309 2287 milia
334 2206 490 2291 peditum,
523 2206 767 2293 quadringentos
794 2206 914 2288 equites
943 2205 1091 2272 scriberet
1149 2210 1154 2217 ’

80 2316 189 2385 unque
215 2300 374 2388 legionem
398 2301 500 2386 primo
527 2322 653 2385 quoque
678 2310 819 2386 tempore
850 2301 884 2363 in
911 2296 1089 2365 Sardiniam

80 2394 260 2460 deiciendam
287 2404 408 2460 curaret
434 2395 631 2480 mitteretque
659 2416 731 2460 cum
757 2393 888 2480 imperio
910 2414 1005 2476 quem
1028 2393 1089 2479 ipsi
1109 2411 1142 2457 14

80 2485 227 2568 videretur,
247 2488 384 2572 quirem
402 2498 524 2576 gereret
541 2489 646 2573 quoad
654 2487 783 2554 Mucius
802 2485 1020 2554 convaluisset.
1049 2487 1090 2551 ad
1109 2504 1140 2552 15

80 2596 128 2646 un
142 2605 210 2648 rem
228 2583 345 2648 missus
364 2594 413 2648 est
427 2583 465 2647 T.
475 2583 615 2648 Manlius
626 2583 827 2667 Torquatus,
840 2583 895 2666 qui
911 2580 960 2647 bis
979 2581 1090 2646 consul

80 2681 216 2742 steensor
234 2675 336 2741 fuerat
355 2675 586 2763 subegeratque
603 2678 636 2742 in
654 2677 820 2744 consulatu
839 2675 966 2742 Sardos.

125 2769 191 2837 Sub
209 2770 295 2835 idem
317 2770 383 2836 fere
405 2781 529 2857 tempus
548 2781 580 2837 et
602 2796 621 2837 a
640 2770 832 2858 Carthagine
853 2772 886 2836 in
909 2768 1088 2836 Sardiniam
1107 2797 1139 2846 16

80 2860 165 2930 classis
184 2865 285 2929 missa
301 2865 382 2930 duee
396 2864 614 2944 Hasdrubale,
635 2867 686 2931 cui
700 2865 801 2932 Calvo
820 2887 993 2953 cognomen
1012 2876 1087 2943 erat,

80 2950 149 3023 beda
166 2967 352 3044 tempestate
369 2968 483 3024 vexata
505 2959 546 3025 ad
562 2959 705 3026 Balearis
726 2960 845 3025 insulas
863 2959 1007 3037 deicitur,
1030 2960 1089 3025 ibi·
1108 2987 1139 3035 1⁷

80 3065 155 3130 que-
168 3053 249 3119 adeo
267 3075 331 3118 non
349 3063 542 3120 armamenta
559 3055 663 3133 modo,
683 3064 731 3120 set
749 3055 841 3120 etiam
860 3053 940 3118 alvei
958 3053 1088 3119 navium

82 3148 196 3223 quassati
222 3157 311 3212 erant
328 3185 354 3196 —-
372 3147 545 3213 subductae
572 3170 670 3214 naves
697 3149 773 3215 dum
802 3147 995 3223 reficiuntur,
1032 3144 1088 3209 ali-

84 3251 207 3315 quntum
225 3241 376 3327 temporis
394 3243 556 3308 triverunt.

127 3333 273 3400 XXXV.
327 3335 366 3398 In
391 3335 484 3402 Italia
510 3346 681 3422 cumpost
707 3335 907 3402 Cannensem
936 3356 1085 3421 pugnam,
1107 3355 1120 3401 1

84 3417 164 3494 iactis
188 3431 288 3515 partis
320 3429 446 3494 alterius
473 3429 611 3508 viribus,
648 3429 772 3495 alterius
804 3429 931 3494 mollitis
963 3428 1086 3505 animis,

85 3523 184 3606 legnice
211 3524 330 3590 bellum
356 3533 455 3603 esset,
484 3523 639 3611 Campani
664 3547 721 3612 per
746 3547 779 3590 se
801 3522 902 3588 adorti
925 3532 999 3587 sunt
1019 3542 1119 3590 remu

87 3605 234 3684 Cumanam
253 3639 329 3684 suae
347 3618 479 3683 dicionis
497 3618 615 3698 facere,
638 3619 738 3706 primo
757 3617 973 3695 sollicitantes,
993 3624 1028 3679 ut
1045 3615 1086 3680 ab

87 3697 207 3779 Romame
234 3712 415 3790 deficerent3
442 3712 497 3777 ubi
519 3714 552 3776 id
577 3736 688 3799 parum
713 3711 879 3799 processit,
911 3708 1018 3774 dolum
1044 3708 1086 3773 ad

88 3803 224 3884 capiendos
243 3829 297 3872 eos
316 3816 496 3892 conparant.
542 3806 713 3894 Campanis
736 3805 881 3881 omnibus
901 3812 1017 3870 statum
1036 3826 1119 3875 saa

88 3891 209 3966 diuum
233 3901 275 3967 ad
292 3902 426 3968 Hamas.
471 3923 509 3966 eo
532 3911 676 3969 senatum
698 3900 896 3986 Campanum
918 3905 1086 3964 venturum

87 3989 204 4061 cruores
222 3995 383 4063 Cumanos
402 3996 543 4064 fecenmt
560 3998 789 4083 petieruntque,
817 4005 852 4060 ut
874 4004 905 4060 et
924 3991 1084 4060 Cumanus
