2528 4530
232 264 560 343 ereremum.
578 269 731 342 [acore]
943 260 1009 327 213

80 430 106 494 ri
135 427 315 517 Syphacem
341 429 496 494 nihildum
525 437 649 515 praeter
673 451 790 495 nomen
816 450 856 495 ex
880 430 1009 497 foedere

80 546 117 589 no
139 524 308 590 habentem
330 545 434 609 posse.
478 523 571 589 facile
592 544 780 610 persuasum
804 520 917 602 Galae,
943 524 1043 593 filios

80 628 161 684 :ente
178 617 211 682 id
229 616 360 694 bellurn,
383 627 419 682 ut
436 617 572 683 mitteret
590 616 775 696 exercitum,
803 618 858 703 qui
876 616 1009 685 Cartha-

80 712 167 777 sibus
180 710 357 798 legionibus
371 711 556 777 coniunctus
570 732 686 798 magno
698 710 817 798 proelio
828 709 1009 799 Syphacem

80 818 95 870 ’;.
123 805 251 892 triginta
268 805 354 870 milia
371 827 409 870 eo
426 804 544 890 proelio
562 805 725 869 hominurn
743 826 835 871 caesa
853 805 1008 872 dicuntur.

80 923 106 965 11
128 921 201 965 cum
223 900 332 985 paucis
355 899 512 984 equitibus
534 898 569 962 in
589 897 773 964 Maurusios
796 921 836 964 ex
858 899 926 965 acie
942 899 1009 965 Nu·
1027 922 1042 970 5

91 1032 118 1040 -
135 993 267 1058 extremi
284 1015 382 1079 prope
397 991 563 1060 Oceanum
582 992 734 1057 adversus
749 988 849 1058 Gadis
868 993 1010 1058 colunt-

80 1097 88 1151 t
111 1086 385 1171 adfluentibusque
407 1086 448 1151 ad
470 1085 587 1151 famam
616 1086 683 1150 eius
706 1086 845 1170 undique
867 1086 1008 1152 barbaris

80 1182 107 1246 is
130 1180 219 1245 brevi
246 1181 351 1265 copias
378 1181 519 1245 armavit.
565 1201 638 1244 oum
655 1180 769 1263 quibus
794 1176 1042 1269 [priusquam]e

80 1274 222 1361 spaniam
252 1283 388 1360 angusto
419 1274 605 1359 diremptam
636 1273 717 1338 freto
743 1275 900 1351 traiceret,
936 1273 1009 1338 Ma-

80 1392 180 1434 rcum
203 1369 320 1433 victore
344 1368 481 1434 exercitu
504 1367 644 1445 advenit,
671 1367 763 1451 isque
784 1368 830 1432 ibi
851 1389 924 1432 cum
948 1364 1009 1453 Sy-

96 1464 218 1548 ingenti
242 1462 343 1549 gloria
368 1485 426 1549 per
452 1485 486 1528 se
513 1461 581 1528 sine
606 1461 679 1526 ullis
699 1460 1009 1548 Carthaginiensium

80 1576 85 1619 t
101 1557 203 1642 gessit
220 1555 347 1621 bellum.

99 1651 258 1737 Hispania
283 1650 360 1714 nihil
386 1649 588 1715 memorabile
615 1658 754 1736 gestum,
789 1657 1042 1734 praeterquamr

80 1750 166 1810 ertirn
189 1746 273 1828 quod
294 1745 488 1809 iuventutem
516 1743 625 1809 eadem
647 1744 805 1822 mercede,
833 1764 896 1827 qua
916 1750 1010 1827 pacta

80 1838 382 1925 larthaginiensibus
406 1847 485 1917 erat,
512 1838 717 1924 imperatores
742 1838 880 1904 Romani
906 1837 947 1902 ad
973 1858 1008 1901 se

80 1943 199 2011 rerunt,
227 1943 258 1998 et
274 1932 488 1998 nobilissimos
505 1932 670 2019 Hispanos
690 1956 785 2019 supra
802 1940 958 1997 trecentos
975 1930 1009 1995 in
1030 1948 1046 1996 8

80 2052 95 2092 n
117 2029 159 2093 ad
181 2026 393 2093 sollicitandos
415 2026 583 2112 populares
601 2065 628 2075 -
644 2026 725 2092 inter
747 2026 863 2092 auxilia
885 2025 1009 2090 Hanni-

80 2133 205 2187 erant-
222 2122 383 2186 miserunt.
427 2120 461 2183 id
487 2121 581 2184 modo
603 2121 672 2186 eius
699 2121 773 2186 anni
794 2121 828 2183 in
849 2119 1008 2206 Hispania

82 2217 214 2281 moriam
231 2215 354 2302 insigne
372 2223 434 2291 est,
458 2213 542 2297 quod
560 2213 810 2278 mercennarium
827 2213 958 2277 militem
974 2213 1009 2276 in

80 2335 82 2369 t
117 2310 275 2374 neminem
311 2318 382 2372 ante
422 2329 518 2390 quarn
557 2316 624 2370 turn
660 2304 836 2371 Celtiberos
871 2304 1008 2370 Romani

80 2415 157 2469 runt.

385 2548 597 2560 —-·—

244 2721 463 2804 [rnuroorm
485 2724 593 2782 nrum
614 2719 728 2801 nnn]

90 2863 241 2918 Cornelius
260 2862 370 2932 Scipio,
397 2869 500 2933 postea
516 2861 684 2929 Africanus,
711 2867 778 2916 ante
796 2877 888 2915 annos
906 2860 1008 2915 aedilis

111 2941 260 2996 Hannibal
268 2943 367 2996 urbem
378 2942 527 2997 Tarenton
535 2947 650 3011 praeter
663 2956 771 3008 arcem,
789 2938 821 2993 in
830 2956 917 3009 quam
926 2956 1008 3009 prae·

83 3020 277 3074 Romanorum
286 3017 414 3090 fugerat,
429 3035 481 3088 per
491 3017 805 3085 Tarentinosiuvenes,
821 3016 870 3087 qui
880 3022 1008 3071 senoctu

80 3114 105 3150 m
120 3097 162 3150 ire
174 3097 388 3165 simulaverant,
408 3096 491 3166 cepit.
527 3095 588 3149 ludi
596 3093 778 3166 Apollinares
793 3109 828 3147 ex
842 3092 933 3148 Marci
947 3109 1008 3146 car·

82 3192 107 3244 e,
124 3174 228 3244 quibus
239 3172 397 3227 Cannensis
407 3173 504 3227 clades
515 3172 662 3242 praedicta
671 3170 777 3235 fuerat,
797 3168 920 3222 instituti
934 3173 1008 3222 sunt.

80 3253 148 3306 rlvio
160 3258 189 3305 et
198 3250 250 3321 Ap.
262 3250 381 3306 Claudio
393 3251 558 3305 consulibus
568 3251 704 3305 adversus
714 3249 884 3302 Hannonem
894 3247 1006 3301 Poeno-

80 3347 151 3385 rcem
169 3345 306 3398 prospere
328 3334 485 3398 pugnaturn
504 3334 556 3382 est
601 3327 646 3380 Ti.
662 3324 845 3395 Sempronius
859 3323 1008 3379 Gracchus

82 3410 128 3463 sul
142 3409 180 3462 ab
190 3407 303 3477 hospite
314 3423 365 3459 suo
374 3405 494 3460 Lucano
509 3406 540 3461 in
553 3404 673 3460 insidias
684 3405 836 3471 deductus,
856 3402 1007 3472 aMagone

80 3492 140 3540 ctus
151 3491 202 3538 est.
240 3483 392 3538 Centenius
402 3484 543 3552 Paenula,
558 3483 607 3554 qui
618 3481 744 3537 centurio
753 3479 1008 3550 militaveratcum

80 3567 245 3630 tasenatu,
265 3566 296 3614 ut
306 3560 360 3614 sibi
371 3560 512 3614 exereitus
523 3561 651 3630 daretur,
665 3557 867 3629 pollicitusque
877 3563 967 3626 esset,
983 3555 1007 3608 si
1023 3554 1026 3561 '

80 3645 166 3708 asset,
187 3640 221 3694 de
230 3638 395 3693 Hannibale
410 3638 574 3706 victoriam,
590 3642 655 3691 octo
669 3636 784 3690 milibus
798 3633 924 3704 acceptis
938 3632 1008 3686 mili-

80 3735 98 3769 r
108 3717 202 3771 factus
212 3716 340 3770 conflixit
349 3715 410 3770 acie
421 3731 484 3769 cum
489 3714 652 3769 Hannibale
661 3720 690 3768 et
700 3729 763 3767 cum
773 3711 897 3766 exercitu
907 3726 1008 3765 caesus

80 3795 163 3863 tapua
182 3795 304 3848 obsessa
321 3800 396 3849 esta
411 3792 562 3858 Q.Fu1vio
581 3801 611 3845 et
627 3790 681 3861 Ap.
696 3789 816 3844 Claudio
832 3788 1007 3844 consulibus.

80 3870 153 3926 lvius
167 3878 284 3941 praetor
297 3872 371 3926 male
386 3871 524 3925 adversus
533 3867 726 3924 Hannibalern
739 3867 891 3938 pugnavit,
909 3867 1006 3937 inquo
1031 3934 1033 3938 Ι

80 3949 196 4020 »viginti
210 3949 288 4004 milia
301 3949 446 4004 hominum
456 3947 635 4017 ceciderunt3
653 3946 715 4018 ipse
726 3962 790 4001 curn
804 3942 946 4015 equitibus
958 3946 1007 3998 du·
1025 3968 1028 3973 ·

82 4018 187 4098 effugit.
228 4026 363 4082 Claudius
382 4022 536 4081 Marcellus
555 4023 712 4097 Syracusas
730 4023 904 4094 expugnavit
922 4023 1006 4079 tertio
