<?xml version="1.0" encoding="UTF-8"?>
<!DOCTYPE html PUBLIC "-//W3C//DTD XHTML 1.0 Transitional//EN"
    "http://www.w3.org/TR/xhtml1/DTD/xhtml1-transitional.dtd">
<html xmlns="http://www.w3.org/1999/xhtml" xml:lang="en" lang="en">
 <head>
  <title>
</title>
<meta http-equiv="Content-Type" content="text/html;charset=utf-8" />
  <meta name='ocr-system' content='tesseract 3.04.00' />
  <meta name='ocr-capabilities' content='ocr_page ocr_carea ocr_par ocr_line ocrx_word'/>
</head>
<body>
  <div class='ocr_page' id='page_1' title='image "./titiliviaburbec00weisgoog_0591.png"; bbox 0 0 2528 4514; ppageno 0'>
   <div class='ocr_carea' id='block_1_1' title="bbox 297 288 1100 364">
    <p class='ocr_par' dir='ltr' id='par_1_1' title="bbox 297 288 1100 364">
     <span class='ocr_line' id='line_1_1' title="bbox 297 288 1100 364; baseline 0.009 -19"><span class='ocrx_word' id='word_1_1' title='bbox 297 289 413 346; x_wconf 85' lang='lat' dir='ltr'><strong>LIBER</strong></span> <span class='ocrx_word' id='word_1_2' title='bbox 429 291 586 364; x_wconf 84' lang='lat' dir='ltr'>XXVIIII,</span> <span class='ocrx_word' id='word_1_3' title='bbox 606 293 647 348; x_wconf 80' lang='lat'>25.</span> <span class='ocrx_word' id='word_1_4' title='bbox 660 294 702 349; x_wconf 78' lang='grc'>26.</span> <span class='ocrx_word' id='word_1_5' title='bbox 724 298 760 363; x_wconf 91' lang='lat' dir='ltr'>[a.</span> <span class='ocrx_word' id='word_1_6' title='bbox 773 295 802 350; x_wconf 83' lang='lat'>0.</span> <span class='ocrx_word' id='word_1_7' title='bbox 812 297 875 364; x_wconf 79' lang='lat'>204]</span> <span class='ocrx_word' id='word_1_8' title='bbox 1036 288 1100 353; x_wconf 81' lang='lat'>469</span> 
     </span>
    </p>
   </div>
   <div class='ocr_carea' id='block_1_2' title="bbox 84 448 1150 4034">
    <p class='ocr_par' dir='ltr' id='par_1_2' title="bbox 84 448 1150 1484">
     <span class='ocr_line' id='line_1_2' title="bbox 85 448 1101 535; baseline 0.007 -22"><span class='ocrx_word' id='word_1_9' title='bbox 85 460 99 513; x_wconf 92' lang='lat' dir='ltr'>t</span> <span class='ocrx_word' id='word_1_10' title='bbox 117 448 332 535; x_wconf 87' lang='lat' dir='ltr'>quadraginta</span> <span class='ocrx_word' id='word_1_11' title='bbox 347 448 381 512; x_wconf 94' lang='lat' dir='ltr'>in</span> <span class='ocrx_word' id='word_1_12' title='bbox 398 449 532 515; x_wconf 84' lang='lat' dir='ltr'>navibus</span> <span class='ocrx_word' id='word_1_13' title='bbox 551 473 636 528; x_wconf 91' lang='lat' dir='ltr'>esse,</span> <span class='ocrx_word' id='word_1_14' title='bbox 663 460 732 515; x_wconf 92' lang='lat' dir='ltr'>tum</span> <span class='ocrx_word' id='word_1_15' title='bbox 753 452 851 518; x_wconf 81' lang='lat' dir='ltr'><strong>edixit</strong></span> <span class='ocrx_word' id='word_1_16' title='bbox 873 453 1037 533; x_wconf 81' lang='lat' dir='ltr'>militibus,</span> <span class='ocrx_word' id='word_1_17' title='bbox 1064 466 1101 520; x_wconf 93' lang='lat' dir='ltr'>ut</span> 
     </span>
     <span class='ocr_line' id='line_1_3' title="bbox 84 544 1100 629; baseline 0.006 -19"><span class='ocrx_word' id='word_1_18' title='bbox 84 545 231 612; x_wconf 87' lang='lat' dir='ltr'>ilentium</span> <span class='ocrx_word' id='word_1_19' title='bbox 253 544 350 629; x_wconf 87' lang='lat' dir='ltr'>quieti</span> <span class='ocrx_word' id='word_1_20' title='bbox 372 545 476 611; x_wconf 91' lang='lat' dir='ltr'>nautis</span> <span class='ocrx_word' id='word_1_21' title='bbox 501 546 568 611; x_wconf 89' lang='lat' dir='ltr'>sine</span> <span class='ocrx_word' id='word_1_22' title='bbox 591 546 761 612; x_wconf 74' lang='lat' dir='ltr'>certamine</span> <span class='ocrx_word' id='word_1_23' title='bbox 784 548 825 612; x_wconf 89' lang='lat' dir='ltr'>ad</span> <span class='ocrx_word' id='word_1_24' title='bbox 847 548 1019 615; x_wconf 90' lang='lat' dir='ltr'>ministeria</span> <span class='ocrx_word' id='word_1_25' title='bbox 1045 574 1100 616; x_wconf 85' lang='lat' dir='ltr'>ex·</span> 
     </span>
     <span class='ocr_line' id='line_1_4' title="bbox 84 640 1150 731; baseline 0.006 -25"><span class='ocrx_word' id='word_1_26' title='bbox 84 640 234 725; x_wconf 86' lang='lat' dir='ltr'>equenda</span> <span class='ocrx_word' id='word_1_27' title='bbox 251 640 555 706; x_wconf 75' lang='lat' dir='ltr'>beneoboedientes</span> <span class='ocrx_word' id='word_1_28' title='bbox 576 652 782 727; x_wconf 84' lang='lat' dir='ltr'>praestarent.</span> <span class='ocrx_word' id='word_1_29' title='bbox 828 664 900 707; x_wconf 92' lang='lat' dir='ltr'>cum</span> <span class='ocrx_word' id='word_1_30' title='bbox 920 643 1032 731; x_wconf 86' lang='lat' dir='ltr'>viginti</span> <span class='ocrx_word' id='word_1_31' title='bbox 1048 668 1100 711; x_wconf 89' lang='lat' dir='ltr'>ro·</span> <span class='ocrx_word' id='word_1_32' title='bbox 1120 666 1150 713; x_wconf 91' lang='lat'>10</span> 
     </span>
     <span class='ocr_line' id='line_1_5' title="bbox 84 732 1100 821; baseline 0.006 -22"><span class='ocrx_word' id='word_1_33' title='bbox 84 734 178 800; x_wconf 87' lang='lat' dir='ltr'>tratis</span> <span class='ocrx_word' id='word_1_34' title='bbox 198 757 233 800; x_wconf 91' lang='lat' dir='ltr'>se</span> <span class='ocrx_word' id='word_1_35' title='bbox 251 755 289 799; x_wconf 94' lang='lat' dir='ltr'>ac</span> <span class='ocrx_word' id='word_1_36' title='bbox 306 735 348 799; x_wconf 89' lang='lat' dir='ltr'>L.</span> <span class='ocrx_word' id='word_1_37' title='bbox 368 732 551 821; x_wconf 84' lang='lat' dir='ltr'>Scipionem</span> <span class='ocrx_word' id='word_1_38' title='bbox 569 735 609 800; x_wconf 89' lang='lat' dir='ltr'>ab</span> <span class='ocrx_word' id='word_1_39' title='bbox 628 735 742 809; x_wconf 86' lang='lat' dir='ltr'>dextro¹</span> <span class='ocrx_word' id='word_1_40' title='bbox 757 757 868 816; x_wconf 91' lang='lat' dir='ltr'>cornu,</span> <span class='ocrx_word' id='word_1_41' title='bbox 889 738 1029 818; x_wconf 88' lang='lat' dir='ltr'>laevum,</span> <span class='ocrx_word' id='word_1_42' title='bbox 1053 752 1100 805; x_wconf 95' lang='lat' dir='ltr'>to-</span> 
     </span>
     <span class='ocr_line' id='line_1_6' title="bbox 84 826 1098 916; baseline 0.004 -23"><span class='ocrx_word' id='word_1_43' title='bbox 84 828 168 894; x_wconf 87' lang='lat' dir='ltr'>idem</span> <span class='ocrx_word' id='word_1_44' title='bbox 194 838 361 906; x_wconf 85' lang='lat' dir='ltr'>rostratas,</span> <span class='ocrx_word' id='word_1_45' title='bbox 389 840 421 893; x_wconf 91' lang='lat' dir='ltr'>et</span> <span class='ocrx_word' id='word_1_46' title='bbox 439 826 478 894; x_wconf 85' lang='lat' dir='ltr'>C.</span> <span class='ocrx_word' id='word_1_47' title='bbox 497 829 645 894; x_wconf 89' lang='lat' dir='ltr'>Laelium</span> <span class='ocrx_word' id='word_1_48' title='bbox 671 830 865 916; x_wconf 85' lang='lat' dir='ltr'>praefectum</span> <span class='ocrx_word' id='word_1_49' title='bbox 891 832 1002 898; x_wconf 89' lang='lat' dir='ltr'>classis</span> <span class='ocrx_word' id='word_1_50' title='bbox 1025 855 1098 898; x_wconf 91' lang='lat' dir='ltr'>cum</span> 
     </span>
     <span class='ocr_line' id='line_1_7' title="bbox 84 920 1099 1007; baseline 0.004 -19"><span class='ocrx_word' id='word_1_51' title='bbox 84 924 116 988; x_wconf 85' lang='lat' dir='ltr'>d.</span> <span class='ocrx_word' id='word_1_52' title='bbox 134 923 252 988; x_wconf 89' lang='lat' dir='ltr'>Porcio</span> <span class='ocrx_word' id='word_1_53' title='bbox 271 920 395 988; x_wconf 86' lang='lat' dir='ltr'>Catone</span> <span class='ocrx_word' id='word_1_54' title='bbox 413 924 649 1007; x_wconf 88' lang='lat' dir='ltr'>-quaestoris</span> <span class='ocrx_word' id='word_1_55' title='bbox 668 936 735 989; x_wconf 93' lang='lat' dir='ltr'>tum</span> <span class='ocrx_word' id='word_1_56' title='bbox 753 936 820 991; x_wconf 88' lang='lat' dir='ltr'>erat</span> <span class='ocrx_word' id='word_1_57' title='bbox 836 963 863 974; x_wconf 87' lang='lat'><em>—</em></span> <span class='ocrx_word' id='word_1_58' title='bbox 880 928 1031 992; x_wconf 90' lang='lat' dir='ltr'>onerariis</span> <span class='ocrx_word' id='word_1_59' title='bbox 1049 929 1099 992; x_wconf 88' lang='lat' dir='ltr'>fu-</span> 
     </span>
     <span class='ocr_line' id='line_1_8' title="bbox 84 1017 1149 1106; baseline 0.008 -24"><span class='ocrx_word' id='word_1_60' title='bbox 84 1041 176 1082; x_wconf 90' lang='lat' dir='ltr'>urum</span> <span class='ocrx_word' id='word_1_61' title='bbox 201 1017 378 1103; x_wconf 87' lang='lat' dir='ltr'>praesidio:</span> <span class='ocrx_word' id='word_1_62' title='bbox 423 1017 543 1082; x_wconf 90' lang='lat' dir='ltr'>lumina</span> <span class='ocrx_word' id='word_1_63' title='bbox 567 1017 601 1081; x_wconf 94' lang='lat' dir='ltr'>in</span> <span class='ocrx_word' id='word_1_64' title='bbox 627 1019 761 1084; x_wconf 89' lang='lat' dir='ltr'>navibus</span> <span class='ocrx_word' id='word_1_65' title='bbox 789 1019 913 1106; x_wconf 88' lang='lat' dir='ltr'>singula</span> <span class='ocrx_word' id='word_1_66' title='bbox 933 1031 1097 1100; x_wconf 85' lang='lat' dir='ltr'>rostratae,</span> <span class='ocrx_word' id='word_1_67' title='bbox 1118 1043 1149 1090; x_wconf 93' lang='lat'>11</span> 
     </span>
     <span class='ocr_line' id='line_1_9' title="bbox 84 1111 1099 1201; baseline 0.008 -28"><span class='ocrx_word' id='word_1_68' title='bbox 84 1111 145 1177; x_wconf 85' lang='lat' dir='ltr'>ina</span> <span class='ocrx_word' id='word_1_69' title='bbox 163 1111 325 1177; x_wconf 90' lang='lat' dir='ltr'>onerariae</span> <span class='ocrx_word' id='word_1_70' title='bbox 339 1111 507 1190; x_wconf 67' lang='lat' dir='ltr'>haberent,</span> <span class='ocrx_word' id='word_1_71' title='bbox 524 1111 557 1176; x_wconf 91' lang='lat' dir='ltr'>in</span> <span class='ocrx_word' id='word_1_72' title='bbox 571 1113 728 1198; x_wconf 85' lang='lat' dir='ltr'>praetoria</span> <span class='ocrx_word' id='word_1_73' title='bbox 741 1135 822 1179; x_wconf 90' lang='lat' dir='ltr'>nave</span> <span class='ocrx_word' id='word_1_74' title='bbox 835 1114 960 1201; x_wconf 86' lang='lat' dir='ltr'>insigne</span> <span class='ocrx_word' id='word_1_75' title='bbox 972 1125 1099 1181; x_wconf 90' lang='lat' dir='ltr'>noctur-</span> 
     </span>
     <span class='ocr_line' id='line_1_10' title="bbox 84 1202 1149 1294; baseline 0.008 -23"><span class='ocrx_word' id='word_1_76' title='bbox 84 1230 146 1271; x_wconf 75' lang='lat' dir='ltr'>rum</span> <span class='ocrx_word' id='word_1_77' title='bbox 168 1206 263 1270; x_wconf 88' lang='lat' dir='ltr'>trium</span> <span class='ocrx_word' id='word_1_78' title='bbox 285 1205 440 1270; x_wconf 93' lang='lat' dir='ltr'>luminum</span> <span class='ocrx_word' id='word_1_79' title='bbox 466 1206 543 1271; x_wconf 89' lang='lat' dir='ltr'>fore.</span> <span class='ocrx_word' id='word_1_80' title='bbox 587 1207 741 1293; x_wconf 82' lang='lat' dir='ltr'>Emporia</span> <span class='ocrx_word' id='word_1_81' title='bbox 763 1218 799 1272; x_wconf 93' lang='lat' dir='ltr'>ut</span> <span class='ocrx_word' id='word_1_82' title='bbox 819 1218 962 1294; x_wconf 88' lang='lat' dir='ltr'>peterent</span> <span class='ocrx_word' id='word_1_83' title='bbox 983 1202 1149 1294; x_wconf 78' lang='lat' dir='ltr'>guber-12</span> 
     </span>
     <span class='ocr_line' id='line_1_11' title="bbox 84 1299 1096 1387; baseline 0.002 -21"><span class='ocrx_word' id='word_1_84' title='bbox 84 1299 232 1367; x_wconf 75' lang='lat' dir='ltr'>tatoribus</span> <span class='ocrx_word' id='word_1_85' title='bbox 269 1299 376 1365; x_wconf 86' lang='lat' dir='ltr'>edixit.</span> <span class='ocrx_word' id='word_1_86' title='bbox 437 1300 649 1365; x_wconf 86' lang='lat' dir='ltr'>fertilissimus</span> <span class='ocrx_word' id='word_1_87' title='bbox 685 1325 761 1387; x_wconf 90' lang='lat' dir='ltr'>ager</span> <span class='ocrx_word' id='word_1_88' title='bbox 796 1324 897 1387; x_wconf 91' lang='lat' dir='ltr'>eoque</span> <span class='ocrx_word' id='word_1_89' title='bbox 931 1302 1096 1368; x_wconf 86' lang='lat' dir='ltr'>abundans</span> 
     </span>
     <span class='ocr_line' id='line_1_12' title="bbox 84 1394 1097 1484; baseline 0.004 -24"><span class='ocrx_word' id='word_1_90' title='bbox 84 1394 155 1460; x_wconf 83' lang='lat' dir='ltr'>mni</span> <span class='ocrx_word' id='word_1_91' title='bbox 174 1394 266 1481; x_wconf 89' lang='lat' dir='ltr'>copia</span> <span class='ocrx_word' id='word_1_92' title='bbox 281 1416 387 1459; x_wconf 90' lang='lat' dir='ltr'>rerum</span> <span class='ocrx_word' id='word_1_93' title='bbox 404 1405 454 1459; x_wconf 92' lang='lat' dir='ltr'>est</span> <span class='ocrx_word' id='word_1_94' title='bbox 471 1394 573 1483; x_wconf 84' lang='lat' dir='ltr'>regia,</span> <span class='ocrx_word' id='word_1_95' title='bbox 597 1408 629 1460; x_wconf 92' lang='lat' dir='ltr'>et</span> <span class='ocrx_word' id='word_1_96' title='bbox 645 1395 792 1475; x_wconf 89' lang='lat' dir='ltr'>inbelles,</span> <span class='ocrx_word' id='word_1_97' title='bbox 811 1397 896 1481; x_wconf 91' lang='lat' dir='ltr'>quod</span> <span class='ocrx_word' id='word_1_98' title='bbox 912 1396 1097 1484; x_wconf 80' lang='lat' dir='ltr'>plenrmque</span> 
     </span>
    </p>

    <p class='ocr_par' dir='ltr' id='par_1_3' title="bbox 84 1488 1147 1858">
     <span class='ocr_line' id='line_1_13' title="bbox 84 1488 1098 1577; baseline 0.002 -22"><span class='ocrx_word' id='word_1_99' title='bbox 84 1514 101 1555; x_wconf 90' lang='lat' dir='ltr'>n</span> <span class='ocrx_word' id='word_1_100' title='bbox 118 1489 210 1555; x_wconf 92' lang='lat' dir='ltr'>uberi</span> <span class='ocrx_word' id='word_1_101' title='bbox 228 1511 305 1575; x_wconf 89' lang='lat' dir='ltr'>agro</span> <span class='ocrx_word' id='word_1_102' title='bbox 324 1489 442 1567; x_wconf 89' lang='lat' dir='ltr'>evenit,</span> <span class='ocrx_word' id='word_1_103' title='bbox 469 1489 595 1555; x_wconf 89' lang='lat' dir='ltr'>barbari</span> <span class='ocrx_word' id='word_1_104' title='bbox 617 1502 705 1569; x_wconf 92' lang='lat' dir='ltr'>sunt,</span> <span class='ocrx_word' id='word_1_105' title='bbox 731 1491 881 1576; x_wconf 88' lang='lat' dir='ltr'>priusque</span> <span class='ocrx_word' id='word_1_106' title='bbox 904 1514 999 1577; x_wconf 90' lang='lat' dir='ltr'>quam</span> <span class='ocrx_word' id='word_1_107' title='bbox 1017 1488 1098 1559; x_wconf 83' lang='lat' dir='ltr'>Car-</span> 
     </span>
     <span class='ocr_line' id='line_1_14' title="bbox 84 1582 1147 1672; baseline 0.006 -23"><span class='ocrx_word' id='word_1_108' title='bbox 84 1583 198 1672; x_wconf 89' lang='lat' dir='ltr'>bagine</span> <span class='ocrx_word' id='word_1_109' title='bbox 218 1582 437 1648; x_wconf 89' lang='lat' dir='ltr'>subveniretur</span> <span class='ocrx_word' id='word_1_110' title='bbox 455 1584 589 1671; x_wconf 90' lang='lat' dir='ltr'>opprimi</span> <span class='ocrx_word' id='word_1_111' title='bbox 603 1585 790 1650; x_wconf 87' lang='lat' dir='ltr'>videbantur</span> <span class='ocrx_word' id='word_1_112' title='bbox 806 1609 912 1672; x_wconf 87' lang='lat' dir='ltr'>posse.</span> <span class='ocrx_word' id='word_1_113' title='bbox 947 1586 986 1652; x_wconf 88' lang='lat' dir='ltr'>iis</span> <span class='ocrx_word' id='word_1_114' title='bbox 1004 1588 1096 1654; x_wconf 90' lang='lat' dir='ltr'>editis</span> <span class='ocrx_word' id='word_1_115' title='bbox 1116 1607 1147 1656; x_wconf 78' lang='lat'>13</span> 
     </span>
     <span class='ocr_line' id='line_1_15' title="bbox 85 1677 1096 1767; baseline 0.004 -23"><span class='ocrx_word' id='word_1_116' title='bbox 85 1678 208 1767; x_wconf 80' lang='lat' dir='ltr'>ripariis</span> <span class='ocrx_word' id='word_1_117' title='bbox 231 1677 333 1742; x_wconf 88' lang='lat' dir='ltr'>redire</span> <span class='ocrx_word' id='word_1_118' title='bbox 357 1679 398 1743; x_wconf 92' lang='lat' dir='ltr'>ad</span> <span class='ocrx_word' id='word_1_119' title='bbox 419 1701 517 1744; x_wconf 89' lang='lat' dir='ltr'>naves</span> <span class='ocrx_word' id='word_1_120' title='bbox 539 1679 631 1757; x_wconf 90' lang='lat' dir='ltr'>iussi,</span> <span class='ocrx_word' id='word_1_121' title='bbox 660 1690 692 1744; x_wconf 90' lang='lat' dir='ltr'>et</span> <span class='ocrx_word' id='word_1_122' title='bbox 712 1691 839 1766; x_wconf 87' lang='lat' dir='ltr'>postero</span> <span class='ocrx_word' id='word_1_123' title='bbox 858 1680 908 1745; x_wconf 92' lang='lat' dir='ltr'>die</span> <span class='ocrx_word' id='word_1_124' title='bbox 926 1681 993 1747; x_wconf 92' lang='lat' dir='ltr'>deis</span> <span class='ocrx_word' id='word_1_125' title='bbox 1015 1683 1096 1749; x_wconf 93' lang='lat' dir='ltr'>bene</span> 
     </span>
     <span class='ocr_line' id='line_1_16' title="bbox 85 1772 724 1858; baseline 0.002 -20"><span class='ocrx_word' id='word_1_126' title='bbox 85 1773 250 1838; x_wconf 80' lang='lat' dir='ltr'>evantibus</span> <span class='ocrx_word' id='word_1_127' title='bbox 270 1772 362 1858; x_wconf 91' lang='lat' dir='ltr'>signo</span> <span class='ocrx_word' id='word_1_128' title='bbox 381 1772 455 1838; x_wconf 93' lang='lat' dir='ltr'>dato</span> <span class='ocrx_word' id='word_1_129' title='bbox 475 1772 597 1838; x_wconf 72' lang='lat' dir='ltr'>solvere</span> <span class='ocrx_word' id='word_1_130' title='bbox 616 1796 724 1839; x_wconf 89' lang='lat' dir='ltr'>naves.</span> 
     </span>
    </p>

    <p class='ocr_par' dir='ltr' id='par_1_4' title="bbox 85 1865 1130 4034">
     <span class='ocr_line' id='line_1_17' title="bbox 130 1865 1129 1958; baseline 0.006 -25"><span class='ocrx_word' id='word_1_131' title='bbox 130 1865 266 1934; x_wconf 87' lang='lat' dir='ltr'>XXVI.</span> <span class='ocrx_word' id='word_1_132' title='bbox 301 1867 425 1931; x_wconf 90' lang='lat' dir='ltr'>Multae</span> <span class='ocrx_word' id='word_1_133' title='bbox 443 1866 562 1933; x_wconf 82' lang='lat' dir='ltr'>classes</span> <span class='ocrx_word' id='word_1_134' title='bbox 575 1867 739 1933; x_wconf 86' lang='lat' dir='ltr'>Romanae</span> <span class='ocrx_word' id='word_1_135' title='bbox 757 1867 897 1934; x_wconf 92' lang='lat' dir='ltr'>eSicilia</span> <span class='ocrx_word' id='word_1_136' title='bbox 915 1881 1009 1955; x_wconf 91' lang='lat' dir='ltr'>atque</span> <span class='ocrx_word' id='word_1_137' title='bbox 1026 1871 1096 1958; x_wconf 92' lang='lat' dir='ltr'>ipso</span> <span class='ocrx_word' id='word_1_138' title='bbox 1116 1892 1129 1938; x_wconf 94' lang='lat'>1</span> 
     </span>
     <span class='ocr_line' id='line_1_18' title="bbox 85 1960 1097 2048; baseline 0.006 -23"><span class='ocrx_word' id='word_1_139' title='bbox 85 1960 123 2027; x_wconf 88' lang='lat' dir='ltr'>llo</span> <span class='ocrx_word' id='word_1_140' title='bbox 139 1972 232 2048; x_wconf 91' lang='lat' dir='ltr'>portu</span> <span class='ocrx_word' id='word_1_141' title='bbox 249 1961 411 2047; x_wconf 88' lang='lat' dir='ltr'>profectae</span> <span class='ocrx_word' id='word_1_142' title='bbox 429 1973 519 2026; x_wconf 87' lang='lat' dir='ltr'>erant</span> <span class='ocrx_word' id='word_1_143' title='bbox 524 1988 533 2040; x_wconf 84' lang='lat'><em>3</em></span> <span class='ocrx_word' id='word_1_144' title='bbox 557 1973 695 2028; x_wconf 87' lang='lat' dir='ltr'>ceterum</span> <span class='ocrx_word' id='word_1_145' title='bbox 712 1985 777 2029; x_wconf 90' lang='lat' dir='ltr'>non</span> <span class='ocrx_word' id='word_1_146' title='bbox 795 1986 832 2030; x_wconf 93' lang='lat' dir='ltr'>eo</span> <span class='ocrx_word' id='word_1_147' title='bbox 850 1965 934 2032; x_wconf 91' lang='lat' dir='ltr'>bello</span> <span class='ocrx_word' id='word_1_148' title='bbox 952 1966 1055 2032; x_wconf 90' lang='lat' dir='ltr'>solum</span> <span class='ocrx_word' id='word_1_149' title='bbox 1071 2004 1097 2014; x_wconf 93' lang='lat'><em>—</em></span> 
     </span>
     <span class='ocr_line' id='line_1_19' title="bbox 85 2055 1096 2145; baseline 0.005 -25"><span class='ocrx_word' id='word_1_150' title='bbox 85 2075 127 2120; x_wconf 77' lang='lat' dir='ltr'>rec</span> <span class='ocrx_word' id='word_1_151' title='bbox 150 2055 185 2120; x_wconf 91' lang='lat' dir='ltr'>id</span> <span class='ocrx_word' id='word_1_152' title='bbox 211 2055 338 2134; x_wconf 90' lang='lat' dir='ltr'>mirum,</span> <span class='ocrx_word' id='word_1_153' title='bbox 365 2055 552 2142; x_wconf 90' lang='lat' dir='ltr'>praedatum</span> <span class='ocrx_word' id='word_1_154' title='bbox 578 2056 663 2121; x_wconf 90' lang='lat' dir='ltr'>enim</span> <span class='ocrx_word' id='word_1_155' title='bbox 685 2059 902 2124; x_wconf 88' lang='lat' dir='ltr'>tantummodo</span> <span class='ocrx_word' id='word_1_156' title='bbox 927 2060 1096 2145; x_wconf 84' lang='lat' dir='ltr'>pleraeque</span> 
     </span>
     <span class='ocr_line' id='line_1_20' title="bbox 85 2149 1096 2238; baseline 0.004 -22"><span class='ocrx_word' id='word_1_157' title='bbox 85 2149 186 2216; x_wconf 87' lang='lat' dir='ltr'>lasses</span> <span class='ocrx_word' id='word_1_158' title='bbox 205 2149 354 2228; x_wconf 89' lang='lat' dir='ltr'>ierant-,</span> <span class='ocrx_word' id='word_1_159' title='bbox 374 2150 431 2215; x_wconf 88' lang='lat' dir='ltr'>sed</span> <span class='ocrx_word' id='word_1_160' title='bbox 448 2172 488 2215; x_wconf 92' lang='lat' dir='ltr'>ne</span> <span class='ocrx_word' id='word_1_161' title='bbox 505 2150 610 2237; x_wconf 91' lang='lat' dir='ltr'>priore</span> <span class='ocrx_word' id='word_1_162' title='bbox 628 2150 755 2234; x_wconf 90' lang='lat' dir='ltr'>quidem</span> <span class='ocrx_word' id='word_1_163' title='bbox 772 2152 838 2217; x_wconf 90' lang='lat' dir='ltr'>ulla</span> <span class='ocrx_word' id='word_1_164' title='bbox 849 2153 1002 2238; x_wconf 90' lang='lat' dir='ltr'>profectio</span> <span class='ocrx_word' id='word_1_165' title='bbox 1017 2156 1096 2220; x_wconf 90' lang='lat' dir='ltr'>tanti</span> 
     </span>
     <span class='ocr_line' id='line_1_21' title="bbox 85 2243 1130 2334; baseline 0.004 -25"><span class='ocrx_word' id='word_1_166' title='bbox 85 2243 240 2334; x_wconf 86' lang='lat' dir='ltr'>pectaculi</span> <span class='ocrx_word' id='word_1_167' title='bbox 257 2244 331 2322; x_wconf 86' lang='lat' dir='ltr'>fuit,</span> <span class='ocrx_word' id='word_1_168' title='bbox 358 2266 562 2330; x_wconf 88' lang='lat' dir='ltr'>quamquam,</span> <span class='ocrx_word' id='word_1_169' title='bbox 592 2245 620 2310; x_wconf 95' lang='lat' dir='ltr'>si</span> <span class='ocrx_word' id='word_1_170' title='bbox 637 2245 853 2332; x_wconf 83' lang='lat' dir='ltr'>magnitudine</span> <span class='ocrx_word' id='word_1_171' title='bbox 867 2245 982 2312; x_wconf 82' lang='lat' dir='ltr'>classis</span> <span class='ocrx_word' id='word_1_172' title='bbox 1001 2249 1096 2313; x_wconf 86' lang='lat' dir='ltr'>aesti-</span> <span class='ocrx_word' id='word_1_173' title='bbox 1114 2268 1130 2313; x_wconf 84' lang='lat' dir='ltr'>a</span> 
     </span>
     <span class='ocr_line' id='line_1_22' title="bbox 85 2338 1097 2418; baseline 0.002 -14"><span class='ocrx_word' id='word_1_174' title='bbox 85 2361 185 2418; x_wconf 78' lang='lat' dir='ltr'>iares,</span> <span class='ocrx_word' id='word_1_175' title='bbox 214 2350 246 2404; x_wconf 91' lang='lat' dir='ltr'>et</span> <span class='ocrx_word' id='word_1_176' title='bbox 262 2339 329 2404; x_wconf 91' lang='lat' dir='ltr'>bini</span> <span class='ocrx_word' id='word_1_177' title='bbox 346 2338 492 2405; x_wconf 89' lang='lat' dir='ltr'>consules</span> <span class='ocrx_word' id='word_1_178' title='bbox 511 2361 584 2404; x_wconf 90' lang='lat' dir='ltr'>cum</span> <span class='ocrx_word' id='word_1_179' title='bbox 600 2339 682 2405; x_wconf 90' lang='lat' dir='ltr'>binis</span> <span class='ocrx_word' id='word_1_180' title='bbox 702 2339 890 2405; x_wconf 81' lang='lat' dir='ltr'>exercitibus</span> <span class='ocrx_word' id='word_1_181' title='bbox 913 2352 985 2406; x_wconf 87' lang='lat' dir='ltr'>ante</span> <span class='ocrx_word' id='word_1_182' title='bbox 1003 2341 1097 2406; x_wconf 90' lang='lat' dir='ltr'>traie-</span> 
     </span>
     <span class='ocr_line' id='line_1_23' title="bbox 85 2433 1093 2521; baseline -0.001 -21"><span class='ocrx_word' id='word_1_183' title='bbox 85 2444 173 2500; x_wconf 84' lang='lat' dir='ltr'>erant</span> <span class='ocrx_word' id='word_1_184' title='bbox 191 2445 224 2498; x_wconf 90' lang='lat' dir='ltr'>et</span> <span class='ocrx_word' id='word_1_185' title='bbox 240 2456 340 2521; x_wconf 89' lang='lat' dir='ltr'>prope</span> <span class='ocrx_word' id='word_1_186' title='bbox 357 2433 488 2499; x_wconf 91' lang='lat' dir='ltr'>totidem</span> <span class='ocrx_word' id='word_1_187' title='bbox 501 2446 655 2500; x_wconf 87' lang='lat' dir='ltr'>rostratae</span> <span class='ocrx_word' id='word_1_188' title='bbox 668 2435 701 2498; x_wconf 90' lang='lat' dir='ltr'>in</span> <span class='ocrx_word' id='word_1_189' title='bbox 714 2434 775 2499; x_wconf 93' lang='lat' dir='ltr'>illis</span> <span class='ocrx_word' id='word_1_190' title='bbox 790 2433 945 2499; x_wconf 91' lang='lat' dir='ltr'>classibus</span> <span class='ocrx_word' id='word_1_191' title='bbox 959 2436 1093 2512; x_wconf 81' lang='lat' dir='ltr'>fuerant,</span> 
     </span>
     <span class='ocr_line' id='line_1_24' title="bbox 85 2526 1130 2617; baseline 0.002 -23"><span class='ocrx_word' id='word_1_192' title='bbox 85 2540 141 2595; x_wconf 88' lang='lat' dir='ltr'>not</span> <span class='ocrx_word' id='word_1_193' title='bbox 159 2528 313 2595; x_wconf 90' lang='lat' dir='ltr'>onerariis</span> <span class='ocrx_word' id='word_1_194' title='bbox 324 2526 432 2616; x_wconf 81' lang='lat' dir='ltr'>Scipio</span> <span class='ocrx_word' id='word_1_195' title='bbox 450 2540 518 2594; x_wconf 92' lang='lat' dir='ltr'>tum</span> <span class='ocrx_word' id='word_1_196' title='bbox 532 2530 709 2608; x_wconf 85' lang='lat' dir='ltr'>traiciebat3</span> <span class='ocrx_word' id='word_1_197' title='bbox 728 2553 802 2594; x_wconf 92' lang='lat' dir='ltr'>nam</span> <span class='ocrx_word' id='word_1_198' title='bbox 818 2539 942 2617; x_wconf 88' lang='lat' dir='ltr'>praeter</span> <span class='ocrx_word' id='word_1_199' title='bbox 960 2531 1095 2614; x_wconf 89' lang='lat' dir='ltr'>quadra·</span> <span class='ocrx_word' id='word_1_200' title='bbox 1114 2551 1130 2597; x_wconf 85' lang='lat' dir='ltr'>a</span> 
     </span>
     <span class='ocr_line' id='line_1_25' title="bbox 85 2622 1095 2711; baseline -0.002 -22"><span class='ocrx_word' id='word_1_201' title='bbox 85 2623 154 2689; x_wconf 89' lang='lat' dir='ltr'>inta</span> <span class='ocrx_word' id='word_1_202' title='bbox 170 2622 285 2710; x_wconf 87' lang='lat' dir='ltr'>longas</span> <span class='ocrx_word' id='word_1_203' title='bbox 304 2647 401 2689; x_wconf 90' lang='lat' dir='ltr'>naves</span> <span class='ocrx_word' id='word_1_204' title='bbox 426 2624 663 2711; x_wconf 86' lang='lat' dir='ltr'>quadringentis</span> <span class='ocrx_word' id='word_1_205' title='bbox 687 2625 785 2690; x_wconf 88' lang='lat' dir='ltr'>ferme</span> <span class='ocrx_word' id='word_1_206' title='bbox 807 2624 957 2690; x_wconf 89' lang='lat' dir='ltr'>onerariis</span> <span class='ocrx_word' id='word_1_207' title='bbox 977 2624 1095 2691; x_wconf 89' lang='lat' dir='ltr'>exerci-</span> 
     </span>
     <span class='ocr_line' id='line_1_26' title="bbox 85 2717 1130 2808; baseline 0.002 -26"><span class='ocrx_word' id='word_1_208' title='bbox 85 2741 131 2782; x_wconf 86' lang='lat' dir='ltr'>1m</span> <span class='ocrx_word' id='word_1_209' title='bbox 158 2717 306 2783; x_wconf 87' lang='lat' dir='ltr'>travexit.</span> <span class='ocrx_word' id='word_1_210' title='bbox 352 2717 410 2783; x_wconf 92' lang='lat' dir='ltr'>sed</span> <span class='ocrx_word' id='word_1_211' title='bbox 436 2730 468 2783; x_wconf 91' lang='lat' dir='ltr'>et</span> <span class='ocrx_word' id='word_1_212' title='bbox 493 2718 612 2783; x_wconf 91' lang='lat' dir='ltr'>bellum</span> <span class='ocrx_word' id='word_1_213' title='bbox 636 2719 720 2785; x_wconf 94' lang='lat' dir='ltr'>bello</span> <span class='ocrx_word' id='word_1_214' title='bbox 747 2720 921 2784; x_wconf 91' lang='lat' dir='ltr'>secundum</span> <span class='ocrx_word' id='word_1_215' title='bbox 941 2719 1039 2808; x_wconf 88' lang='lat' dir='ltr'>priori</span> <span class='ocrx_word' id='word_1_216' title='bbox 1059 2731 1130 2785; x_wconf 72' lang='lat' dir='ltr'>uta</span> 
     </span>
     <span class='ocr_line' id='line_1_27' title="bbox 85 2811 1096 2903; baseline 0 -23"><span class='ocrx_word' id='word_1_217' title='bbox 85 2812 204 2880; x_wconf 58' lang='lat' dir='ltr'>socius</span> <span class='ocrx_word' id='word_1_218' title='bbox 222 2811 376 2877; x_wconf 87' lang='lat' dir='ltr'>Romanis</span> <span class='ocrx_word' id='word_1_219' title='bbox 395 2812 568 2891; x_wconf 86' lang='lat' dir='ltr'>videretur,</span> <span class='ocrx_word' id='word_1_220' title='bbox 596 2834 668 2877; x_wconf 91' lang='lat' dir='ltr'>cum</span> <span class='ocrx_word' id='word_1_221' title='bbox 689 2813 774 2897; x_wconf 90' lang='lat' dir='ltr'>quod</span> <span class='ocrx_word' id='word_1_222' title='bbox 795 2813 829 2878; x_wconf 92' lang='lat' dir='ltr'>in</span> <span class='ocrx_word' id='word_1_223' title='bbox 844 2813 939 2903; x_wconf 83' lang='lat' dir='ltr'>Italia</span> <span class='ocrx_word' id='word_1_224' title='bbox 955 2814 1096 2880; x_wconf 90' lang='lat' dir='ltr'>bellaba-</span> 
     </span>
     <span class='ocr_line' id='line_1_28' title="bbox 85 2906 1093 2994; baseline 0.001 -20"><span class='ocrx_word' id='word_1_225' title='bbox 85 2932 124 2986; x_wconf 82' lang='lat' dir='ltr'>r,</span> <span class='ocrx_word' id='word_1_226' title='bbox 160 2917 231 2971; x_wconf 92' lang='lat' dir='ltr'>tum</span> <span class='ocrx_word' id='word_1_227' title='bbox 257 2906 402 2994; x_wconf 88' lang='lat' dir='ltr'>ingentes</span> <span class='ocrx_word' id='word_1_228' title='bbox 430 2917 552 2994; x_wconf 87' lang='lat' dir='ltr'>strages</span> <span class='ocrx_word' id='word_1_229' title='bbox 578 2917 627 2973; x_wconf 92' lang='lat' dir='ltr'>tot</span> <span class='ocrx_word' id='word_1_230' title='bbox 652 2907 846 2973; x_wconf 85' lang='lat' dir='ltr'>exercituum</span> <span class='ocrx_word' id='word_1_231' title='bbox 873 2909 966 2974; x_wconf 90' lang='lat' dir='ltr'>simul</span> <span class='ocrx_word' id='word_1_232' title='bbox 993 2910 1093 2975; x_wconf 90' lang='lat' dir='ltr'>caesis</span> 
     </span>
     <span class='ocr_line' id='line_1_29' title="bbox 86 2999 1130 3089; baseline 0.001 -21"><span class='ocrx_word' id='word_1_233' title='bbox 86 3002 201 3068; x_wconf 89' lang='lat' dir='ltr'>rcibus</span> <span class='ocrx_word' id='word_1_234' title='bbox 225 3000 408 3079; x_wconf 85' lang='lat' dir='ltr'>effecerant,</span> <span class='ocrx_word' id='word_1_235' title='bbox 436 3011 469 3066; x_wconf 91' lang='lat' dir='ltr'>et</span> <span class='ocrx_word' id='word_1_236' title='bbox 486 2999 594 3087; x_wconf 91' lang='lat' dir='ltr'>Scipio</span> <span class='ocrx_word' id='word_1_237' title='bbox 617 3002 682 3066; x_wconf 90' lang='lat' dir='ltr'>dux</span> <span class='ocrx_word' id='word_1_238' title='bbox 703 3003 819 3089; x_wconf 88' lang='lat' dir='ltr'>partim</span> <span class='ocrx_word' id='word_1_239' title='bbox 840 3003 931 3068; x_wconf 87' lang='lat' dir='ltr'>factis</span> <span class='ocrx_word' id='word_1_240' title='bbox 950 3005 1130 3081; x_wconf 84' lang='lat' dir='ltr'>fortibus,5</span> 
     </span>
     <span class='ocr_line' id='line_1_30' title="bbox 85 3095 1096 3184; baseline -0.004 -20"><span class='ocrx_word' id='word_1_241' title='bbox 85 3096 180 3164; x_wconf 72' lang='lat' dir='ltr'>rrtim</span> <span class='ocrx_word' id='word_1_242' title='bbox 214 3105 325 3182; x_wconf 87' lang='lat' dir='ltr'>suapte</span> <span class='ocrx_word' id='word_1_243' title='bbox 356 3095 484 3161; x_wconf 83' lang='lat' dir='ltr'>fortuna</span> <span class='ocrx_word' id='word_1_244' title='bbox 512 3096 649 3180; x_wconf 86' lang='lat' dir='ltr'>quadam</span> <span class='ocrx_word' id='word_1_245' title='bbox 679 3095 800 3184; x_wconf 89' lang='lat' dir='ltr'>ingenti</span> <span class='ocrx_word' id='word_1_246' title='bbox 831 3097 873 3160; x_wconf 87' lang='lat' dir='ltr'>ad</span> <span class='ocrx_word' id='word_1_247' title='bbox 902 3097 1096 3161; x_wconf 90' lang='lat' dir='ltr'>incrementa</span> 
     </span>
     <span class='ocr_line' id='line_1_31' title="bbox 86 3188 1127 3277; baseline -0.002 -18"><span class='ocrx_word' id='word_1_248' title='bbox 86 3189 186 3259; x_wconf 88' lang='lat' dir='ltr'>oriae</span> <span class='ocrx_word' id='word_1_249' title='bbox 206 3188 382 3254; x_wconf 88' lang='lat' dir='ltr'>celebratus</span> <span class='ocrx_word' id='word_1_250' title='bbox 400 3199 598 3255; x_wconf 87' lang='lat' dir='ltr'>converterat</span> <span class='ocrx_word' id='word_1_251' title='bbox 615 3189 752 3268; x_wconf 84' lang='lat' dir='ltr'>animos3</span> <span class='ocrx_word' id='word_1_252' title='bbox 771 3189 863 3254; x_wconf 91' lang='lat' dir='ltr'>simul</span> <span class='ocrx_word' id='word_1_253' title='bbox 877 3201 909 3256; x_wconf 93' lang='lat' dir='ltr'>et</span> <span class='ocrx_word' id='word_1_254' title='bbox 920 3212 1010 3254; x_wconf 89' lang='lat' dir='ltr'>mens</span> <span class='ocrx_word' id='word_1_255' title='bbox 1024 3190 1095 3277; x_wconf 90' lang='lat' dir='ltr'>ipsa</span> <span class='ocrx_word' id='word_1_256' title='bbox 1113 3210 1127 3257; x_wconf 85' lang='lat'>6</span> 
     </span>
     <span class='ocr_line' id='line_1_32' title="bbox 86 3282 1095 3369; baseline -0.005 -17"><span class='ocrx_word' id='word_1_257' title='bbox 86 3283 229 3352; x_wconf 72' lang='lat' dir='ltr'>siciendi</span> <span class='ocrx_word' id='word_1_258' title='bbox 256 3283 334 3348; x_wconf 93' lang='lat' dir='ltr'>nulli</span> <span class='ocrx_word' id='word_1_259' title='bbox 358 3294 430 3349; x_wconf 91' lang='lat' dir='ltr'>ante</span> <span class='ocrx_word' id='word_1_260' title='bbox 457 3306 495 3350; x_wconf 91' lang='lat' dir='ltr'>eo</span> <span class='ocrx_word' id='word_1_261' title='bbox 513 3283 597 3349; x_wconf 90' lang='lat' dir='ltr'>bella</span> <span class='ocrx_word' id='word_1_262' title='bbox 619 3282 692 3347; x_wconf 93' lang='lat' dir='ltr'>duci</span> <span class='ocrx_word' id='word_1_263' title='bbox 714 3293 880 3369; x_wconf 86' lang='lat' dir='ltr'>temptata,</span> <span class='ocrx_word' id='word_1_264' title='bbox 908 3285 949 3348; x_wconf 89' lang='lat' dir='ltr'>ad</span> <span class='ocrx_word' id='word_1_265' title='bbox 969 3284 1095 3349; x_wconf 89' lang='lat' dir='ltr'>Hanni-</span> 
     </span>
     <span class='ocr_line' id='line_1_33' title="bbox 86 3378 1095 3463; baseline -0.005 -15"><span class='ocrx_word' id='word_1_266' title='bbox 86 3381 169 3448; x_wconf 87' lang='lat' dir='ltr'>dem</span> <span class='ocrx_word' id='word_1_267' title='bbox 197 3378 385 3444; x_wconf 90' lang='lat' dir='ltr'>trahendum</span> <span class='ocrx_word' id='word_1_268' title='bbox 411 3402 451 3444; x_wconf 86' lang='lat' dir='ltr'>ex</span> <span class='ocrx_word' id='word_1_269' title='bbox 471 3379 566 3444; x_wconf 90' lang='lat' dir='ltr'>Italia</span> <span class='ocrx_word' id='word_1_270' title='bbox 590 3378 904 3463; x_wconf 86' lang='lat' dir='ltr'>transferendumque</span> <span class='ocrx_word' id='word_1_271' title='bbox 927 3389 960 3444; x_wconf 92' lang='lat' dir='ltr'>et</span> <span class='ocrx_word' id='word_1_272' title='bbox 984 3378 1095 3444; x_wconf 89' lang='lat' dir='ltr'>finien-</span> 
     </span>
     <span class='ocr_line' id='line_1_34' title="bbox 86 3474 1128 3561; baseline -0.005 -18"><span class='ocrx_word' id='word_1_273' title='bbox 86 3499 138 3543; x_wconf 84' lang='lat' dir='ltr'>rm</span> <span class='ocrx_word' id='word_1_274' title='bbox 156 3475 194 3540; x_wconf 90' lang='lat' dir='ltr'>in</span> <span class='ocrx_word' id='word_1_275' title='bbox 211 3475 324 3540; x_wconf 87' lang='lat' dir='ltr'>Africa</span> <span class='ocrx_word' id='word_1_276' title='bbox 340 3475 459 3541; x_wconf 90' lang='lat' dir='ltr'>bellum</span> <span class='ocrx_word' id='word_1_277' title='bbox 477 3498 511 3540; x_wconf 93' lang='lat' dir='ltr'>se</span> <span class='ocrx_word' id='word_1_278' title='bbox 530 3474 677 3551; x_wconf 86' lang='lat' dir='ltr'>transire,</span> <span class='ocrx_word' id='word_1_279' title='bbox 705 3475 834 3561; x_wconf 89' lang='lat' dir='ltr'>vulgata</span> <span class='ocrx_word' id='word_1_280' title='bbox 851 3485 928 3539; x_wconf 92' lang='lat' dir='ltr'>erat.</span> <span class='ocrx_word' id='word_1_281' title='bbox 963 3495 1094 3539; x_wconf 92' lang='lat' dir='ltr'>concur·</span> <span class='ocrx_word' id='word_1_282' title='bbox 1113 3493 1128 3538; x_wconf 77' lang='lat' dir='ltr'>a</span> 
     </span>
     <span class='ocr_line' id='line_1_35' title="bbox 86 3566 1095 3657; baseline -0.008 -19"><span class='ocrx_word' id='word_1_283' title='bbox 86 3581 146 3638; x_wconf 89' lang='lat' dir='ltr'>rat</span> <span class='ocrx_word' id='word_1_284' title='bbox 165 3569 208 3634; x_wconf 90' lang='lat' dir='ltr'>ad</span> <span class='ocrx_word' id='word_1_285' title='bbox 226 3571 441 3657; x_wconf 90' lang='lat' dir='ltr'>spectaculum</span> <span class='ocrx_word' id='word_1_286' title='bbox 459 3569 491 3633; x_wconf 92' lang='lat' dir='ltr'>in</span> <span class='ocrx_word' id='word_1_287' title='bbox 508 3580 635 3656; x_wconf 87' lang='lat' dir='ltr'>portum</span> <span class='ocrx_word' id='word_1_288' title='bbox 650 3569 752 3634; x_wconf 89' lang='lat' dir='ltr'>omnis</span> <span class='ocrx_word' id='word_1_289' title='bbox 771 3569 862 3634; x_wconf 90' lang='lat' dir='ltr'>turba</span> <span class='ocrx_word' id='word_1_290' title='bbox 874 3592 936 3635; x_wconf 93' lang='lat' dir='ltr'>non</span> <span class='ocrx_word' id='word_1_291' title='bbox 951 3566 1095 3632; x_wconf 89' lang='lat' dir='ltr'>habitan-</span> 
     </span>
     <span class='ocr_line' id='line_1_36' title="bbox 86 3659 1093 3750; baseline -0.008 -18"><span class='ocrx_word' id='word_1_292' title='bbox 86 3689 141 3732; x_wconf 76' lang='grc' dir='ltr'>ιω</span> <span class='ocrx_word' id='word_1_293' title='bbox 160 3664 257 3730; x_wconf 91' lang='lat' dir='ltr'>modo</span> <span class='ocrx_word' id='word_1_294' title='bbox 275 3664 437 3750; x_wconf 87' lang='lat' dir='ltr'>Lilybaei,</span> <span class='ocrx_word' id='word_1_295' title='bbox 465 3663 522 3729; x_wconf 86' lang='lat' dir='ltr'>sed</span> <span class='ocrx_word' id='word_1_296' title='bbox 544 3664 737 3750; x_wconf 90' lang='lat' dir='ltr'>legationum</span> <span class='ocrx_word' id='word_1_297' title='bbox 755 3663 895 3729; x_wconf 90' lang='lat' dir='ltr'>omnium</span> <span class='ocrx_word' id='word_1_298' title='bbox 916 3686 957 3728; x_wconf 91' lang='lat' dir='ltr'>ex</span> <span class='ocrx_word' id='word_1_299' title='bbox 975 3659 1093 3739; x_wconf 86' lang='lat' dir='ltr'>Sicilia,</span> 
     </span>
     <span class='ocr_line' id='line_1_37' title="bbox 86 3757 1094 3845; baseline -0.007 -20"><span class='ocrx_word' id='word_1_300' title='bbox 86 3781 143 3825; x_wconf 87' lang='lat' dir='ltr'>rae</span> <span class='ocrx_word' id='word_1_301' title='bbox 163 3757 207 3822; x_wconf 88' lang='lat' dir='ltr'>ad</span> <span class='ocrx_word' id='word_1_302' title='bbox 223 3760 480 3845; x_wconf 91' lang='lat' dir='ltr'>prosequendum</span> <span class='ocrx_word' id='word_1_303' title='bbox 499 3757 681 3845; x_wconf 89' lang='lat' dir='ltr'>Scipionem</span> <span class='ocrx_word' id='word_1_304' title='bbox 703 3758 798 3824; x_wconf 87' lang='lat' dir='ltr'>officii</span> <span class='ocrx_word' id='word_1_305' title='bbox 821 3779 917 3822; x_wconf 90' lang='lat' dir='ltr'>causa</span> <span class='ocrx_word' id='word_1_306' title='bbox 939 3777 1094 3822; x_wconf 88' lang='lat' dir='ltr'>convene·</span> 
     </span>
     <span class='ocr_line' id='line_1_38' title="bbox 86 3852 1093 3939; baseline -0.007 -20"><span class='ocrx_word' id='word_1_307' title='bbox 86 3864 134 3919; x_wconf 85' lang='lat' dir='ltr'>nt</span> <span class='ocrx_word' id='word_1_308' title='bbox 167 3864 200 3916; x_wconf 93' lang='lat' dir='ltr'>et</span> <span class='ocrx_word' id='word_1_309' title='bbox 228 3861 407 3939; x_wconf 87' lang='lat' dir='ltr'>praetorem</span> <span class='ocrx_word' id='word_1_310' title='bbox 437 3852 618 3939; x_wconf 87' lang='lat' dir='ltr'>provinciae</span> <span class='ocrx_word' id='word_1_311' title='bbox 649 3853 697 3917; x_wconf 94' lang='lat' dir='ltr'>M.</span> <span class='ocrx_word' id='word_1_312' title='bbox 724 3852 936 3939; x_wconf 90' lang='lat' dir='ltr'>Pomponium</span> <span class='ocrx_word' id='word_1_313' title='bbox 967 3859 1093 3915; x_wconf 86' lang='lat' dir='ltr'>secutae</span> 
     </span>
     <span class='ocr_line' id='line_1_39' title="bbox 86 3944 1126 4034; baseline 0 -21"><span class='ocrx_word' id='word_1_314' title='bbox 86 3955 200 4014; x_wconf 69' lang='lat' dir='ltr'>,erant</span> <span class='ocrx_word' id='word_1_315' title='bbox 245 3947 287 4011; x_wconf 94' lang='lat' dir='ltr'>ad</span> <span class='ocrx_word' id='word_1_316' title='bbox 313 3948 373 4014; x_wconf 92' lang='lat' dir='ltr'>hoc</span> <span class='ocrx_word' id='word_1_317' title='bbox 398 3947 554 4034; x_wconf 89' lang='lat' dir='ltr'>legiones,</span> <span class='ocrx_word' id='word_1_318' title='bbox 582 3969 663 4032; x_wconf 90' lang='lat' dir='ltr'>quae</span> <span class='ocrx_word' id='word_1_319' title='bbox 688 3947 721 4011; x_wconf 91' lang='lat' dir='ltr'>in</span> <span class='ocrx_word' id='word_1_320' title='bbox 745 3944 853 4012; x_wconf 88' lang='lat' dir='ltr'>Sicilia</span> <span class='ocrx_word' id='word_1_321' title='bbox 873 3944 1126 4031; x_wconf 72' lang='lat' dir='ltr'>relinquebant</span> 
     </span>
    </p>
   </div>
   <div class='ocr_carea' id='block_1_3' title="bbox 86 4041 1094 4130">
    <p class='ocr_par' dir='ltr' id='par_1_5' title="bbox 86 4041 1094 4130">
     <span class='ocr_line' id='line_1_40' title="bbox 86 4041 1094 4130; baseline -0.005 -22"><span class='ocrx_word' id='word_1_322' title='bbox 86 4067 131 4122; x_wconf 76' lang='lat' dir='ltr'>rr,</span> <span class='ocrx_word' id='word_1_323' title='bbox 169 4041 211 4108; x_wconf 93' lang='lat' dir='ltr'>ad</span> <span class='ocrx_word' id='word_1_324' title='bbox 237 4043 476 4129; x_wconf 89' lang='lat' dir='ltr'>prosequendos</span> <span class='ocrx_word' id='word_1_325' title='bbox 508 4042 735 4109; x_wconf 89' lang='lat' dir='ltr'>commilitones</span> <span class='ocrx_word' id='word_1_326' title='bbox 766 4051 999 4130; x_wconf 86' lang='lat' dir='ltr'>processerant3</span> <span class='ocrx_word' id='word_1_327' title='bbox 1034 4060 1094 4106; x_wconf 91' lang='lat' dir='ltr'>nec</span> 
     </span>
    </p>
   </div>
   <div class='ocr_carea' id='block_1_4' title="bbox 0 0 1269 4514">
    <p class='ocr_par' dir='ltr' id='par_1_6' title="bbox 0 0 1269 4514">
     <span class='ocr_line' id='line_1_41' title="bbox 0 0 1269 4514; baseline 0 0"><span class='ocrx_word' id='word_1_328' title='bbox 0 0 1269 4514; x_wconf 95' lang='lat' dir='ltr'> </span> 
     </span>
    </p>
   </div>
  </div>
 </body>
</html>
