2528 4514
103 264 108 273 ·
148 225 214 291 364
372 236 490 290 LIBER
507 233 636 305 XXVII,
655 231 698 287 34.
708 230 750 287 ³5.
771 232 955 303 [1111546]

151 396 251 461 ferme
268 404 343 483 post
360 392 594 458 damnationem
613 415 695 458 anno
712 391 761 455 M.
781 388 938 456 Claudius
956 390 1149 458 Mareelluset

149 491 199 555 M.
216 489 365 558 Valerius
388 487 553 553 Laevinus
575 486 722 552 consules
744 487 961 552 redduxerant
982 508 1052 552 eum
1068 487 1100 551 iu
1116 510 1152 551 u·

150 585 238 663 bem3
267 583 324 649 sed
351 592 419 647 erat
444 592 533 647 veste
560 582 705 647 obsoleta
731 580 909 666 capilloque
931 590 966 646 et
991 580 1086 647 barba
1102 604 1155 668 pre

151 679 263 755 missa,
281 699 358 764 prae
377 699 411 741 se
429 676 534 741 ferens
552 676 586 740 in
599 675 688 740 vultu
701 674 875 758 habituque
888 673 1050 761 insignem
1064 697 1157 742 memo

118 771 231 843 eriam
256 770 449 857 ignominiae
472 781 629 856 acceptae.
674 769 715 833 L.
739 769 891 836 Veturius
918 779 954 834 et
978 769 1019 835 P.
1040 768 1174 853 Licinius¹

152 888 299 931 censores
319 888 392 929 eum
414 864 537 929 tonderi
559 874 592 929 et
614 863 792 947 squalorem
809 863 972 948 deponere
995 864 1078 928 etin
1093 886 1160 929 seua·

153 971 219 1024 tum
241 959 348 1025 venire
370 958 524 1045 fungique
546 958 615 1023 aliis
637 957 773 1044 publicis
795 956 983 1023 muneribus
1006 968 1160 1046 coegerant

119 1081 133 1127 7
154 1054 211 1119 sed
229 1063 296 1118 tum
314 1074 440 1136 quoque
463 1063 518 1116 aut
539 1052 636 1117 verbo
659 1051 896 1116 adsentiebatur
917 1062 977 1117 ant
997 1051 1160 1138 pedibusiu

154 1147 342 1212 sententiam
358 1147 439 1225 ibat,
458 1147 559 1212 donec
578 1145 706 1232 cognati
722 1144 860 1210 hominis
879 1168 955 1210 eum
973 1142 1161 1211 causaMud

152 1241 240 1305 Livii
256 1241 393 1318 Macati,
420 1262 492 1305 cum
509 1240 596 1305 fama
613 1240 681 1305 eius
704 1249 865 1326 ageretur,
894 1250 1037 1306 stantem
1054 1238 1162 1326 cogitio

119 1359 135 1406 8
155 1345 267 1399 senatu
285 1335 473 1399 sententiam
492 1334 605 1399 dicere.
650 1343 725 1398 tunc
743 1357 783 1399 ex
800 1343 889 1399 tanto
910 1333 1082 1400 intervallo
1098 1333 1163 1399 audi·

154 1438 205 1492 tus
224 1427 379 1493 convertit
396 1450 453 1493 ora
469 1427 632 1494 hominum
649 1428 683 1491 in
702 1451 751 1505 se,
775 1449 972 1511 causamque
990 1427 1163 1494 sermonibus

153 1522 311 1608 praebuit,
333 1521 464 1608 indigno
481 1522 628 1587 iniuriam
648 1545 666 1586 a
683 1523 800 1608 populo
819 1522 939 1586 factam
957 1518 1163 1610 magnoqueid

155 1616 270 1680 damno
288 1615 402 1693 fuisse,
430 1616 516 1699 quod
537 1625 602 1680 tam
625 1616 716 1702 gravi
737 1616 820 1681 bello
842 1637 902 1681 nec
920 1638 1023 1702 opera
1039 1637 1097 1681 nec
1110 1636 1163 1681 eon·

120 1734 135 1780 9
155 1708 225 1774 silio
243 1709 314 1773 talis
333 1709 392 1773 viri
410 1732 469 1774 usa
485 1732 537 1774 res
554 1709 682 1796 publiea
699 1720 798 1775 esset:
827 1706 866 1774 O.
884 1709 1008 1776 Neroni
1026 1704 1162 1795 nequeo,

154 1802 291 1868 Fabium
321 1824 424 1887 neque
454 1803 503 1868 M.
530 1804 695 1872 Valerium
720 1804 901 1869 Laevinum
937 1804 1010 1869 dari
1040 1803 1163 1890 corlegen

105 1922 137 1968 10
154 1921 265 1985 posse,
292 1899 367 1982 quia
389 1899 468 1965 duos
491 1899 640 1986 patricios
668 1899 767 1964 creari
789 1922 853 1965 non
879 1899 1001 1965 liceret.
1056 1897 1163 1964 eandeu

156 2014 284 2057 causam
301 1993 391 2057 in‘r.
408 1993 533 2059 Manlio
552 2016 637 2071 esse,
664 1984 886 2081 praeterquam
903 1993 992 2076 quod
1009 1998 1163 2059 recusasset

156 2086 296 2151 delatum
313 2089 513 2153 consulatum
529 2098 795 2171 recusaturusque
813 2097 908 2152 esset.
947 2087 1110 2174 egregium
1121 2104 1164 2171 per

156 2181 321 2245 consulum
343 2183 425 2259 fore,
454 2183 481 2246 si
502 2182 551 2246 M.
574 2182 705 2246 Idvium
724 2179 763 2246 C.
783 2179 918 2246 Claudio
943 2181 1107 2268 conlegam
1123 2176 1164 2241 sd·

105 2297 136 2343 11
155 2274 342 2341 iunxissent.
377 2298 437 2341 nee
450 2277 587 2362 populus
600 2277 793 2341 mentionem
806 2276 874 2340 eius
884 2275 931 2339 rei
945 2286 1052 2341 ortam
1061 2298 1080 2340 a
1090 2271 1163 2361 patri-

106 2390 137 2436 11
156 2370 216 2435 bus
227 2380 276 2435 est
285 2381 481 2457 aspernatus.
509 2393 591 2434 unus
601 2393 673 2434 eam
681 2392 748 2435 rem
761 2370 795 2433 in
805 2369 932 2433 civitate
945 2370 985 2448 is,
1001 2369 1054 2434 cui
1066 2368 1163 2433 defere-

157 2465 249 2529 batur
265 2464 381 2542 honos,
401 2465 573 2541 abnuebat,
592 2464 753 2529 levitatem
770 2463 905 2528 civitat-is
926 2484 1096 2529 accusans:
1115 2482 1164 2527 sot·

156 2557 254 2622 didati
275 2559 322 2623 rei
348 2581 412 2624 non
434 2558 590 2623 miseritos
614 2557 780 2623 candidam
803 2567 910 2643 togam
933 2557 1037 2624 invito
1059 2557 1162 2629 offerta

105 2672 137 2720 13
156 2652 268 2717 eodem
290 2652 426 2718 honores
449 2673 631 2736 poenasque
654 2650 791 2737 congeri.
837 2651 865 2714 si
886 2651 1011 2715 bonum
1030 2651 1163 2721 ducerent,

156 2744 232 2827 quid
249 2745 294 2808 ita
310 2768 368 2832 pro
385 2745 482 2811 noxio
500 2746 723 2810 damnassent?
755 2745 782 2808 si
798 2745 931 2809 noxium
949 2744 1162 2831 comperissent,

156 2838 232 2921 quid
248 2839 292 2903 ita
310 2840 392 2905 male
411 2840 529 2905 credito
546 2840 651 2926 priore
669 2839 834 2905 consulatu
852 2839 989 2902 alterum
1008 2832 1162 2904 crederent?

105 2950 138 2997 14
157 2931 236 2996 haec
254 2933 390 3018 taliaque
409 2944 594 3020 arguentem
613 2945 644 2999 et
658 2943 841 3017 querentem
855 2933 1061 3018 castigabant
1071 2941 1160 3020 pauet,

156 3036 188 3090 et.
204 3026 253 3091 M.
272 3028 404 3092 Furium
430 3038 640 3093 memorantes
662 3036 845 3092 revocatum
867 3025 907 3090 de
932 3025 1030 3092 exilio
1056 3023 1160 3113 panim

155 3121 281 3207 pulsam
299 3123 374 3186 sede
393 3145 451 3186 sua
468 3122 657 3187 restituisse:
689 3132 725 3185 ut
741 3119 920 3206 parentium
939 3121 1113 3195 saevitiam,
1128 3112 1159 3179 sit

106 3233 138 3280 15
155 3215 276 3300 patriae
293 3216 443 3302 patiendo
462 3237 499 3280 ae
512 3215 642 3281 ferendo
655 3215 835 3279 leniendam
848 3236 931 3280 esse.
960 3214 1066 3280 adnisi
1077 3226 1157 3279 omne!

156 3330 228 3374 cum
247 3307 286 3375 Ο.
306 3308 441 3376 Claudio
458 3309 507 3374 M.
526 3310 658 3373 Livium
675 3308 838 3374 consulem
855 3308 1014 3373 fecerunt.

123 3422 136 3468 1
220 3403 374 3472 XXXV.
417 3403 498 3469 Post
516 3403 600 3468 diem
618 3403 744 3468 tertium
762 3402 829 3466 eius
849 3401 911 3466 diei
935 3414 1108 3488 praetorum
1122 3414 1155 3459 ω·

156 3496 245 3560 mitia
269 3497 387 3563 habita.
431 3507 593 3583 praetores
620 3496 717 3561 creati
742 3496 784 3560 L.
807 3495 943 3561 Porcius
970 3494 1110 3568 Licinus,
1129 3482 1154 3551 ὓ
1192 3548 1198 3571 .,

155 3589 335 3668 Mamilius,
364 3589 402 3656 C.
423 3601 455 3655 et
470 3591 514 3655 A.
532 3590 664 3669 Hostilii
683 3588 833 3656 Catones.
879 3589 1018 3656 comitiis
1039 3577 1154 3676 perfecit
1186 3618 1198 3677 Ι)

155 3684 301 3769 ludisque
324 3685 415 3750 factis
439 3685 572 3750 dictator
598 3695 630 3750 et
655 3684 806 3770 magister
832 3683 975 3766 equitum
1001 3681 1153 3769 magistrae
1190 3714 1198 3757 ³

122 3779 310 3849 subierunt.
356 3777 395 3846 C.
414 3779 582 3844 Terentius
599 3780 703 3847 Varro
724 3779 758 3841 in
778 3777 942 3842 Etruriam
962 3800 1023 3864 pro
1044 3780 1154 3863 praetet

156 3873 291 3951 missus,
318 3884 354 3938 ut
380 3896 420 3938 ex
447 3896 486 3938 ea
510 3873 673 3959 provincia
700 3869 739 3937 C.
761 3871 922 3936 Hostilius
945 3853 1154 3936 Tarentumd

157 3988 231 4030 eum
249 3967 421 4033 exercitum
437 3967 511 4044 iret,
534 3988 629 4050 quem
646 3965 685 4030 T.
704 3963 874 4046 Quinctius
893 3964 1007 4030 consul
1024 3958 1154 4028 habrae
1195 4046 1198 4051 1
