2528 4530
138 222 206 291 1⁷8
367 233 754 308 LIBER.XX1111,·14.15.
771 235 959 309 [cason]

141 396 242 462 linum
277 393 508 482 temptandum,
543 393 629 478 quod
662 392 820 479 praesidio
845 391 970 462 Punico
1005 395 1115 464 teneba

142 491 245 573 venit3
270 502 304 558 et
319 490 363 557 ad
378 489 596 558 Beneventum
614 488 701 554 velut
722 510 763 554 ex
784 490 959 575 composito
976 501 1069 578 parte
1086 493 1115 559 al

142 585 262 653 Hanno
280 584 450 651 exBruttls
468 606 541 649 cum
559 605 675 670 magna
692 582 835 670 peditum
852 583 1059 670 equitumque
1075 611 1115 653 rm

109 699 125 746 2
142 681 241 748 altera
258 679 309 746 Ti.
326 675 493 745 ‘Gracchus
512 677 552 743 ab
574 678 713 743 Luceria
736 677 878 743 accessit
923 680 980 764 qui
1000 682 1105 766 primo

142 775 253 864 pidum
270 773 412 852 intravit,
431 772 559 850 deinde,
577 781 614 836 ut
630 771 824 837 Hannonem
841 771 902 837 tria
918 774 1006 839 milia
1024 775 1115 841 ferme

142 869 221 937 urbe
243 869 286 935 ad
303 866 450 935 Calorem
471 867 605 933 fluvium
627 875 731 935 castra
751 866 897 953 posuisse
919 878 952 932 et
972 869 1048 935 inde
1070 893 1115 956 ag

142 963 288 1052 populari
308 961 443 1039 audivit,
470 970 502 1025 et
523 961 592 1047 ipse
615 982 763 1048 egressus
786 961 951 1028 moenibus
973 962 1060 1029 mille
1082 964 1115 1029 fe:

142 1081 258 1148 passus
276 1056 317 1123 ab
334 1055 426 1123 hoste
443 1065 547 1121 castra
568 1055 661 1121 locat.
704 1054 750 1121 ibi
772 1056 949 1122 contionem
972 1058 1107 1124 militum

109 1168 125 1216 3
143 1154 221 1221 buit
257 1152 399 1240 legiones
415 1173 534 1238 magna
551 1172 592 1216 ex
608 1158 697 1237 parte
710 1149 861 1215 volonum
873 1150 1026 1232 habebat,
1044 1153 1115 1238 qui:

141 1248 275 1315 alterum
297 1267 417 1312 annum
438 1245 615 1311 libertatem
641 1243 734 1310 tacite
759 1245 873 1311 mereri
898 1268 994 1329 quam
1020 1247 1115 1333 poetri

141 1343 247 1430 palam
263 1341 449 1407 maluerant.
476 1348 618 1406 senserat
635 1347 740 1405 tamen
757 1337 897 1405 hibernis
915 1341 1080 1427 egrediens
1092 1364 1115 1406 n

140 1459 214 1503 mur
228 1436 264 1501 in
280 1434 407 1522 agmine
425 1455 496 1500 esse
513 1433 745 1518 quaerentium,
763 1455 805 1498 en
821 1453 973 1518 umquam
991 1433 1081 1500 liberi
1095 1459 1115 1499 n

106 1547 125 1593 4
141 1528 238 1597 taturi
254 1537 375 1606 essent,
403 1527 634 1614 scripseratque
652 1525 775 1592 senatui
797 1549 862 1592 non
878 1536 945 1592 tam
961 1527 1040 1611 quid
1056 1528 1115 1594 desi

141 1632 261 1703 rarent,
279 1644 375 1708 quam
393 1621 470 1707 quid
490 1621 692 1686 meruissent:
711 1619 795 1686 bona
812 1620 948 1707 fortique
962 1643 1058 1708 opera
1070 1645 1115 1688 eor

143 1741 177 1786 se
199 1718 241 1784 ad
262 1739 334 1783 eam
356 1715 441 1781 diem
462 1738 571 1793 usum,
598 1736 701 1800 neque
722 1715 764 1780 ad
781 1716 962 1802 exemplum
978 1715 1055 1782 iusti
1070 1715 1115 1781 mil

108 1828 124 1876 5
142 1812 311 1896 quicquam
330 1809 376 1876 eis
393 1818 517 1896 praeter
533 1807 710 1875 libertatem
727 1809 849 1875 deesse.
875 1810 915 1874 de
934 1830 972 1875 eo
988 1808 1115 1896 permiss

140 1905 205 1992 ipsi
223 1915 303 1982 erat,
329 1903 448 1971 faceret
465 1904 586 1987 quode
603 1926 638 1968 re
655 1902 783 1991 publica
799 1903 928 1972 duceret
944 1926 1027 1971 esse.
1072 1904 1115 1971 ita

141 1998 326 2088 priusquam
343 2019 417 2063 cum
433 1997 525 2064 hoste
543 2020 671 2062 manum
686 2007 872 2077 consereret,
890 1999 1115 2085 pronuntiata

142 2116 203 2181 pus
216 2091 343 2159 venisse
356 2091 403 2158 eis
416 2090 583 2170 libertatis,
601 2114 697 2177 quam
710 2091 766 2157 diu
780 2102 975 2179 sperassent,
998 2092 1115 2180 potiune'

109 2203 124 2252 6
143 2197 270 2274 postero
292 2185 344 2252 die
367 2185 466 2275 siguis
489 2184 621 2252 conlatis
643 2185 864 2253 dimicaturum
890 2209 969 2272 puro
996 2210 1036 2254 ac
1060 2197 1115 2274 pat<

141 2304 269 2370 campo,
299 2279 355 2346 ubi
378 2281 445 2346 sine
467 2281 532 2346 ullo
553 2280 739 2346 insidiarum
761 2290 848 2347 metu
874 2303 950 2346 vera
975 2282 1115 2368 virtutes

109 2395 123 2440 r
140 2399 193 2445 res
209 2384 329 2464 posset
374 2374 429 2459 qui
447 2385 542 2461 caput
558 2374 659 2441 hostis
676 2374 848 2453 retulisset,
876 2396 949 2441 eum
967 2398 1003 2441 se
1020 2386 1115 2442 extem

141 2471 276 2538 liberum
292 2470 454 2537 iussurum
471 2491 557 2548 esse,
584 2469 639 2554 qni
655 2467 728 2535 loco
745 2468 908 2548 cessisset,
930 2469 964 2534 in
981 2491 1057 2536 eum
1073 2493 1115 2536 ser

107 2563 297 2653 ssupplicio
331 2564 638 2643 animadversurum
676 2587 767 2629 suam
802 2563 916 2649 cuique
951 2563 1108 2632 fortunam

143 2681 240 2725 manu
265 2679 346 2725 esse.
390 2657 542 2724 libertatis
569 2667 729 2724 auctorem
755 2658 800 2724 eis
826 2681 890 2724 non
916 2680 952 2724 se
974 2659 1043 2726 fore
1067 2658 1115 2726 sol

144 2751 202 2817 sed
218 2751 381 2828 consulem
398 2750 446 2816 M.
464 2750 667 2830 Marcellum,
694 2760 743 2819 set
761 2752 927 2819 universos
948 2763 1072 2839 patres,
1096 2775 1115 2838 q

109 2861 124 2908 9
144 2845 303 2911 consultos
320 2844 362 2911 ab
380 2868 415 2911 se
433 2846 473 2911 de
486 2844 629 2912 libertate
643 2867 752 2911 eorum
766 2847 827 2913 sibi
839 2847 1033 2934 permisisse.
1060 2849 1115 2915 litt<

142 2939 216 3005 inde
243 2938 381 3006 consulis
407 2963 445 3006 ae
471 2949 598 3007 senatus
626 2941 804 3007 consultum
828 2941 981 3009 recitavit.
1030 2944 1073 3010 ad
1095 2963 1115 3026 q¹

144 3032 263 3100 clamor
280 3054 352 3099 cum
373 3033 495 3122 ingenti
515 3035 685 3102 adsensust
707 3034 860 3102 sublatus.
904 3058 1048 3124 pugnam
1070 3058 1115 3124 pot

143 3126 221 3194 bant
245 3127 435 3216 signumque
464 3137 501 3194 ut
529 3129 618 3196 daret
649 3129 807 3217 extemplo
837 3130 984 3198 ferociter
1009 3130 1115 3199 mean

93 3239 126 3287 10
145 3218 310 3290 Gracchus
326 3221 445 3310 proelio
460 3222 496 3289 in
511 3233 673 3310 posterum
690 3223 774 3289 diem
786 3225 987 3311 pronuntiato
1000 3227 1115 3293 contion

145 3315 272 3383 dimisit.
316 3316 431 3385 milites
451 3315 540 3397 laeti,
566 3318 734 3406 praecipue
756 3317 871 3403 quibus
897 3341 1021 3387 merces
1047 3341 1115 3386 nava

143 3411 178 3477 in
202 3434 301 3478 unum
326 3412 411 3480 diem
436 3435 550 3500 operae
575 3413 703 3481 libertas
730 3414 836 3482 futura
857 3425 938 3494 erat,
965 3418 1063 3485 armis
1083 3439 1115 3483 ex

144 3505 268 3573 diendis
285 3506 349 3573 diei
364 3506 495 3575 relicum
512 3518 712 3576 consumunt.

112 3617 126 3664 1
208 3598 288 3667 XV.
331 3599 464 3669 Postero
486 3601 538 3669 die
555 3603 610 3670 ubi
628 3603 720 3691 signa
737 3615 907 3690 coeperunt
925 3626 1055 3686 eanme,
1084 3626 1115 3693 pt

146 3695 287 3761 omnium
315 3694 418 3782 parati
446 3697 650 3782 instructique
681 3698 722 3764 ad
752 3698 944 3784 praetorium
978 3698 1115 3768 convenit

146 3788 212 3855 sole
238 3798 308 3856 orto
326 3786 490 3859 Gracchus
514 3791 550 3856 in
574 3791 675 3858 aciem
700 3791 808 3879 copias
830 3792 946 3859 educit
989 3816 1051 3861 nec
1071 3794 1115 3861 ho

112 3900 128 3948 2
146 3905 267 3950 moram
284 3883 454 3951 dimicandi
471 3886 622 3954 fecerunt
666 3885 777 3953 decem
793 3896 917 3973 septem
932 3887 1021 3955 milia
1038 3886 1115 3976 pedit

147 3986 248 4058 erant,
274 3979 414 4047 maxima
435 4003 475 4047 ex
495 3990 584 4070 parte
600 3981 707 4049 Brutti
726 4002 765 4049 ao
781 3981 924 4065 Lucani3
948 3982 1073 4071 equites
1094 4003 1115 4049 n
